4086 6166
321 233 438 290 499

316 457 595 528 Spiritum
621 458 914 521 sanctum,
940 451 1102 522 quasi
1122 450 1454 506 columbam
1489 466 1663 521 super
1682 453 1857 520 caput
1887 449 2029 504 Gre-

318 545 464 617 gorii
515 544 844 608 tractantis,
896 543 1216 606 sedentem,
1261 549 1510 594 rostrum
1552 556 1722 594 suum
1757 540 1840 593 ori
1872 538 2031 593 illius

321 637 700 690 inserentem.
735 633 804 687 Et
835 631 945 685 hoc
977 632 1166 701 ipsum
1215 627 1414 683 Petrus
1446 630 1551 683 hac
1583 629 1910 683 conditione
1948 629 2032 682 fe-

320 728 418 787 cit,
455 731 518 781 ut
548 725 596 780 si
623 732 742 795 post
776 723 993 776 factum
1027 720 1449 789 jusjurandum
1471 718 1665 774 statim
1694 722 2029 781 moreretur,

324 815 569 870 Romani
601 830 634 868 a
675 811 837 867 libris
873 808 1128 879 Gregorii
1162 807 1573 862 comburendis
1619 811 1948 873 cessarent;
1984 807 2032 861 si

324 922 439 960 non
477 908 821 968 moreretur,
870 902 994 970 ipse
1027 899 1201 953 etiam
1243 897 1717 953 combustoribus
1749 897 2030 952 librorum

327 1011 536 1050 manus
568 995 747 1047 daret.
781 992 869 1046 Sic
894 991 1092 1043 Petrus
1123 989 1274 1042 inter
1303 988 1809 1056 verbajuramenti
1842 987 2030 1055 exspi-

323 1088 491 1151 ravit,
527 1090 582 1138 et
606 1083 1001 1137 Romanorum
1031 1079 1262 1132 insania
1293 1080 1554 1133 cessavit.
1585 1079 1714 1141 Quae
1748 1077 2035 1146 scriptura

318 1173 657 1244 Gregorium
709 1176 829 1225 tam
874 1168 1212 1231 illustravit,
1260 1183 1436 1237 quam
1484 1167 1626 1220 illud
1666 1166 1818 1236 quod
1869 1164 2032 1219 Anti-

322 1263 666 1334 phonarium
686 1259 939 1330 regulari
962 1258 1187 1313 musica
1211 1256 1608 1311 modulatione
1627 1254 2032 1321 centonizavit,

321 1357 380 1406 et
410 1351 641 1406 scholas
687 1355 994 1404 cantorum
1037 1347 1096 1400 in
1130 1349 1391 1400 Romana
1430 1345 1680 1400 Ecclesia
1711 1344 2031 1399 constituit.

323 1486 555 1542 Honorii
597 1480 1100 1554 Augurtodunensis
1147 1481 1247 1548 (α),
1283 1479 1346 1534 de
1377 1479 1752 1549 Scriptoribus
1783 1479 2035 1534 ecclesia-

1103 1573 1275 1626 sticis.

397 1712 727 1784 Gregorius,
818 1715 1090 1766 Romanis
1194 1708 1356 1762 urbis
1445 1708 1772 1778 episcopus,

325 1821 468 1860 num
521 1805 700 1860 sancti
754 1802 1024 1870 Spiritus,
1064 1800 1538 1872 incomparabilis
1582 1799 1857 1854 omnibus
1908 1799 2031 1852 suis

326 1893 876 1965 praedecessoribus,
914 1891 1100 1945 multa
1150 1907 1266 1961 prae
1324 1888 1444 1944 sole
1475 1888 1771 1958 praeclara,
1812 1903 1877 1941 ac
1919 1903 2034 1958 prae

328 1983 522 2038 obrizo
553 1999 694 2036 auro
744 1982 997 2051 pretiosa
1027 1981 1277 2050 scripsit.
1315 1979 1390 2033 Ad
1423 1976 1822 2047 supradictum
1855 1976 2034 2031 Joan-

327 2088 486 2138 nem,
537 2068 889 2125 Pastoralem
934 2067 1270 2134 Curam;ad
1313 2067 1640 2121 Leandrum
1682 2065 2037 2136 episcopum,

329 2162 538 2216 librum
583 2160 692 2214 Job
739 2160 975 2228 triginta
1019 2159 1279 2229 quinque
1309 2156 1701 2211 voluminibus
1730 2155 1884 2224 largo
1916 2154 2032 2209 elo-

331 2251 582 2323 quentia?
615 2251 772 2304 fonte
791 2249 1089 2318 explicavit
1119 2267 1133 2316 ;
1160 2247 1463 2318 Dialogum
1494 2249 1562 2300 de
1587 2244 1882 2300 miraculis
1904 2261 2039 2300 san-

333 2347 558 2396 ctorum
592 2340 659 2393 ad
688 2338 923 2392 Petrum
951 2339 1422 2393 archidiaconum
1452 2353 1463 2403 ;
1497 2335 1884 2406 quadraginta
1913 2351 2037 2390 ora-

335 2430 466 2485 cula
507 2427 966 2499 Evangeliorum,
1013 2426 1089 2496 (b)
1138 2426 1256 2480 imo
1296 2431 1480 2481 totum
1539 2430 1758 2479 textum
1795 2431 2040 2494 quatuor

335 2516 806 2587 Evangeliorum,
839 2514 1300 2582 sermocinando,
1336 2513 1546 2584 populo
1579 2513 1913 2584 exposuisse
1944 2511 2042 2566 di-

336 2608 522 2672 citur;
557 2610 614 2660 et
642 2603 846 2675 viginti
877 2602 1157 2659 Homilias
1191 2604 1247 2658 in
1282 2602 1659 2666 Ezechielem,
1694 2606 1748 2656 et
1781 2601 2040 2655 inﬁnitas

334 2694 629 2767 epistolas,
681 2709 928 2764 quarum
971 2692 1234 2748 collectio
1267 2691 1597 2763 Registrum
1643 2689 1874 2746 dicitur.
1909 2689 2042 2744 Flo-

329 2787 448 2841 -ruit
469 2785 578 2839 sub
605 2783 900 2839 Mauricio.

434 2929 488 3000 a)
534 2928 748 2982 Floruit
778 2926 988 2982 saeculo
1020 2943 1097 2981 xu
1128 2927 1250 2994 jam
1285 2926 1504 2981 adulto.

409 2930 486 3070 Eb)
522 2999 600 3052 De
635 2999 722 3053 bis
757 3001 874 3066 lege
907 3015 1030 3068 quae
1067 3000 1218 3052 intra
1249 2998 1320 3052 ad
1351 2997 1493 3054 Joau

438 2996 497 3081 ὁ).
522 2999 600 3052 De
635 2999 722 3095 bis
757 3001 874 3066 lege
907 3015 1030 3078 qua:
1067 3000 1218 3052 intra
1249 2998 1320 3052 ad
1351 2997 1514 3054 Joau.
1548 2997 1857 3052 Trithemii
1889 2996 2046 3052 testi-
2075 3029 2116 3095 C

341 3072 605 3126 monium
640 3071 1090 3125 observavimus.

436 3144 484 3211 ε)
519 3140 735 3195 Floruit
763 3141 998 3196 ineunte
1029 3139 1238 3196 saeculo
1257 3157 1372 3196 xvr.

436 3213 489 3281 ct)
516 3213 692 3281 Hujus
725 3212 1150 3283 explanationis
1174 3212 1400 3266 codices
1419 3213 1564 3267 duos
1593 3211 1730 3266 Mss.
1751 3227 2040 3266 annorum

341 3286 444 3340 900
467 3285 836 3339 invenimus:
876 3299 1082 3351 unum,
1107 3283 1419 3352 ipsumque
1459 3283 1890 3354 elegantissime
1913 3298 2046 3338 con-

342 3358 647 3426 scriptum,
689 3357 744 3410 in
794 3355 947 3426 regia
987 3354 1385 3426 Bibliotheca;
1421 3353 1664 3409 alterum
1716 3370 1866 3419 vero,
1927 3371 2041 3426 non

339 3429 421 3482 ita
463 3424 737 3482 accurate
780 3424 1100 3492 exaratum,
1132 3426 1191 3478 in
1243 3424 1513 3480 Bibliotb.
1549 3427 1725 3488 Bigol.
1769 3441 1902 3479 cum
1938 3425 2044 3480 hoc

339 3498 545 3554 titulo:
594 3501 789 3567 Incipit
831 3497 1100 3569 expositio
1138 3496 1438 3569 secundum
1497 3497 2041 3569 Matthxum..........

339 3588 372 3624 α
415 3577 594 3626 sancto
636 3568 1013 3638 Gregorio"...
1063 3568 1217 3625 Urbis
1265 3569 1462 3635 Rome,
1495 3568 1778 3624 Matthwus
1820 3568 1963 3623 sicut
1985 3571 2042 3622 in

1140 222 1549 283 PB/EFATIO
1597 223 1672 281 ΙΝ
1717 222 1776 280 S.
1825 219 2198 280 GllEGORll
2252 217 2522 279 LIBROS
2571 217 3020 280 MORALIUM.

319 364 728 431 interveniens,
788 362 1192 417 conﬁrmasset
1253 361 1638 429 jurejurando
1686 375 1748 414 se
1812 358 2108 424 vidisseA

3678 232 3777 292 500

2361 355 2427 424 (ε)
2467 357 2700 410 Joannis
2732 356 3038 422 Trithemii,
3073 357 3169 412 lib.
3200 356 3266 411 de
3298 357 3480 430 Script.
3507 363 3632 418 Eccl.

2213 443 2523 515 Gregorius
2557 463 2702 516 papa
2728 446 2973 516 primus,
3007 463 3073 501 ex
3107 446 3384 503 monacho
3407 451 3608 507 ordinis
3628 457 3789 512 sancti

2141 535 2456 602 Benedicti,
2482 537 2667 607 patria
2691 537 3010 604 Romanus,
3033 543 3168 609 post
3193 539 3474 611 Pelagium
3499 545 3790 614 pontiﬁcem

2142 625 2290 678 sedit
2340 626 2395 680 in
2459 626 2737 682 cathedra
2775 627 2924 682 Petri
2981 628 3150 682 annis
3201 629 3488 695 tredecim,
3527 635 3790 690 mensibus

2141 727 2270 781 sex;
2304 714 2390 768 vir
2411 715 2468 769 in
2501 715 2711 772 divinis
2739 717 3053 786 Scripturis
3075 716 3514 784 eruditissimus,
3543 727 3594 775 et
3621 722 3671 776 in
3700 739 3791 778 sas-

2141 804 2436 860 cularibus
2487 806 2695 860 litteris
2730 806 2924 877 utique
2985 807 3377 874 doctissimus,
3441 809 3799 881 theologorum

2144 892 2434 964 princeps,
2475 895 2752 964 splendor
2789 894 3294 966 philosOpborum,
3335 905 3385 952 et
3426 898 3695 955 rhetorum
3723 901 3804 956 lu-

2145 997 2312 1050 men;
2348 983 2462 1038 vita
2509 989 2564 1038 et
2595 985 3031 1040 conversatione
3073 987 3312 1057 integer,
3347 992 3514 1058 atque
3541 992 3810 1047 sanctissi-

2144 1088 2307 1126 mus:
2357 1073 2470 1138 cui,
2523 1073 2745 1127 divinas
2799 1075 3132 1145 Scripturss
3189 1075 3532 1146 explananti,
3588 1079 3808 1150 Spiritus

2143 1166 2381 1216 sanctus
2423 1162 2731 1232 aliquoties
2773 1163 2989 1218 visibili
3020 1168 3213 1236 specie
3246 1166 3524 1236 apparuit,
3555 1168 3706 1239 eique
3733 1187 3809 1224 ar-

2134 1268 2290 1306 cana
2357 1253 2766 1324 mysteriorum
2802 1255 3140 1309 eorumdem
3185 1255 3454 1310 invisibili
3513 1260 3809 1325 magisterio

2144 1345 2443 1399 reseravit.
2465 1343 2567 1398 Hic
2586 1344 2779 1399 Roma
2796 1347 2946 1416 apud
2976 1351 3246 1401 sanctum
3275 1350 3501 1402 Petrum
3537 1347 3718 1404 habita
3739 1366 3814 1419 sy-

2147 1434 2294 1486 nodo
2333 1433 2533 1503 viginti
2584 1439 2836 1504 quatuor
2865 1435 3296 1506 episcoporum,
3347 1436 3522 1492 multa
3552 1437 3614 1492 ad
3648 1438 3816 1494 Eccle-

2145 1524 2244 1576 siae
2280 1523 2595 1577 utilitatem
2646 1525 2975 1593 constituit,
3008 1530 3064 1579 et
3110 1527 3408 1581 decretum
3462 1528 3816 1584 immunitatis

2146 1613 2632 1667 monasteriorum
2701 1615 3108 1686 promulgavit.
3157 1617 3404 1688 Scripsit
3446 1623 3633 1675 autem
3675 1617 3820 1689 plura

1863 1723 2032 1779 orga—
2063 1709 2111 1774 Β
2144 1701 2468 1757 necessaria
2516 1701 2834 1769 volumina,
2869 1703 2939 1758 de
2981 1705 3198 1774 quibus
3251 1706 3516 1761 feruntur
3552 1707 3816 1777 subjecta:

2143 1794 2229 1846 Ad
2284 1792 2610 1847 Leandrum
2645 1793 3049 1864 Hispalensem
3097 1795 3276 1865 episc.
3334 1795 3623 1851 Moralium
3668 1797 3719 1850 in
3758 1796 3816 1850 li-

2218 1883 2385 1937 brum
2417 1884 2547 1938 Job.
2579 1883 2700 1938 Lib.
2735 1901 2900 1939 xxxv.
2933 1887 3081 1940 Inter
3105 1887 3308 1941 multo:
3338 1902 3495 1958 sepe.

2147 1973 2226 2028 De
2256 1973 2406 2028 Cura
2433 1974 2727 2043 pastorali.
2766 1975 2889 2029 Lib.
2925 1993 2987 2030 Il.
3022 1978 3332 2032 Pastoralis
3359 1991 3512 2034 cura?
3537 1993 3634 2032 me.

2150 2064 2514 2134 Dialogorum
2549 2066 2618 2119 de
2655 2065 2952 2121 miraculis
3002 2072 3360 2123 sanctorum.
3409 2068 3528 2123 Lib.
3580 2083 3649 2122 1v.
3696 2067 3821 2134 Qua-

2220 2153 2346 2206 dam
2372 2152 2462 2207 die
2492 2153 2680 2208 nimis.

2152 2244 2215 2298 In
2238 2243 2474 2298 Cantica
2504 2244 2883 2301 canticorum.
2925 2245 3042 2301 Lib.
3077 2263 3150 2300 iv.
3186 2247 3486 2318 Postquam
3523 2263 3561 2302 a
3586 2245 3821 2318 paradisi.

2149 2335 2212 2389 In
2275 2333 2627 2390 Ezechielem
2705 2335 3066 2407 prophetam.
3128 2336 3250 2392 Lib.
3323 2354 3386 2394 ιι.
3461 2337 3556 2392 Dei
3613 2335 3827 2404 omnipo-

2220 2423 2404 2479 tentis.

2152 2513 2416 2656 Hodmiliae
2447 2513 2885 2584 Evangeliorum
2918 2514 3030 2570 XL.
3065 2515 3182 2571 Lib.
3213 2533 3276 2572 Il.
3327 2518 3589 2574 Dominus
3641 2532 3698 2572 ac
3751 2516 3829 2570 Re-

2255 2604 2482 2656 emptor.

2255 2604 2482 2672 emptor.

2150 2691 2227 2762 (Α)
2261 2690 2596 2762 Explanatio
2620 2690 2692 2745 IV
2730 2691 3174 2764 Evangeliorum
3198 2693 3415 2750 brevis.
3445 2694 3567 2750 Lib.
3624 2709 3693 2748 IV.
3727 2691 3840 2746 Mat-

2225 2781 2398 2837 thaeus
2427 2781 2569 2834 sicut
2597 2783 2654 2834 in
2686 2781 2895 2835 ordine.

2154 2923 2283 2998 sitio
2316 2940 2429 2977 non
2456 2921 2672 2998 redolet
2693 2922 2982 2998 s_t_ylum‘S.
3006 2924 3175 2996 Greg.
3198 2925 3378 2998 Mag.,
3413 2927 3502 2982 cui
3519 2931 3704 2982 tamen
3725 2940 3840 2998 eam

2153 2997 2409 3049 tribuere
2447 2993 2674 3048 videtur
2704 2993 2993 3067 Honorius
3024 2993 3275 3067 August.
3299 2993 3445 3053 'cum
3477 3001 3545 3053 de
3575 2998 3694 3067 ipso
3727 2997 3838 3050 ait:

2158 3067 2554 3137 Quadraginta
2599 3066 2831 3120 oracula
2895 3066 3335 3138 Evangeliorum,
3388 3073 3500 3125 imo
3537 3066 3699 3125 totum
3741 3072 3842 3122 tex-

2157 3149 2270 3194 tum
2304 3145 2571 3221 .quatuon
2605 3138 3027 3221 Evangeliorum
3071 3141 3508 3221 sermocinandi)
3546 3141 3730 3221 popqu
3764 3153 3846 3221 ex:

2154 3211 2400 3282 posuisse
2422 3208 2662 3282 dicitur.
2695 3208 2837 3278 (Lib.
2863 3208 2929 3282 de
2960 3209 3331 3280 Scriptoribus
3365 3208 3560 3268 Eccles.
3595 3208 3651 3267 in
3683 3209 3841 3279 Greg.)

2151 3279 2551 3356 CodexBigot.
2582 3284 2685 3356 est
2732 3279 3007 3356 mutilus:
3045 3279 3178 3356 nam
3225 3285 3524 3356 expositio
3566 3285 3622 3356 in
3650 3282 3846 3338 Lucam

2153 3369 2296 3426 pene
2319 3353 2481 3407 deest
2511 3351 2758 3426 integra.
2791 3353 2935 3406 Huic
2969 3351 3346 3426 premittitur
3379 3355 3658 3426 expositio
3689 3358 3849 3426 Evane

2153 3421 2284 3496 gelii
2319 3421 3014 3496 secundumiJoannem;
3063 3425 3250 3481 l'orma
3301 3421 3524 3483 codicis
3569 3425 3851 3496 respondet

2154 3493 2377 3569 nostris
2399 3493 2891 3569 voluminibusin
2923 3500 3144 3569 octavo,
3165 3497 3300 3552 etin
3336 3500 3509 3555 dorso
3558 3493 3851 3569 superscri-

2154 3572 2316 3640 ptum
2366 3566 2920 3640 legiturzﬂomiliw
2963 3567 3019 3622 S.
3055 3572 3217 3638 Greg.
3255 3570 3559 3629 Concordia
3587 3566 3850 3625 mensium.

340 3643 530 3697 ordine
547 3641 783 3713 primus,
815 3648 923 3698 etc.
958 3643 1177 3713 Puncta
1205 3639 1298 3713 hic
1329 3643 1524 3694 notata
1547 3640 1855 3713 designant
1873 3641 2046 3694 verba

2154 3637 2339 3694 Conon
2351 3653 2401 3694 es
2432 3637 2824 3708 apostolorum.

341 3730 466 3784 quas
497 3710 578 3768 ita
598 3714 807 3768 abrasa
837 3721 993 3779 sunt,
1025 3717 1088 3768 ut
1129 3711 1238 3782 legi
1275 3728 1386 3766 non
1421 3710 1667 3781 possint.
1713 3711 1842 3767 Haec
1872 3727 2040 3782 expo-

669 3998 1569 4114 PIUEFATIO
1654 3997 1826 4105 ΙΝ
1921 3995 2522 4108 LIBROS
2610 3998 3552 4113 MORALIUM.

1900 4204 2314 4218 ﬂ

411 4331 966 4416 I.Gregorianorum
1026 4344 1262 4410 operum
1303 4324 1466 4416 povis
1499 4324 1652 4410 curis
1688 4341 1752 4381 ac
1785 4327 1956 4408 .typis
2013 4325 2378 4416 edendorum
2444 4324 2677 4416 initium
2725 4325 2995 4416 ducimus
3040 4345 3074 4410 a
3110 4330 3438 4416 Morplibus
3487 4331 3545 4387 in
3593 4332 3720 4414 Job,
3751 4345 3866 4410 pro:

381 4408 468 4459 ter
497 4396 902 4472 antiquitatem
933 4396 1283 4472 tum'Operis
1305 4400 1418 4468 (est
1446 4397 1603 4472 enim
1636 4396 1902 4472 omnium
1924 4414 2049 4470 qua:
2073 4404 2314 4452 sanctus
2341 4401 2544 4472 Doctor
2563 4396 2923 4472 elucubravit
2968 4400 3279 4472 primum),
3303 4409 3431 4457 tum
3465 4396 3718 4460 auctoris
3734 4396 3867 4458 sacri

381 4419 468 4459 ῐΘΓ
497 4419 902 4472 anttqmtatem
933 4419 1058 4455 tum
1091 4419 1122 4455 Ο
1169 4419 1283 4455 81⁵18
1305 4419 1418 4468 (δεῖ.
1446 4419 1603 4452 ϐΠΙῐΠ
1636 4419 1902 4453 omnium
1924 4419 2049 4470 qua:
2073 4419 2314 4452 sanctus
2341 4419 2544 4452 UOClOI‘
2563 4419 2923 4453 CIUCUDFEVII
2968 4419 3279 4472 primum),
3303 4419 3431 4457 tum
3465 4419 3718 4460 ΕΠΟῐΟΙῚΒ
3734 4419 3867 4458 Bac"

341 4419 533 4557 Eoc‘in
565 4473 978 4557 commentario
1021 4419 1323 4557 explicati;
1359 4486 1491 4525 cum
1519 4470 1664 4524 liber
1693 4470 1796 4525 Job
1827 4479 1924 4557 aut
1959 4472 2213 4557 Moysen,
2255 4474 2318 4524 ut
2341 4468 2612 4551 plerique
2659 4470 3082 4554 sentiunthaut
3116 4472 3329 4557 Moyse.
3358 4476 3868 4557 antiquiorempa-

340 4550 559 4602 rentem
596 4544 1008 4619 habeat_._Hanc
1025 4539 2099 4619 expositionemaggressusestnoster
2113 4539 2449 4619 _Gregorius,
2475 4557 2606 4595 cum
2630 4541 2996 4619 apocrisiarii
3022 4559 3119 4598 seu
3137 4539 3332 4619 _1egati
3358 4539 3526 4619 sedis
3558 4539 3868 4619 apostolicis

340 4616 846 4691 Constantinopoli
883 4615 1268 4691 provinciam_
1295 4613 1501 4691 obiret,
1538 4621 1598 4666 ut
1630 4616 1686 4666 in
1719 4613 1964 4691 epistola
2010 4616 2075 4668 ad
2113 4612 2440 4691 Leandrum
2484 4614 2742 4691 proxime
2802 4619 3104 4691 se_qu_en_t_e__
3130 4612 3321 4691 fusius
3364 4612 3654 4691 explicat;
3695 4622 3874 4691 postea

335 4705 472 4745 vero
533 4683 744 4758 majori
772 4683 900 4741 otio'
933 4687 1166 4758 potitus,
1202 4683 1273 4758 ad
1327 4684 1595 4758 incudem
1643 4683 1925 4758 revocavit
1953 4691 2036 4758 “et
2075 4684 2453 4758 retractavit;
2480 4684 2701 4758 _sicque
2739 4683 2956 4758 majori
3005 4685 3310 4756 diligentia
3361 4683 3579 4744 iterum
3634 4683 3871 4745 ac'tertio

335 4755 693 4826 recognitum
757 4776 790 4814 a
835 4755 1204 4813 sanctissimo
1241 4755 1700 4826 doctissimoque
1745 4757 1911 4811 Patre
1950 4755 2092 4809 illud
2134 4772 2281 4825 opus
2330 4755 2498 4824 (quod
2544 4755 2614 4809 de
2651 4756 2814 4810 nulla
2861 4757 2975 4811 alia
3011 4755 3139 4826 ejus
3180 4758 3598 4817 lucubratione
3627 4772 3863 4816 asserere

332 4825 501 4898 liceti
527 4838 590 4886 ut
634 4831 896 4886 numeris
923 4829 1198 4885 omnibus
1239 4825 1763 4898 absolutissimum,
1801 4828 2048 4896 priorem
2071 4826 2260 4881 locum
2294 4827 2493 4881 ordine
2517 4843 2745 4897 quoque
2775 4825 3076 4898 dignitatis
3113 4830 3318 4886 merito
3353 4837 3737 4889 consecutum
3768 4836 3864 4888 est.

405 4897 484 4961 In'
506 4921 573 4960 ea
604 4920 745 4959 sane
774 4901 1132 4981 expositione
1163 4914 1323 4968 aeque
1347 4897 1587 4981 copiosa
1635 4903 1690 4981 et
1718 4898 1986 4981 eleganti,
2025 4903 2254 4981 tantum
2287 4903 2523 4954 caeteros
2557 4897 2894 4981 scriptores.
2919 4901 3021 4970 qui
3053 4901 3264 4956 librum
3297 4903 3414 4958 Job
3447 4903 3861 4981 commentariis

332 4979 621 5032 illustrare
679 4969 1078 5046 conatisunt,
1139 4969 1450 5046 antecellit,
1484 4974 1769 5046 quantum
1821 4969 1879 5025 in
1929 4969 2252 5026 divinorum
2300 4969 3009 5046 arcanorumcognitionc
3040 4980 3093 5046 et
3162 4973 3868 5046 contemplatione,Cbri-

332 5053 534 5103 stianaa
567 5048 785 5102 ethices
818 5045 1062 5100 scientia
1092 5040 1816 5115 expet-ictitiaa_c_onjuncta,
1849 5057 2158 5111 rerumque
2182 5043 2769 5115 sacrarumgomnium
2802 5044 3024 5112 peritia,
3061 5045 3228 5115 longe
3259 5040 3538 5115 superior
3570 5040 3696 5104 fuit.
3729 5047 3871 5102 Adeo

332 5129 394 5174 ut
427 5121 517 5174 bis
539 5119 598 5172 in
633 5120 797 5174 libris
825 5109 1271 5173 refertissimum
1303 5109 1478 5186 simul
1509 5112 1831 5186 habeamus
1862 5109 2380 5186 armamentarium
2429 5112 2501 5186 ad
2549 5109 2944 5169 ecclesiastica
2993 5109 3263 5186 dogmata
3316 5109 3644 5175 astruenda
3669 5120 3868 5175 contir-

335 5194 686 5258 mandaque,
725 5200 776 5244 et
809 5189 1273 5260 copiosissimum
1304 5185 1375 5260 ad
1413 5199 1602 5260 mores
1631 5183 2000 5260 i_ns_t_ruendos
2039 5201 2105 5260 ac
2131 5184 2533 5260 informandus
2567 5187 3048 5260 promptuarium.

404 5261 472 5333 ll.
505 5254 709 5314 Statim
752 5254 906 5333 scrin
964 5261 1152 5315 lucem
1184 5257 1318 5313 editi
1359 5260 1498 5310 sunt
1529 5255 1658 5308 libri
1698 5254 1988 5333 illiquarn
2016 5256 2185 5333 avide
2217 5255 2708 5333 fuerintexcepli,
2737 5254 3102 5333 ’jubentibus
3143 5258 3318 5333 etiam
3377 5261 3678 5333 episcopis
3717 5265 3774 5316 ut
3801 5260 3862 5333 ad

335 5331 564 5401 vigilias
597 5347 790 5385 sacras
824 5332 1152 5401 legerentur
1201 5343 1498 5401 quamque
1573 5329 1806 5401 mgreiid
1831 5325 2057 5382 itulerit
2105 5325 2554 5401 Vlrﬂliumilitate
2608 5329 3144 5396 praestantissimus,
3187 5330 3313 5398 ipse
3347 5325 3459 5386 nos
3494 5325 3659 5387 docet
3691 5334 3744 5387 in
3766 5331 3868 5401 epi-

341 5398 491 5458 stola
523 5401 591 5454 ad
622 5398 905 5455 Joannem
933 5398 1357 5455 sutidiaconum
1394 5399 1699 5474 Ravennae,
1737 5399 1832 5474 his,
1872 5401 2092 5453 verbis:
2127 5422 2152 5445 ‹‹
2191 5398 2335 5474 illud
2362 5403 2554 5474 autem
2591 5401 2744 5474 quod
2776 5401 2850 5474 ad
2896 5417 2987 5454 me
3020 5402 3412 5474 quorumdam
3449 5403 3728 5460 relatione
3759 5398 3870 5474 per-

333 5475 516 5532 latum
539 5477 650 5537 est,
679 5475 816 5541 quia
848 5475 1365 5527 reverendissimus
1399 5472 1649 5545 frateret
1678 5473 2057 5545 coepiscopus
2091 5486 2256 5524 meus
2290 5469 2650 5545 Marinianus
2676 5469 3170 5545 legiucommenta
3221 5472 3368 5545 beati
3402 5474 3516 5528 Job
3552 5469 3778 5545 publica
3803 5472 3867 5528 ad

336 5547 564 5617 vigilias
613 5539 803 5610 faciat,
857 5559 969 5597 non
1002 5550 1160 5611 grate
1193 5541 1450 5612 suscepi,
1487 5543 1636 5617 quia
1659 5539 1884 5617 nonest
1912 5542 2057 5597 illud
2088 5559 2234 5613 opus
2260 5539 2573 5617 populare;
2609 5546 2664 5595 et
2697 5539 2942 5617 rudibus
2986 5543 3364 5617 auditoribus
3395 5539 3872 5616 impedimentum

336 5609 740 5755 illléglﬁzguam
783 5609 1115 5684 provectum
1165 5609 1641 5684 genereiretﬁSed
1694 5615 1787 5670 dic
1822 5616 1871 5671 ei
1924 5619 1988 5670 ut
2044 5609 2371 5669 commenta
2421 5611 2782 5670 Psalmorum
2816 5613 2925 5687 legi
2967 5616 3038 5672 ad
3073 5616 3297 5687 vigilias
3342 5609 3524 5673 faciat
3558 5641 3586 5667 »
3619 5619 3754 5690 (Lib.
3784 5631 3870 5684 xu,

335 5705 498 5761 epist.
523 5705 638 5755 ω).
