4086 6166
263 231 378 292 501
1087 231 1502 294 PR/EFATIO
1549 233 1625 292 ΙΝ
1672 235 1734 294 S.
1784 232 2154 297 GREGORII
2203 236 2478 298 LIBROS
2528 233 2960 298 MORALIUM.
3661 243 3786 302 502

332 364 420 446 ill.
458 364 918 446 Princonceptam
951 365 1020 446 de
1047 367 1518 446 sanctijGregorii
1562 370 2253 446 Moralibosopinionem
2287 373 2359 428 ad
2397 376 2658 446 posteros
2701 372 3099 446 propagatum,
3143 369 3391 446 majores
3423 388 3650 446 quoque
3683 391 3786 430 no-

256 437 358 489 stri
396 441 668 518 testatum
703 437 870 518 nobis
903 437 1288 518 reliquerunt,
1323 437 1578 518 maxime
1608 459 1748 518 cum
1770 459 1837 518 ex
1870 437 2005 511 illis,
2040 453 2099 499 ut
2132 463 2248 516 prie
2283 437 2557 518 manibus
2584 437 2823 518 semper
2845 437 3042 518 haberi
3063 437 3320 518 possent,
3346 437 3650 518 tog-variis
3673 447 3784 518 sub

253 509 614 570 nominibus,
648 512 927 578 epitomes
951 509 1337 565 confecerunt.
1367 514 1713 576 lnsigniores
1738 513 1830 569 hic
1848 509 2437 571 commem'orabimus
2461 516 2518 569 in
2542 509 2907 568 bibliothecis
2931 532 2962 567 a
2988 509 3152 567 nobis
3177 509 3455 578 repertas.
3496 515 3556 570 In
3581 517 3788 572 Codice

253 580 589 658 Corbeiensi
620 597 776 658 nunc
830 581 1190 658 bibliothecas
1235 585 1419 637 sancti
1449 584 1730 658 Germani
1785 604 1818 641 a
1872 589 2076 653 Pratis,
2133 589 2231 658 qui
2283 588 2681 658 collectionem
2733 580 3550 658 quarumdamiepistolarum
3599 589 3787 643 sancti

253 653 517 730 Gregorii
554 669 586 705 a
618 652 1082 730 PauloDiaconO
1118 654 1358 730 missam
1395 657 1461 708 ad
1498 665 1769 730 sanctum
1823 652 2220 713 Adhalardum
2256 652 3512 730 abbatemCorbei‘ensemicoutioet,exstat
3559 675 3788 730 quoque

250 722 602 803 eposculum
637 724 744 803 hoc
777 725 1257 803 titulo_donatum
1290 729 1398 803 :__In
1429 731 1648 803 nomine
1697 729 1796 803 Dei
1823 732 2027 796 Patris,
2069 738 2124 786 et
2174 732 2325 803 Filii,
2355 735 2403 785 et
2454 729 2697 800 Spiritus
2743 729 2937 803 sancti.
2976 729 3169 793 Incipit
3210 729 3414 798 Egloga
3465 722 3628 801 quain
3659 722 3789 786 scri-

245 798 361 873 psit
396 798 597 873 Latcen
626 795 1006 873 ﬁliusﬂaitli,
1055 796 1118 850 de
1151 798 1438 873 litoralibus
1465 800 1562 853 Job
1601 816 1736 870 quas
1765 795 2054 873 Gregorius
2083 805 2233 870 fecit.
2284 795 2526 856 Videtur
2555 815 2682 854 esse
2714 801 2920 854 saltem
2974 814 3113 854 occc
3143 795 3452 855 nunerum.
3473 795 3486 801 ⁷
3513 803 3786 866 Quaedam

248 865 395 944 folia
429 866 750 944 perierunt.
785 866 918 920 Post
950 867 1162 944 librum
1199 865 1688 944 trigesimumfex
1724 865 1965 942 reliquis
1997 865 2258 944 quinque
2290 874 2437 928 nihil
2471 873 2702 943 legitur.

324 936 400 1013 Ini
440 939 792 1013 bibliotheca
849 941 1036 1013 sancti
1095 936 1354 994 Aodoeiii
1403 936 1896 1013 iRothomagensi-s
1956 936 2240 1000 habemus
2295 961 2470 999 manu
2525 936 2844 1008 Exaratum,
2894 940 3174 995 Adalberti
3233 943 3447 1013 Levita:
3502 945 3788 1013 speculum

244 1007 318 1087 ad
351 1011 771 1087 liairmannum
791 1010 1200 1087 presbyterum,
1233 1028 1330 1087 seu
1366 1012 1605 1087 Moralia
1637 1007 1785 1069 beati
1821 1014 2076 1087 Gregorii
2108 1018 2461 1070 abbreviata.
2495 1015 2682 1069 Codex
2711 1018 2800 1087 est
2835 1030 2902 1066 DC
2935 1028 3241 1087 annorum.
3268 1007 3548 1082 Ejusdem
3581 1015 3791 1070 collec-

246 1079 432 1159 tionis
464 1079 756 1151 exemplar
779 1083 902 1149 jam
935 1079 1259 1136 occurrerat
1287 1082 1624 1139 doctissimo
1660 1091 1858 1141 nostro
1889 1079 2101 1142 JEanni
2137 1088 2473 1143 Mabillonio
2506 1085 2926 1141 bibliothecam
2970 1079 3584 1142 Praemonstratensem
3616 1103 3787 1142 excu-

252 1151 424 1206 tienti
459 1152 627 1220 (Tom.
663 1152 684 1205 1
714 1163 817 1208 vet.
849 1153 1044 1217 Anal.,
1075 1170 1132 1220 p.
1165 1154 1312 1220 317).

252 1159 627 1223 tientiiTom.
663 1159 684 1205 Ι
714 1163 817 1208 vet.
849 1159 1044 1217 Anal.,
1075 1170 1132 1223 p.
1165 1159 1312 1221 317).

323 1224 388 1276 In
422 1222 557 1277 Cod.
594 1239 703 1279 ms.
738 1222 1100 1279 bibliothecas
1132 1224 1550 1281 Gemeticensis
1585 1233 1726 1282 sunt
1757 1229 2220 1286 abbreviationes
2253 1228 2562 1284 Moralium
2596 1229 2706 1283 sub
2737 1227 2912 1282 titulo
2946 1225 3303 1284 Reclinatorii
3329 1227 3553 1284 animm.

321 1294 570 1369 Eosdem
602 1295 1212 1369 collegissedicuntur
1237 1297 1436 1369 Simon
1470 1299 1898 1369 Afﬂigeniensis
1940 1303 2261 1357 monachus
2291 1301 2469 1356 decem
2514 1300 2761 1368 parvulis
2795 1298 2975 1365 libris,
3019 1302 3076 1352 et
3107 1299 3419 1355 Garnerius
3473 1299 3787 1356 canonicos

246 1369 308 1442 e_t
338 1365 611 1442 subprior
640 1366 1102 1442 sancti_Victoris
1135 1365 1676 1442 Parisiensislibris
1708 1374 2019 1427 sexdecim.
2058 1375 2255 1428 Exstat
2286 1365 2547 1427 Garuerii
2583 1387 2731 1442 opus
2767 1369 3172 1442 Gregorianum
3200 1371 3442 1435 dictum,
3476 1372 3533 1426 in
3577 1370 3790 1427 biblio-

253 1437 427 1514 theca
456 1436 1027 1514 Navarrznasvegum
1059 1441 1322 1514 omnium
1357 1442 1457 1510 qui
1489 1441 1828 1510 hujusmodi
1854 1446 2202 1514 compendia
2245 1436 2636 1508 confecerunt,
2675 1436 2958 1496 illustrior
2992 1441 3106 1514 fuit
3131 1447 3370 1498 sanctus
3391 1443 3511 1498 Odo
3529 1459 3597 1498 ex
3614 1460 3788 1499 cano-

252 1512 384 1584 nico
403 1509 1266 1584 sancti_Martini_Turonensis,
1305 1509 1621 1584 monachus
1655 1523 1708 1568 et
1740 1517 1921 1570 abbas
1953 1509 2356 1571 Cluniacensis
2393 1520 2587 1584 postea
2617 1515 2830 1579 factus,
2864 1514 3028 1581 cujus
3055 1513 3233 1568 libros
3264 1531 3410 1568 xxxv
3440 1531 3504 1569 ex
3551 1515 3787 1570 Morali-

245 1581 360 1634 bus
394 1580 759 1652 Gregoriauis
790 1581 1060 1636 collectos
1091 1583 1274 1636 edidit
1307 1583 1538 1638 Parisiis
1571 1589 1632 1638 D.
1668 1585 1944 1642 Martinus
1977 1587 2204 1642 Marrier
2233 1580 2415 1641 sancti
2457 1585 2687 1640 Martini
2721 1602 2755 1638 a
2807 1580 3038 1652 Campis
3081 1586 3403 1640 monachus
3433 1601 3586 1642 anno
3623 1587 3781 1642 1617.

241 1651 573 1728 Exstantin
601 1652 962 1728 bibliotheca
991 1653 1224 1728 Patrum
1263 1654 1526 1728 Lugdun.
1563 1660 1702 1711 tom.
1739 1657 1909 1713 XVII.
1948 1660 2090 1713 Huic
2120 1658 2418 1722 scriptioui
2453 1672 2686 1728 Operam
2733 1656 2890 1728 dedit
2915 1651 3040 1728 Odo
3079 1672 3216 1728 cum
3251 1657 3440 1711 adhuc
3482 1656 3689 1726 junior
3717 1658 3781 1712 in

243 1726 438 1798 sancti
471 1722 702 1798 Martini
735 1724 1004 1778 sodalitio
1037 1724 1333 1780 militaret.
1365 1722 1583 1782 Odonis
1616 1730 1950 1797 exemplum
1983 1736 2216 1785 secutos
2237 1722 2648 1798 Joannes‘ejus
2673 1727 3026 1798 discipulus,
3060 1727 3162 1798 qui
3185 1728 3372 1796 ipsius
3395 1722 3567 1782 vitam
3597 1729 3784 1783 tribus

245 1795 418 1870 libris
477 1797 820 1870 complexus
872 1801 980 1865 est,
1038 1797 1485 1870 opusculum_ex
1557 1795 1804 1870 Gregorii
1863 1801 2157 1856 Moralibus
2233 1795 2566 1870 deﬂoratuni
2637 1795 3032 1870 concinnavit,
3077 1795 3248 1868 'qood
3317 1800 3374 1853 in
3439 1799 3788 1856 bibliotheca

249 1867 560 1940 Casiueosi
594 1883 720 1940 a_se
755 1867 1056 1940 inventum
1090 1874 1337 1922 testatur
1367 1868 1518 1924 idem
1556 1869 1929 1927 Mabillonius
1961 1875 2126 1940 (Mus.
2160 1867 2453 1927 Italﬁtom.
2487 1873 2528 1937 1,
2555 1889 2608 1940 p.
2645 1869 2790 1932 123).

317 1939 382 1992 In
417 1936 769 1993 bibliotheca
801 1939 1203 1994 Lauduoensis
1235 1940 1499 1995 Ecclesiie
1533 1941 1784 1999 insignis
1815 1949 1902 1998 est
1933 1936 2127 1999 Codex
2161 1959 2332 1998 manu
2367 1936 2631 1998 exaratos
2663 1942 2913 1996 eosdem
2961 1939 3268 1996 Moralium
3313 1940 3491 1998 libros
3525 1941 3582 1996 in
3626 1957 3785 1998 com.

242 2009 527 2080 pendium
559 2010 820 2064 redactos
851 2009 1148 2076 exhibens,
1182 2027 1353 2081 quem
1385 2011 1519 2068 huic
1556 2009 1816 2068 Ecclesiae
1848 2016 1996 2069 dono
2037 2014 2410 2071 contulerunt
2440 2015 2552 2068 duo
2601 2013 2866 2081 ejusdem
2917 2012 3206 2077 canonici,
3246 2012 3590 2068 Adalelmus
3633 2014 3784 2069 The-

242 2080 572 2157 saora‘rius,
607 2086 826 2157 postea,
860 2087 1018 2157 teste
1041 2080 1380 2157 Flodoardo,
1402 2084 1672 2157 ejusdem
1707 2085 1970 2140 Ecclesiae
2001 2094 2230 2142 creatus
2261 2087 2591 2157 episcopus,
2617 2080 2712 2139 an.
2735 2085 2862 2151 921,
2898 2099 2977 2157 ac
3010 2083 3343 2138 Bernardus
3369 2083 3782 2154 (Gall.Chrisl.,

242 2157 296 2207 in
330 2154 504 2226 episc.
539 2151 736 2226 laud).
789 2151 944 2220 Opus
973 2155 1068 2226 sic
1106 2152 1311 2223 incipit
1346 2171 1357 2206 :
1392 2151 1455 2208 In
1476 2157 1693 2209 nomine
1732 2158 1968 2211 Domini.
2019 2151 2312 2225 Prologus'
2351 2151 2494 2210 beati
2521 2157 2633 2212 Job.
2687 2157 2830 2210 Inter
2863 2155 3066 2209 multos
3117 2169 3258 2222 saepe
3310 2151 3601 2224 queritur,
3658 2159 3784 2226 quis

248 2223 516 2298 beatiJob
548 2224 676 2277 libri
705 2224 1287 2298 scriptorbaberetur.
1323 2225 1429 2278 Alii
1463 2227 1678 2296 quidem
1710 2227 1940 2298 Moysen,
1983 2233 2091 2284 etc.
2138 2223 2231 2282 Sic
2261 2228 2580 2282 absolvitur
2611 2226 2884 2296 prologue
2926 2242 2939 2278 :
2973 2239 3109 2298 sua?
3157 2223 3400 2279 victoria:
3447 2232 3600 2294 gesta
3647 2223 3782 2281 nar-

244 2299 414 2350 ravit.
455 2294 922 2370 Postgprologum
955 2295 1168 2366 legitur
1202 2313 1214 2350 :
1249 2294 1523 2370 incipiunt
1565 2294 1806 2370 Moralia'
1841 2294 2018 2354 sancti
2061 2300 2304 2370 Gregorii
2332 2314 2491 2368 papae
2520 2301 2583 2353 de
2613 2294 2772 2351 ilibro
2803 2299 2916 2352 Job.
2968 2297 3056 2350 Vir
3090 2303 3216 2370 erat
3251 2298 3306 2348 in
3340 2307 3484 2370 terra
3519 2298 3626 2351 llus
3676 2314 3781 2352 no-

253 2372 402 2421 mine
435 2369 554 2423 Job.
593 2368 802 2422 Idcirco
826 2376 1044 2422 sanctus
1082 2369 1166 2421 vir
1215 2368 1305 2421 ubi
1334 2368 1667 2422 habitaverit
1696 2369 1916 2436 dicitur,
1960 2375 2021 2424 ut
2051 2367 2177 2438 eius
2199 2367 2454 2425 meritum
2492 2373 2710 2424 virtutis
2751 2371 3118 2438 exprimatur.
3151 2367 3298 2422 Sicut
3327 2369 3474 2422 enim
3502 2370 3782 2438 gravioris

249 2441 453 2508 culpa,
491 2444 594 2504 est,
632 2444 740 2512 et_c.
778 2439 948 2493 Liber
971 2439 1190 2512 primus
1223 2439 1439 2493 desinit
1470 2440 1686 2512 inhaac
1713 2445 1894 2512 verba
1929 2458 1941 2497 :
1975 2445 2102 2512 quia
2136 2445 2251 2496 sine
2298 2443 2592 2496 cessatione
2617 2439 2782 2512 Patri
2811 2456 2976 2494 suam
3003 2454 3100 2508 pro
3147 2438 3303 2512 nobis
3342 2441 3781 2512 incarnationem

250 2512 616 2584 demonstrat.
676 2509 1244 2584 Sequunturordiue
1288 2527 1462 2565 xxxm
1495 2511 1644 2565 libri.
1679 2511 1819 2566 Nam
1869 2509 2202 2569 tricesimus
2242 2512 2487 2584 quintus
2527 2514 2710 2567 deest.
2763 2511 2901 2574 Quis
2953 2515 3146 2565 autem
3193 2510 3370 2579 hujus
3423 2511 3781 2567 collectionis

253 2591 456 2637 auctor
489 2582 586 2646 sit,
621 2584 878 2636 nondum
913 2580 1079 2635 nobis
1113 2589 1476 2652 compertum
1510 2587 1615 2637 est.

321 2653 420 2709 IV.
458 2654 537 2707 Ex
568 2653 657 2707 his
688 2652 870 2724 liquet
900 2668 1076 2723 quam
1107 2651 1326 2725 assidui
1354 2662 1544 2708 essent
1573 2658 1793 2708 veteres
1825 2654 1883 2708 in
1924 2654 2187 2725 legendis
2240 2654 2704 2725 colligendisqoe
2744 2653 2905 2725 velut
2936 2652 2994 2725 in
3032 2651 3353 2725 _fascico_l_os
3397 2652 3782 2725 Gregoriano-

255 2741 393 2797 rom
433 2722 979 2797 Moraliumflibris;
1013 2725 1164 2795 quod
1181 2724 1399 2797 habita
1423 2726 1491 2779 de
1515 2725 1632 2779 illis
1655 2722 2104 2782 existimationis
2129 2722 2538 2797 argumentum
2562 2722 2650 2781 est
2677 2723 3240 2797 luculentissimum._
3259 2722 3329 2778 Ut
3350 2722 3544 2797 autem
3572 2724 3782 2780 Latina:

251 2796 480 2867 linguas
516 2796 808 2868 imperitia
838 2794 1153 2866 quominus
1179 2795 1510 2868 legerentur
1540 2813 1652 2852 non
1698 2797 1946 2864 obesset,
1999 2794 2258 2866 ipsorum
2299 2799 2359 2852 in
2392 2797 2654 2868 volgares
2703 2796 2934 2868 linguas
2982 2794 3389 2868 translationes
3439 2796 3599 2868 facta
3645 2799 3786 2851 sunt

254 2865 552 2935 plurima.
587 2867 728 2921 Nam
764 2865 1048 2922 Notkeros
1079 2883 1174 2921 eos
1205 2867 1547 2923 Germanice
1593 2870 1829 2924 vertisse
1881 2865 2128 2935 dicitur;
2165 2869 2474 2939 Hispanice
2513 2865 2714 2922 autem
2767 2865 3161 2930 Grimoaldus,
3215 2867 3550 2939 monasterii
3593 2868 3783 2922 sancti

249 2939 556 2994 .Emiliaui
589 2940 928 3004 monachos,
954 2940 1107 2993 circa
1138 2939 1333 2993 seaculi
1375 2956 1427 2994 xi
1479 2940 1674 3002 tinem,
1708 2950 1764 2994 ut
1815 2942 1883 2994 de
1914 2943 2136 2995 caeteris
2185 2937 2474 2995 taceamus
2507 2940 2670 3009 (Bibl.
2704 2943 2807 2994 vet.
2843 2939 3015 3008 Hisp.,
3064 2944 3192 2992 tom.
3245 2937 3312 3004 II,
3363 2937 3461 2992 lib.
3503 2954 3600 3005 vn,
3650 2953 3698 3003 c,
3728 2942 3781 3003 1,

247 3029 410 3084 num.
453 3011 560 3082 13).
599 3015 720 3065 Non
752 3012 946 3084 minus
978 3011 1310 3064 aviditatem
1346 3011 1568 3081 legendi
1605 3012 1788 3084 libros
1819 3011 2114 3066 Moralium
2159 3013 2362 3084 probat
2387 3012 2678 3084 Codicum
2732 3026 2904 3084 manu
2956 3009 3406 3084 descriptorum,
3453 3010 3551 3080 qui
3601 3009 3782 3064 libros

243 3083 382 3138 illos
419 3088 859 3209 sepraeseutant,
892 3083 1202 3136 innumera
1236 3098 1378 3153 pene
1411 3083 1741 3138 multitudo.
1771 3083 2091 3153 Precipuos
2122 3081 2355 3139 a'nobis
2385 3083 2564 3139 lectos
2596 3086 2652 3138 et
2681 3083 2944 3137 evolutos
2978 3081 3069 3136 hic
3102 3095 3401 3135 recensere
3440 3096 3624 3150 operas
3651 3096 3780 3151 pre-

243 3157 390 3209 tium
463 3156 719 3209 uximus.

242 3157 390 3210 tium
419 3156 719 3209 duximus.

312 3228 678 3296 Antiquitate
723 3223 1234 3296 praestantissimus
1281 3228 1368 3278 est
1416 3225 1604 3281 Codex
1645 3226 1716 3282 cl.
1773 3225 1877 3280 viri
1938 3225 2211 3295 Stephani
2263 3226 2502 3291 Baluzii,
2558 3225 2661 3296 qui
2707 3224 2965 3295 Gregorii
3018 3226 3248 3296 astutam
3299 3237 3445 3296 pene
3494 3221 3780 3293 attingere

242 3294 525 3404 creditur;
559 3294 793 3404 Ut'ina'm
828 3311 958 3351 vero
991 3295 1183 3366 plures
1215 3312 1392 3366 quam
1425 3297 1679 3368 quinque
1708 3297 1908 3365 libros,
1941 3294 2159 3354 scilicet
2187 3315 2220 3353 a
2241 3297 2523 3369 vigesimo
2555 3294 2722 3352 tertio
2756 3294 2838 3352 ad
2861 3295 3209 3366 vigesimum
3251 3294 3588 3364 septimum,
3620 3310 3780 3349 com-

285 3371 604 3425 lecteretur
630 3371 642 3422 Ι

243 3387 886 3510 plgcafdgiiuorspropter
916 3437 1325 3512 antiquitatem
1359 3438 1519 3494 locus
1550 3440 1792 3495 debetur
1821 3440 2111 3496 Rhemensi
2157 3440 2288 3512 plus
2329 3456 2503 3512 quam
2552 3443 2981 3512 nongentorum
3014 3453 3326 3512 annorum,
3360 3437 3459 3508 qui
3513 3437 3775 3512 Ecclesiae

247 3513 562 3596 Ehemensi
596 3509 945 3596 dono’d‘atos
975 3515 1065 3594 est
1095 3510 1165 3564 ab
1190 3511 2001 3596 ‘Hiocmaronarchiepiscopo.
2036 3509 2199 3596 Hunc
2231 3509 2596 3584 appellamus
2629 3509 2812 3567 Rheni.
2846 3515 2976 3578 vet.,
3028 3515 3131 3566 aut
3165 3511 3187 3564 1
3225 3509 3415 3564 Rhem.
3452 3513 3516 3564 ut
3549 3509 3621 3563 ab
3663 3509 3776 3564 alio

251 3585 459 3640 Codice
490 3585 752 3654 ejusdem
785 3581 1072 3654 Ecclesiae,
1106 3583 1206 3654 sed
1240 3583 1424 3638 aetatis
1453 3581 1759 3654 inferioris,
1795 3581 2209 3654 distinguatur.

323 3657 461 3712 Tres
508 3651 747 3710 Codices
778 3653 945 3708 nobis
990 3653 1380 3723 suppeditavit
1434 3651 1786 3710 bibliotheca
1833 3651 2333 3710 archimonasterii
2391 3655 2576 3712 sancti
2623 3652 2870 3724 Remigii
2922 3652 3286 3710 Rhemeasis.
3346 3652 3508 3708 Prior
3538 3651 3776 3721 majoris

249 3728 452 3784 formas
484 3727 787 3782 vocabitur
815 3743 846 3779 a
885 3724 1048 3780 nobis
1079 3726 1286 3793 Remig.
1323 3726 1381 3792 1;
1417 3731 1746 3794 sequentes,
1778 3727 1812 3779 2
1841 3730 1898 3781 et
1926 3727 1981 3780 3.

323 3799 579 3870 Insignis
609 3797 838 3870 Codicis
867 3795 1129 3870 Ecclesiae
1159 3796 1583 3870 Bellovacensis
1614 3798 1840 3870 copiam
1874 3797 2212 3864 habuimus,
2247 3797 2543 3870 annitente
2576 3796 2647 3870 cl.
2681 3795 2803 3852 viro
2837 3800 2898 3850 D.
2932 3797 3039 3870 Eoy
3073 3814 3106 3851 a
3137 3801 3336 3852 sancto
3369 3794 3585 3850 Hilario
3617 3796 3772 3870 ejus-

257 3873 386 3926 dem
420 3865 690 3925 E—cclesiaa
733 3868 1030 3932 canonico,
1074 3867 1172 3938 qui
1222 3869 1409 3938 quoad
1469 3868 1608 3924 vixit
1647 3865 2142 3924 studiosissimum
2189 3884 2250 3923 se
2300 3868 2554 3924 ostendit
2583 3868 2918 3922 llitterarum
2952 3865 3458 3938 litteratoromque
3486 3865 3774 3938 omnium.

250 3944 435 3998 Codex
467 3941 568 4012 qui
601 3957 703 3995 occ
735 3955 1017 3995 annorum
1050 3935 1272 3994 aetatem
1308 3939 1554 4010 prefert,
1601 3940 2013 4010 complectitur
2044 3939 2244 4065 vidginti
2294 3941 2513 4010 priores
2547 3938 2850 3994 Moralium
2901 3938 3097 3993 libros.
3134 3941 3195 3994 ln
3246 3937 3595 4008 quibusdam
3630 3935 3774 3990 locis

250 4015 556 4065 recentiori
590 4029 764 4065 manu
798 4020 1086 4065 correctus
1120 4009 1246 4065 fuit.
1276 4027 1377 4065 seu
1415 4011 1606 4065 potius
1638 4016 1983 4065 corruptus:
2015 4027 2075 4065 se
2151 4011 2359 4065 orioris
2390 4011 2655 4065 lectionis
2686 4026 2816 4065 uuae
2854 4008 3020 4064 facile
3070 4006 3453 4065 dignoscitur.
3486 4006 3772 4061 rationem

247 4008 556 4069 recentiori
590 4029 764 4067 manu
798 4020 1086 4066 correctus
1120 4009 1246 4075 fuit,
1276 4008 1377 4067 seu
1415 4011 1606 4080 potius
1638 4008 1983 4082 corruptus;
2015 4008 2128 4066 sed
2151 4008 2359 4083 prioris
2390 4011 2655 4066 lectionis
2686 4026 2816 4083 quae
2854 4008 3045 4083 facile~
3070 4008 3453 4083 dignoscitur,
3486 4008 3772 4083 rationem

247 4086 586 4140 habuimus.
621 4085 791 4139 Libro
824 4083 1127 4137 undecimo
1156 4076 1522 4151 praemittitur
1555 4084 1726 4138 index
1756 4076 2166 4154 capitulorum,
2203 4099 2454 4154 quorum
2479 4076 2776 4154 distinctio
2800 4097 2863 4136 ex
2891 4076 3154 4136 textibos’
3179 4077 3441 4154 libriJob
3469 4076 3772 4154 explicatis

247 4161 548 4230 repetitur.
581 4156 893 4210 Adduntur
923 4149 1266 4230 argumenta
1296 4156 1573 4230 quaedam,
1606 4155 1670 4210 de
1701 4149 1844 4230 igne
1866 4161 2093 4230 aeterno,
2125 4156 2194 4210 de
2221 4149 2517 4230 Telicitate,
2550 4153 2613 4230 de
2644 4154 3126 4230 timoreADeihetc.
3165 4149 3776 4230 ﬂemi_g_ian_us-C-odex

246 4231 266 4283 1
302 4220 540 4284 exhibet
569 4230 741 4283 etiam
775 4220 1058 4281 nonnulla
1089 4220 1404 4282 summaria
1447 4220 1748 4283 titulorum
1781 4226 1906 4282 loco
1939 4220 2434 4297 ascripta.'Codex
2475 4225 2896 4281 Bellovaceusis
2929 4223 3132 4295 primis
3165 4224 3256 4278 his
3298 4220 3512 4276 litteris
3542 4220 3771 4289 Bellov.,

246 4309 337 4351 aut
370 4301 611 4351 Belvac..
645 4297 1096 4351 significabitur.

245 4309 337 4356 aut
370 4301 611 4365 Belvac.,
645 4297 1096 4365 significabitur.

309 4314 337 4354 ιι
370 4314 586 4354 uetvac.
645 4315 689 4354 BI
740 4314 1096 4354 mocaouur.

309 4373 521 4427 Decem
553 4314 812 4440 pi'iorgum
849 4369 1127 4424 librorum
1168 4367 1477 4424 Moralium
1508 4370 1798 4426 variantes
1831 4369 2106 4425 lectiones
2135 4386 2204 4425 ex
2253 4369 2483 4425 duobus
2513 4368 2827 4423 Codicibus
2856 4365 3306 4440 Corbeieusibus
3338 4363 3766 4440 excerpsimus,

239 4445 336 4514 qui
399 4436 660 4498 cum—ab
716 4441 962 4514 invicem
1041 4455 1344 4510 nunquam
1406 4443 1520 4514 fere
1576 4444 1929 4514 discrepent,
1988 4443 2162 4497 ambo
2231 4441 2339 4514 sici
2394 4441 2776 4514 notabuntur,
2838 4439 2996 4514 Corb.
3067 4438 3323 4494 Alterius
3383 4436 3768 4514 iCorbeiensis

243 4507 508 4572 occurret
547 4528 695 4585 sepe
728 4512 966 4579 mentio,
1000 4507 1264 4585 quicum
1311 4513 1546 4585 Parisiis
1595 4515 1656 4569 in
1689 4507 2038 4569 bibliotheca
2088 4513 2271 4585 sancti
2312 4512 2584 4568 Germani
2639 4528 2671 4566 a
2700 4511 2886 4585 Pratis
2939 4526 3096 4585 nunc
3142 4513 3497 4585 asservetur,
3529 4507 3772 4585 _dicet_or

244 4588 404 4712 Cogit.
433 4587 610 4712 Gegm.
629 4578 859 4640 'Eadem
887 4578 1076 4639 sancti
1105 4582 1379 4638 Germani
1409 4584 1757 4640 bibliotheca
1788 4586 1958 4641 nobis
1990 4584 2237 4655 praebuit
2267 4585 2502 4655 Optimae
2532 4586 2680 4638 notae
2711 4583 2981 4639 Codicem
3003 4581 3384 4638 Germanensis
3413 4578 3584 4636 titulo
3621 4579 3775 4635 infra

253 4675 306 4712 in
356 4675 488 4712 ican
538 4673 662 4712 om.

253 4660 662 4714 indicandum.

313 4729 593 4786 Asceterii
631 4727 964 4800 Dionysiani
1003 4741 1176 4800 prope
1205 4725 1469 4800 Parisios?
1490 4726 1628 4800 olim
1664 4727 1986 4800 fuitACodex
2017 4743 2050 4781 a
2094 4741 2233 4781 nccc
2275 4726 2505 4782 circiter
2541 4726 2709 4782 annis
2764 4724 3117 4797 descriptus,
3169 4741 3346 4796 quem
3397 4721 3774 4778 Colbertinum

249 4809 638 4867 nominamus,
673 4797 825 4870 quod
861 4801 918 4853 in
951 4797 1328 4870 celeberrima
1357 4798 1686 4870 Colbertina
1719 4797 2260 4870 bibliothecainunc
2303 4806 2649 4870 asservelor.

317 4875 391 4928 Ex
429 4861 1081 4928 Ecclesia-Laudunensi
1109 4869 1254 4924 duos
1281 4870 1514 4925 Codices
1542 4869 1601 4924 in
1636 4870 1848 4940 quibus
1880 4869 2009 4923 libri
2045 4868 2352 4924 Moralium
2384 4869 2761 4924 continentur
2789 4885 2823 4924 a
2853 4869 3076 4925 decimo
3108 4867 3356 4936 septimo
3384 4861 3667 4919 inclusive
3699 4863 3772 4918 ad

253 4945 538 5008 ultimum,
574 4944 820 4998 utendos
851 4941 1206 5015 accepimus,
1241 4941 1390 4995 intra
1420 4943 1505 5015 sic
1533 4943 1873 4996 iudicandos
1903 4941 2072 5015 Laud.
2105 4944 2338 5015 primus,
2377 4940 2544 5015 Laud.
2587 4941 2871 5015 secundus.
2943 5012 2953 5015 _
3289 5008 3302 5015 _
3508 5005 3519 5015 ι

313 5022 417 5071 Sex
450 5019 668 5086 priores
698 5015 874 5069 libros
904 5018 960 5087 et
993 5008 1770 5087 totidemkposteriorescum
1820 5008 2135 5087 vigesimo,
2155 5014 2435 5087 vigesimo
2462 5013 2649 5087 primo
2689 5018 2746 5068 et
2777 5012 3058 5087 vigesimo
3089 5008 3366 5073 secundo,
3395 5008 3664 5087 eruimus
3701 5020 3770 5060 ex

254 5077 592 5143 bibliotheca
626 5085 957 5142 monasterii
991 5081 1172 5138 Vallis
1203 5077 1402 5153 Clarae,
1435 5085 1656 5140 ordinis
1686 5077 2081 5139 Cisterciensis
2109 5077 2182 5138 in
2210 5077 2441 5139 dimcesi
2462 5077 2883 5149 'Laodunens‘i,
2934 5087 3223 5137 annuente
3277 5077 3762 5153 reverendissimo

257 5159 470 5225 abbate,
505 5161 848 5228 taventeqoe
877 5155 1211 5212 doctissimo
1243 5147 1404 5226 mque
1452 5173 1517 5211 ac
1551 5155 1978 5228 humanissimo
2008 5157 2130 5211 viro
2160 5156 2374 5212 domno
2406 5155 2470 5211 de
2521 5157 2767 5228 Noyville
2814 5147 3078 5228 ejusdem
3129 5149 3464 5228 monasterii
3517 5147 3772 5228 vigil-an-

255 5219 470 5302 tissimo
504 5219 836 5302 praeposito,
867 5231 1035 5302 cuius
1065 5241 1172 5296 ope
1203 5243 1266 5282 ac
1292 5219 1498 5302 labore
1525 5230 1706 5282 multa
1728 5228 1838 5282 alia
1870 5227 1939 5282 ad
1964 5236 2225 5282 nostram
2250 5228 2578 5283 Editionem
2602 5219 3020 5291 adornandum,
3044 5221 3343 5280 consecuti
3368 5219 3597 5277 sumus.
3624 5219 3770 5276 lluic

257 5301 433 5358 Codici
471 5300 668 5358 notam
703 5303 850 5356 hanc
880 5301 1247 5368 assiguamus
1289 5300 1400 5353 Val.
1438 5300 1590 5354 Clar.

318 5374 514 5429 Decem
552 5377 771 5444 priores
801 5363 1106 5445 Moralium
1139 5369 1338 5434 libros.
1371 5377 1539 5445 atque
1572 5371 1838 5426 undecim
1875 5369 2220 5425 novissimos
2244 5370 2580 5445 invenimus
2613 5369 2672 5424 in
2709 5367 3040 5445 monasterii
3076 5364 3462 5437 Longipontis
3498 5363 3765 5445 ejusdem

258 5448 468 5501 ordinis
496 5439 901 5500 Ci'sterciensis
935 5441 1292 5498 membranis
1322 5443 1557 5512 cptimze
1589 5449 1738 5497 notae
1769 5447 2170 5496 sexcentarum
2206 5443 2436 5496 circiter
2465 5459 2752 5497 annorum
2801 5441 3211 5510 antiquitatem
3255 5454 3369 5509 pm
3417 5451 3481 5492 se
3531 5439 3769 5490 terenti-

255 5516 394 5584 bus;
428 5535 554 5588 quie
589 5516 694 5571 hoc
730 5515 1035 5570 dimidiato
1070 5515 1654 5588 oogmioerLongipont.
1682 5513 1855 5588 facile
1888 5530 1920 5567 a
1951 5512 2179 5588 caeteris
2222 5519 2621 5568 secernuntur.

319 5577 550 5645 Duobus
581 5588 891 5644 Codicibos
922 5588 1109 5642 sancti
1130 5586 1377 5641 Cornelii
1401 5577 1880 5656 Compendiensis
1913 5586 2004 5638 usi
2037 5599 2267 5649 sumus,
2301 5600 2415 5640 uno
2447 5600 2550 5639 occ
2574 5600 2884 5651 annorum,
2909 5583 3087 5640 altero
3110 5579 3401 5637 inferioris
3429 5577 3768 5635 aetatis)“:-

259 5660 558 5731 tiquiorem
593 5658 1018 5731 appellabimus
1052 5658 1340 5731 Compend.
1379 5659 1426 5723 1,
1461 5657 1702 5731 alterum
1736 5656 2030 5731 Compend.
2052 5658 2116 5731 _2.

365 5734 500 5805 θείω
560 5725 711 5805 stth
779 5731 1031 5788 Parisios
1090 5725 1455 5788 bibliotheca:
1507 5729 1782 5805 Codices
1816 5725 2104 5805 elegantia
2159 5732 2214 5781 et
2262 5729 2565 5805 venustate
2617 5727 3070 5805 _magis___quam
3120 5725 3764 5805 vetustatehcommen-

257 5792 875 5875 datosconsuluimus,
915 5807 969 5859 et
1018 5819 1234 5880 magna
1284 5816 1350 5858 ex
1395 5803 1555 5877 parte
1604 5792 1947 5857 evolvimos.
1999 5797 2156 5856 Unus
2203 5814 2404 5858 omnes
2454 5792 2762 5860 Moralium
2813 5792 2996 5854 libros
3043 5793 3322 5864 continet,
3371 5792 3513 5849 alter
3559 5792 3760 5850 decem
