4086 6166
226 187 344 246 505
1030 177 1443 244 PREFATIO
1489 182 1568 242 IN
1617 182 1679 242 S.
1729 177 2103 241 GREGORlI
2148 178 2429 241 LIBROS
2474 177 2923 243 MORALIUM.
3621 185 3739 246 506

227 315 509 374 dicationis
539 315 724 385 gratia
755 313 1063 381 derivatur,
1101 332 1202 386 pro
1227 316 1591 386 purgationis.
1625 315 1842 370 Ibidem
1875 314 2134 384 graviore
2165 329 2353 369 errore
2381 313 2590 385 legitur
2623 315 2691 369 de
2717 315 2945 386 Christo
2979 331 2992 368 :
3027 332 3157 370 nam
3194 320 3390 371 cuncta
3417 317 3610 386 sciens,
3644 316 3737 372 sed

229 395 280 444 in
309 393 589 458 semetipso
622 390 995 457 ignorantiam
1055 385 1294 442 uestram
1325 387 1644 458 suscipiens,
1679 391 1786 440 etc.
1812 390 1941 440 Haec
1989 402 2138 458 sane
2169 402 2202 440 a
2233 386 2491 458 doctrina
2523 386 2704 458 sancti
2739 385 2997 458 Gregorii
3037 403 3272 458 prorsus
3295 385 3630 456 abhorrent,
3675 397 3738 444 ut

227 457 660 517 observavimus
691 459 843 513 hunc
875 459 1067 514 locum
1101 459 1487 514 emendando.
1521 458 1715 528 Itaque
1746 457 2041 528 sequendo
2078 474 2217 512 mss.
2248 457 2502 520 Codices,
2539 457 2890 512 restituimus
2924 457 3056 512 :Sed
3087 461 3143 512 in
3164 459 3546 514 locutionesua
3577 463 3736 530 igno-

227 545 461 614 rantiam
487 530 1088 657 nostramMmscipiens.
1124 531 1296 585 Num.
1327 531 1416 596 37,
1452 532 1614 602 prius
1647 531 1934 600 scriptum
1964 546 1978 584 :
2012 545 2132 600 qua:
2159 538 2304 584 metu
2344 530 2705 598 relinquitur,
2735 546 2833 598 pro
2865 544 2991 600 qua
3012 539 3188 586 mente
3211 533 3734 602 relinquitur,quod

229 621 592 657 reposuimus
627 620 694 657 ex
785 619 865 657 ss.

229 621 592 660 τεοοευιῐῐιυε
627 620 694 658 ex
728 619 865 658 MSS.

339 677 464 731 ibro
495 676 777 740 secundo,
815 690 976 728 num.
1005 674 1060 740 9,
1084 673 1223 729 olim
1257 677 1526 745 corrupte
1555 690 1567 727 :
1600 673 1806 728 dicitur
1835 675 1912 745 eis
1941 673 2036 743 qui
2057 671 2306 739 aderant,
2340 688 2473 745 cum
2511 671 2616 742 legi
2653 672 2880 739 debeat,
2917 678 3040 729 tum
3074 690 3142 728 ex
3174 675 3332 744 Mss.,
3368 679 3490 730 tum
3514 692 3582 730 ex
3606 692 3738 732 ora-

229 749 390 802 tionis
413 749 564 801 serie
592 764 602 800 :
638 745 850 800 dicitur
877 747 955 800 eis
985 747 1081 815 qui
1109 745 1412 802 adiicerent.
1434 743 1568 800 Non
1605 746 1795 800 minus
1839 744 2061 806 vitiose.
2097 761 2259 798 num.
2296 745 2383 808 11,
2418 743 2750 814 irrepserat,
2777 750 2924 799 tanto
2985 746 3250 815 majorem
3278 763 3456 802 vocem
3490 749 3547 802 in
3576 765 3736 803 aures

228 821 627 888 circumscripti
655 817 886 889 spiritus
907 817 1193 886 exprimit,
1243 835 1343 886 pro
1388 818 1844 889 incircumscr-ipti
1899 818 2147 889 spiritus,
2177 815 2405 889 scilicet
2436 815 2556 869 Dei.
2597 816 2840 880 Ibidem,
2866 819 3126 887 quomodo
3153 818 3415 872 dicuntur
3435 820 3738 874 vindictam

227 891 551 956 desiderare,
583 888 704 959 pro,
739 889 999 961 quomodo
1028 889 1290 943 dicuntur
1313 898 1514 961 petere.
1559 888 1748 961 Νωηῇ
1783 889 1866 950 13,
1921 888 2056 961 ubi“
2077 888 2308 961 legitur,
2344 888 2508 940 Deum
2539 889 2774 961 dicimus
2807 890 2864 942 in
2878 905 2978 942 sua
3011 891 3381 958 propositione
3409 892 3735 960 perdidisse,

227 963 474 1016 additum
507 958 688 1028 grutis
721 958 792 1014 ab
825 959 955 1013 aliis
985 961 1334 1024 Editoribus,
1368 960 1671 1014 victariam.
1706 959 1875 1013 Num.
1901 960 1986 1027 15,
2021 958 2193 1013 iidem
2231 965 2529 1012 mutarunt
2561 959 2799 1024 addicat,
2825 962 2974 1030 quod
3013 958 3734 1030 signiticatcondemnemn

224 1034 472 1088 addiscat.
505 1033 676 1088 Num.
711 1032 794 1098 19,
831 1035 887 1085 in
923 1032 1050 1086 aliis
1081 1032 1264 1087 Editis
1295 1038 1496 1086 contra
1529 1031 1668 1086 Mss.
1707 1031 1902 1090 ﬁdem.
1937 1047 2002 1085 ac
2034 1031 2217 1083 sancti
2246 1031 2506 1085 Doctoris
2531 1040 2806 1097 mentem,
2841 1036 2968 1100 post
3002 1031 3122 1085 haec
3161 1033 3353 1097 verba,
3377 1033 3495 1088 alia
3525 1034 3594 1087 ad
3625 1042 3737 1088 ten-

226 1107 443 1159 tandum
473 1104 592 1171 dat,
623 1104 938 1173 adjectum,
971 1105 1092 1157 alia
1123 1102 1190 1156 ad
1221 1103 1612 1172 afﬂigendum.
1647 1104 1813 1156 Num.
1847 1102 1935 1166 28,
1963 1118 2063 1170 pro
2097 1101 2237 1173 irtus
2272 1102 2577 1163 verberum,
2603 1103 2660 1156 in
2685 1103 2863 1156 Editis
2890 1102 3401 1158 Gussanvill.ictus
3425 1105 3733 1160 verborum.

227 1177 388 1254 Nam.
549 1172 759 1254 βιοοεὶ
793 1175 1028 1254 habent,
1061 1175 1125 1228 de
1155 1175 1578 1254 ternporalibus_
1606 1174 2087 1254 editisﬂlequitur,
2121 1172 2359 1254 incaute
2419 1174 2619 1254 addito
2651 1177 2738 1237 de,
2773 1175 3453 1254 qumparliculdmutai
3469 1191 3732 1254 sensum.

224 1249 386 1302 Num.
424 1250 515 1306 49,
548 1245 760 1318 legitur
787 1248 903 1300 alta
932 1261 1140 1316 sapere,
1165 1263 1266 1316 pro
1296 1262 1508 1318 capere.
1537 1250 1705 1299 Num.
1737 1247 1826 1312 56,
1864 1245 2130 1312 posthaec
2154 1245 2345 1309 verba,
2380 1244 2653 1318 unitatem
2691 1244 2998 1301 concor-dim
3028 1245 3288 1316 perdidit,
3324 1247 3380 1300 in
3419 1247 3602 1302 Editis
3644 1263 3732 1302 se-

224 1322 411 1390 quitur
442 1316 677 1387 longu'm
711 1318 819 1373 boc
850 1326 1262 1390 assumenlumﬁ
1289 1334 1320 1371 a
1351 1317 1900 1390 Mss.reprobatum,
1925 1331 2028 1390 nec
2052 1317 2529 1390 antecedentibus
2545 1316 2842 1390 cohaerens
2868 1333 2970 1372 nec
2990 1319 3518 1390 consequentibus:
3543 1335 3665 1373 cum
3686 1322 3736 1371 et

218 1387 330 1460 post
364 1391 815 1445 resurrectionem
845 1406 1000 1443 suam
1030 1389 1358 1458 quibusdam
1386 1405 1494 1442 non
1516 1389 1810 1443 cret-(ituris
1831 1403 1887 1441 se
1902 1389 2202 1460 abscondit.
2239 1392 2406 1440 Num.
2441 1387 2530 1453 59,
2593 1388 2687 1442 ubi
2732 1389 3073 1459 simpliciter
3105 1387 3434 1457 legendum,
3483 1392 3586 1444 erit
3611 1405 3734 1458 ergo

219 1458 430 1534 quando
458 1461 788 1532 conspicuus
818 1461 987 1515 etiam
1018 1461 1343 1534 Synagogm
1370 1467 1652 1534 appareat,
1699 1461 1784 1534 sic
1816 1460 1886 1534 ab
1914 1458 2238 1534 Editoribus
2299 1463 2614 1534 mutatum,
2649 1463 2756 1514 erit
2788 1458 2912 1534 ergo
2934 1460 3256 1531 quandoque
3305 1462 3738 1534 conspicuusLut

220 1531 384 1588 etiam
416 1531 730 1604 Synagogw
762 1531 1068 1603 appareat.
1091 1532 1263 1586 Num.
1290 1533 1376 1599 60,
1413 1533 1468 1584 in
1528 1532 1772 1604 Excusis
1831 1531 2023 1604 legis,_
2059 1532 2255 1604 accipit
2280 1532 2483 1604 omnia,
2527 1547 2646 1600 pro,
2681 1533 2879 1600 accipit
2929 1537 3071 1587 inter
3098 1535 3285 1586 omnia
3313 1552 3327 1600 ;
3361 1537 3417 1587 et
3448 1549 3611 1587 num.
3643 1533 3734 1604 61,

223 1609 276 1660 ia
305 1601 701 1674 persecutione,
755 1601 854 1674 pro
883 1605 942 1657 in
971 1605 1336 1674 percussione.
1379 1608 1549 1659 Num.
1582 1605 1672 1669 76,
1707 1603 1825 1657 haec
1857 1601 2107 1674 genuina
2131 1601 2528 1666 lectio,domus
2544 1606 2777 1669 eruitur,
2797 1607 3012 1658 mutata
3057 1609 3178 1658 erat
3209 1605 3288 1671 in,
3331 1604 3519 1659 domus
3542 1603 3736 1659 obrui-

225 1673 327 1731 tur.
366 1676 633 1747 Denique
663 1673 816 1731 num.
842 1675 932 1739 92,
951 1673 1119 1744 paulo
1151 1681 1283 1730 ante
1314 1675 1444 1729 libri
1469 1677 1666 1740 tinem,
1702 1675 1818 1729 haec
1850 1673 2136 1747 sententia
2159 1674 2227 1728 de
2258 1674 2475 1744 Spiritu
2493 1680 2696 1729 sancto
2730 1691 2742 1728 :
2777 1676 3518 1744 dissimiliterergospiritus
3535 1677 3595 1728 in
3633 1674 3736 1729 illo

228 1753 426 1873 attinet,
458 1765 491 1802 a
520 1744 626 1873 (lilii:
650 1764 747 1814 per
758 1756 1028 1872 tnaluram
1059 1763 1343 1873 rtiunquum
1375 1747 1596 1814 recedit,
1619 1747 1702 1802 sic
1734 1745 2075 1816 interpolata
2105 1744 2408 1816 legebatur
2439 1760 2453 1800 :
2485 1747 2545 1800 in
2576 1747 2672 1802 illo
2701 1754 2907 1814 manet,
2939 1748 3030 1802 cui
3049 1762 3103 1802 se
3158 1747 3227 1801 ad
3251 1753 3437 1802 votum
3483 1748 3737 1802 substan-

228 1830 287 1873 tia
315 1830 423 1873 iter
453 1836 522 1873 ex
565 1837 581 1872 t
620 1829 690 1873 et.
723 1836 751 1873 e
808 1835 840 1873 α
873 1834 996 1873 auo.
1031 1835 1058 1873 e
1090 1835 1140 1873 c.

220 1821 423 1875 tialiter
453 1821 690 1885 exhibet,
723 1825 777 1873 et
808 1835 840 1873 a
873 1834 996 1885 quo,
1031 1823 1140 1874 etc.

296 1836 423 1874 mer
453 1836 670 1874 exnwet
723 1836 777 1873 et
808 1836 840 1873 a
912 1836 975 1874 uo
1031 1836 1140 1874 etc.

293 1891 370 1946 De
401 1891 495 1946 bis
530 1864 696 1962 porro
728 1836 1194 1946 restitqutibnibus
1224 1893 1280 1946 et
1309 1889 1818 1962 emendationibus
1841 1905 1874 1944 a
1904 1887 2070 1962 nobis
2094 1888 2259 1962 factis
2291 1889 2573 1944 rationem
2593 1890 3196 1962 sempersubjecimus
3219 1889 3276 1946 in
3293 1889 3561 1962 brevibus
3582 1889 3735 1945 notis

230 1963 437 2033 sepius
467 1959 543 2016 ei
563 1962 702 2018 Mss.
736 1978 1024 2017 consensu
1059 1963 1315 2032 petitam.
1348 1961 1588 2025 Quando
1620 1978 1753 2033 vero
1781 1969 1970 2033 vetera
1997 1959 2361 2033 dissentiunt
2391 1959 2767 2032 exemplaria,
2800 1962 3087 2018 variantes
3104 1963 3382 2032 quasdam
3434 1961 3732 2029 lectiones,

228 2031 345 2106 quae
377 2034 630 2103 alicujus
664 2035 940 2106 momenti
970 2031 1289 2106 visaaisunt,
1323 2034 1580 2088 indicare
1605 2032 1747 2088 satis
1788 2031 1956 2088 nobis
1987 2031 2116 2086 fuit.

289 2105 410 2161 VII.
444 2106 709 2162 Secundo
741 2105 1082 2161 divisionem
1114 2105 1289 2174 hujus
1320 2106 1642 2175 operisrsex
1675 2105 1730 2158 in
1766 2109 1958 2174 partes
1988 2121 2021 2158 a
2051 2107 2252 2158 sancto
2287 2105 2524 2158 Doctors
2561 2104 2913 2170 institutam,
2948 2105 3005 2159 in
3034 2106 3249 2160 nostris
3279 2106 3422 2161 Mss.
3464 2105 3737 2160 observa-

233 2181 368 2242 tam,
402 2178 496 2232 sed
533 2178 592 2232 in
625 2177 804 2232 Editis
833 2177 916 2247 (a)
945 2176 1288 2248 neglectam,
1321 2174 1378 2231 et
1416 2194 1446 2230 a
1480 2174 1770 2246 plerisque
1800 2175 2131 2231 Editoribus
2151 2176 2391 2248 forsitan
2416 2175 3278 2248 ignoratamsecutisumus.De
3306 2177 3407 2232 illa
3429 2177 3734 2247 partitione

235 2259 456 2305 sanctus
492 2249 804 2320 Gregorius
836 2246 918 2304 ita
949 2246 1204 2320 loquitur
1234 2249 1290 2302 in
1324 2248 1486 2318 epist.
1522 2249 1590 2302 ad
1621 2249 1940 2320 Leandrum
1976 2263 2108 2302 mox
2141 2246 2506 2320 subjicienda
2538 2263 2550 2301 :
2583 2247 2855 2320 Opushoc
2901 2265 3001 2318 per
3030 2249 3260 2317 trigenta
3293 2253 3344 2303 et
3364 2246 3610 2320 quinque
3636 2262 3732 2320 vo:

241 2321 448 2374 lumina
479 2316 768 2376 extensum
798 2322 854 2373 in
885 2336 982 2375 sex
1012 2316 1293 2376 Codicibus
1323 2316 1554 2388 explevi.
1591 2319 1757 2374 Initio
1780 2319 1907 2373 libri
1941 2334 2033 2372 xi:
2069 2320 2130 2371 In
2177 2317 2430 2387 epistola,
2473 2319 2681 2388 inquit,
2735 2316 2910 2373 libris
2942 2316 3228 2389 prmmissa
3267 2316 3488 2374 causam
3517 2316 3732 2389 reddidi

235 2408 330 2445 cur
355 2394 575 2446 tertiam
605 2393 773 2461 hujus
805 2393 983 2462 operis
1011 2403 1244 2461 partem,
1277 2394 1348 2446 ad
1376 2392 1611 2462 aliarum
1641 2407 1807 2461 usque
1834 2389 2258 2444 similitudinem
2289 2390 2520 2462 minime
2575 2390 2917 2462 emendando
2943 2388 3214 2460 perduxi.
3252 2391 3507 2462 Denique
3528 2390 3587 2444 in
3620 2388 3732 2462 ﬁne

228 2461 352 2518 libri
382 2480 470 2518 xvt
504 2481 517 2520 :
553 2459 847 2519 hac—sicut
871 2466 929 2517 in
959 2459 1122 2529 huius
1165 2466 1338 2533 partis
1374 2467 1552 2518 tertia
1578 2459 1740 2517 initio
1771 2463 2083 2533 promisisse
2112 2460 2493 2533 meimemini,
2535 2461 2631 2515 sub
2665 2461 2922 2517 brevitate
2960 2459 3302 2517 ’transcurri.
3348 2459 3620 2517 Pluribus
3675 2459 3731 2514 id

232 2535 564 2591 conlirmare
595 2536 714 2591 sive
743 2551 810 2590 ex
841 2535 965 2605 ipso
989 2532 1260 2606 Gregorio
1294 2535 1511 2606 petitis,
1545 2535 1661 2588 sive
1692 2549 1760 2588 ex
1789 2532 1917 2587 aliis
1938 2532 2352 2606 scriptoribus,
2382 2547 2570 2606 operte
2599 2535 2844 2606 pretium
2871 2550 2982 2588 non
3001 2540 3108 2606 est,
3134 2535 3346 2606 Itaque,
3366 2534 3556 2604 prima
3572 2547 3729 2603 pars,

234 2551 564 2591 conurmare
595 2552 714 2591 sive
743 2551 810 2590 ex
841 2551 965 2605 ipso
989 2551 1260 2606 uregorlo
1333 2551 1511 2600 enus,
1545 2551 1661 2588 Sive
1692 2551 1760 2588 ex
1789 2551 1917 2587 auis
1950 2551 2352 2602 scriptoribus,
2385 2551 2570 2598 operte
2599 2551 2844 2598 pretium
2871 2551 3108 2589 nonest.
3135 2551 3327 2604 itaque
3366 2551 3556 2604 prima
3572 2551 3729 2603 pars,

234 2611 293 2659 ut
321 2622 386 2662 ex
404 2608 532 2661 Mss.
569 2607 930 2677 inspectione
963 2606 1123 2660 facile
1155 2551 1529 2676 intelligetur,
1563 2607 1819 2659 continet
1840 2605 2107 2677 quinque
2132 2605 2348 2677 priores
2381 2603 2580 2677 libros.
2616 2603 2875 2658 Secunda
2901 2621 3029 2677 pars
3059 2605 3203 2660 alios
3255 2605 3510 2676 quinque
3540 2618 3730 2674 usque

231 2678 296 2732 ad
324 2675 710 2732 undecimum.
746 2679 830 2732 Ab
864 2678 1171 2733 undecimo
1205 2675 1409 2748 incipit
1442 2694 1574 2748 pars
1606 2678 1793 2732 tertia.
1828 2676 2040 2748 Quarta
2070 2693 2100 2728 a
2131 2675 2356 2748 decimo
2389 2676 2657 2748 septimo,
2720 2693 2832 2748 non
2865 2676 2933 2748 ab
2965 2684 3163 2731 octavo
3192 2675 3442 2748 decimo,
3476 2681 3540 2730 ut
3564 2690 3727 2748 men-

235 2748 362 2804 dose
390 2749 640 2804 habetur
671 2751 728 2804 in
752 2751 1014 2806 Editione
1045 2750 1230 2806 Paris.
1267 2746 1424 2814 1518,
1443 2746 1788 2804 inchoatur.
1826 2747 2038 2809 Quinta
2069 2764 2101 2803 a
2132 2746 2412 2819 vigesimo
2444 2747 2634 2814 tertio,
2689 2752 2746 2802 et
2799 2746 3018 2802 desinit
3063 2748 3119 2802 in
3153 2747 3426 2819 vigesimo
3458 2746 3725 2818 septimo.

233 2819 314 2892 Ad
335 2827 564 2892 sextam
600 2827 821 2891 partem
853 2821 997 2878 liber
1025 2822 1340 2892 vigesimus
1372 2819 1889 2892 octavuspertinet
1919 2834 2045 2874 cum
2077 2817 2336 2889 reliquis.

303 2891 441 2947 Vill.
476 2888 667 2948 Tertio
697 2895 800 2948 etsi
835 2888 1468 2962 capitum'divisionem
1494 2893 1564 2947 ab
1596 2888 1668 2946 iis
1699 2891 1798 2962 qui
1841 2907 1945 2945 nos
1979 2888 2401 2962 praecesserunt
2431 2889 2767 2962 Editoribus
2799 2889 3129 2962 institutam
3163 2889 3408 2962 retinere
3439 2889 3498 2962 in
3533 2888 3727 2944 animo

234 2970 392 3027 esset,
427 2981 556 3019 eam
589 2969 782 3020 tamen
815 2967 886 3020 ob
908 2960 1289 3036 gravissimas
1321 2964 1572 3020 rationes
1605 2960 1827 3018 mutare
1857 2962 2038 3036 coacti
2073 2978 2302 3036 sumus.
2336 2961 2614 3036 Sanctum
2645 2960 2987 3036 Gregorium
3009 2962 3080 3036 de
3102 2961 3265 3036 libris
3296 2960 3599 3036 Moralium
3631 2973 3729 3036 per

230 3039 414 3107 capita
442 3036 872 3106 distinguendis
907 3032 1019 3092 non
1049 3053 1286 3092 curasse
1315 3037 1373 3090 in
1407 3036 1668 3091 confesso
1700 3039 1787 3090 est
1807 3033 1963 3104 apud
1992 3049 2214 3107 omnes.
2250 3032 2330 3088 De
2360 3035 2553 3107 primo
2612 3038 2846 3107 auctore
2878 3034 3176 3107 divisionis
3207 3049 3307 3104 per
3336 3032 3734 3107 capitaiaotea

232 3101 354 3232 bec
401 3101 679 3181 leguntur
737 3110 792 3163 in
845 3107 980 3164 Cod.
1050 3108 1378 3164 Colbertino
1411 3113 1601 3164 notato
1631 3107 1722 3174 62,
1757 3101 1888 3178 post
1935 3105 2243 3176 epistolam
2305 3105 2380 3160 ad
2437 3105 2788 3171 Leandrum,
2846 3110 2902 3160 et
2966 3101 3352 3176 prmfationem
3407 3101 3481 3159 'in
3539 3101 3738 3158 Moral.

258 3195 268 3230 ι
319 3196 428 3232 ros.

258 3195 428 3234 ποι-οε.

299 3251 362 3304 1η
392 3251 613 3307 nomine
645 3253 747 3307 Dei
775 3251 983 3318 Patris,
1023 3256 1074 3308 et
1105 3252 1322 3308 Domini
1368 3253 1547 3306 nostri
1592 3252 1717 3307 Jesu
1776 3248 1997 3314 Christi,
2048 3254 2100 3304 et
2130 3247 2375 3319 Spiritus
2406 3251 2603 3303 sancti.
2640 3248 2841 3316 Incipit
2870 3249 3128 3320 prologus
3156 3264 3321 3320 super
3347 3245 3592 3320 capitula
3621 3249 3738 3300 Mo-

230 3322 428 3377 ralium
459 3325 613 3378 beati
640 3323 898 3391 Gregorii
925 3339 1088 3394 papae
1116 3324 1589 3380 venerabilissimi.
1646 3324 1848 3378 Christi
1871 3323 1999 3378 Jesu
2030 3321 2319 3394 Gregorius
2341 3337 2527 3376 servus
2557 3336 2622 3394 ac
2648 3321 2798 3374 urbis
2825 3323 3010 3394 30mm
3035 3319 3179 3394 papa
3228 3319 3738 3394 'venerabilissimus

223 3397 533 3468 composuit,
565 3404 615 3468 et
643 3391 1012 3466 praelitulavit
1041 3396 1217 3451 multa
1246 3396 1540 3451 volumina
1572 3396 1859 3468 librorum.
1896 3395 2218 3468 ΡνῶροδιιίιΔ
2239 3391 2405 3447 etiam
2434 3409 2530 3462 per
2554 3392 2724 3468 libros
2753 3391 2948 3468 seriem
2967 3393 3356 3468 capitulorum.
3377 3392 3740 3468 Fe_c_itquoqu_e_

226 3465 288 3515 in
318 3459 470 3520 verba
497 3459 596 3522 Job
627 3459 1046 3536 expositionem,
1074 3469 1164 3522 sed
1194 3469 1562 3537 capitulorum
1590 3467 1658 3520 ad
1688 3467 1926 3536 ejusdem
1981 3459 2281 3519 sententias
2328 3459 2444 3537 non
2490 3464 2701 3518 addidit
2757 3459 3179 3518 ordinationem.
3227 3466 3400 3537 Igitur
3429 3459 3660 3537 Hearici
3682 3459 3736 3537 ill

227 3537 564 3609 imperatoris
585 3538 661 3609 (b)
695 3532 935 3608 tempore
963 3532 1520 3594 Itainerius'Aretinze
1561 3532 1813 3609 Ecclesiae
1868 3537 2161 3591 canonicus
2216 3536 2518 3604 presbyter,
2551 3551 2650 3609 per
2697 3550 2882 3609 omnes
2909 3537 3024 3609 [ere
3068 3535 3373 3590 sententias
3399 3532 3738 3609 supradit'ltt

225 3608 574 3689 expgsitionis
594 3603 874 3689 vigilanti
893 3610 1153 3689 studiosi
1177 3610 1508 3689 cogitatione
1537 3607 1783 3689 capitula
1802 3609 2110 3689 supposuit,
2129 3603 2254 3689 non.
2278 3610 2501 3689 prapter
2541 3603 2737 3689 inanis
2761 3606 2977 3689 'gloriae
3021 3605 3625 3689 favorem,.sed'ductus
3649 3603 3737 3656 di-

221 3675 342 3732 vini
368 3681 576 3734 amoris
607 3675 722 3736 zelo
743 3687 795 3736 et
816 3681 1056 3737 utilitate
1082 3675 1403 3752 legentium,
1426 3696 1521 3735 seu
1541 3675 1707 3752 etiam
1737 3675 1974 3750 legentes
2003 3677 2390 3740 audientium;
2419 3686 2478 3732 ut
2508 3675 2771 3748 quidquid
2797 3675 2934 3730 utile
2963 3678 3032 3732 ad
3051 3681 3262 3748 tempus
3295 3679 3351 3730 in
3373 3676 3485 3731 illis
3507 3680 3730 3732 senten-

221 3752 318 3804 tiis
349 3760 638 3821 quareret,
672 3755 777 3808 cito
805 3760 863 3808 et
891 3757 1046 3821 quasi
1072 3751 1190 3808 sine
1213 3755 1396 3809 labore
1416 3751 1710 3808 inveniret.

287 3771 318 3803 ιε
349 3771 638 3821 quaereret,
672 3771 777 3808 cito
805 3771 863 3808 ei
926 3771 1044 3808 uasi
1072 3771 1190 3808 sine
1213 3771 1396 3809 taoore
1416 3771 1710 3808 inveniret.

287 3823 347 3875 In
383 3825 677 3892 prioribus
701 3825 850 3880 Edit.
883 3771 1330 3891 garisiensibus,
1365 3829 1420 3878 et
1453 3825 1508 3878 in
1542 3823 1674 3878 aliis
1708 3825 1808 3877 aut
1838 3821 2254 3876 vetustioribus
2288 3823 2389 3874 aut
2414 3820 2527 3892 fere
2555 3819 2932 3892 supparibus,
2958 3819 3086 3874 libri
3121 3819 3428 3892 Moralium
3456 3819 3516 3874 in
3547 3819 3734 3892 varias

220 3889 500 3950 sectiones
533 3896 938 3962 brevissimus,
971 3897 1134 3952 nulla
1167 3889 1591 3966 facta'capitum
1629 3894 1921 3950 mentione
1953 3895 2185 3948 fuerunt
2217 3891 2496 3966 distincti:
2525 3889 2864 3966 Basiieensis
2894 3893 3163 3966 an._1503
3196 3891 3429 3966 exbibct
3452 3889 3736 3966 capitulo-

221 3980 348 4039 rum
377 3967 764 4037 partitionem,
788 3985 962 4039 quam
996 3969 1360 4024 retinuerunt
1389 3961 1698 4039 sequentes
1733 3967 1994 4039 Editores
2026 3964 2302 4039 usquead
2335 3963 2626 4039 Coccium.
2653 3961 2928 4039 Hic_e_nim
2963 3962 3242 4039 alia_m,_ut
3273 3961 3728 4039 ipseprtnt‘atur,

220 4032 518 4094 divisionis
552 4032 894 4096 methodum
929 4048 1186 4106 secutus,
1221 4057 1369 4096 nova
1400 4032 1594 4110 capita
1627 4037 1882 4093 instituit
1917 4051 1930 4103 ;
1956 4053 2091 4110 quis
2113 4032 2318 4110 divisio
2339 4035 2400 4110 in
2418 4034 2687 4090 omnibus
2717 4034 2854 4110 aliis
2877 4032 3523 4110 posterioribus_Editis_
3550 4047 3736 4110 perse-

221 4111 445 4165 veravit.
485 4111 697 4166 Verum
735 4118 794 4167 ut
821 4113 894 4166 ab
921 4114 1024 4167 hac
1055 4118 1110 4167 et
1141 4103 1212 4166 ab
1242 4129 1309 4167 ea
1339 4103 1489 4180 quze'
1515 4113 1883 4180 praecesserat
1940 4103 2236 4180 dividendi
2297 4106 2518 4162 ratione
2567 4103 2992 4180 recederemus,
3029 4105 3345 4180 persuasit
3376 4104 3528 4173 quod
3571 4103 3728 4180 idem

221 4190 388 4254 caput
415 4199 566 4254 saepe
597 4184 827 4240 diversa
869 4185 1095 4254 penitus
1127 4177 1436 4251 complecti
1468 4177 1968 4254 observaverimus
2002 4196 2014 4245 ;
2051 4188 2149 4254 apt
2178 4179 2330 4254 idem
2363 4177 2928 4254 argumentum,_cu_i_
2948 4177 3502 4254 unicum‘deberetur
3529 4177 3727 4254 caput,

223 4245 810 4332 in-plura'distribui.
844 4245 1119 4326 Exemplo
1152 4245 1356 4310 siut-in
1381 4254 1666 4310 veteribus
1701 4253 1883 4308 Editis
1905 4256 2037 4306 ante
2069 4250 2337 4334 Coccium
2365 4245 2536 4333 capp.
2571 4249 2690 4331 3,.4
2720 4250 2838 4331 et
2874 4249 3001 4304 libri
3029 4248 3223 4374 primi,
3246 4265 3322 4330 .ac
3353 4247 3409 4302 in
3444 4245 3729 4328 posterio-

225 4323 379 4374 nbus
408 4325 775 4374 Editinnihng
808 4327 1090 4374 Cncniann
1119 4332 1172 4374 et
1205 4328 1429 4374 (steteris
1461 4342 1586 4374 cum
1610 4329 1823 4374 secutas
1855 4331 2012 4374 sunt.
2045 4326 2307 4374 eiusdem
2339 4322 2469 4374 libri
2522 4326 2714 4374 canita
2744 4325 2918 4374 etiam
2943 4323 2995 4374 3.
3090 4325 3145 4374 et
3172 4322 3304 4374 5.1a
3327 4335 3440 4374 auo
3481 4317 3729 4373 absolv1-

225 4317 379 4380 ribus
408 4325 775 4381 Editionibus
808 4317 1090 4382 Cocciana
1119 4332 1172 4381 et
1205 4328 1429 4382 caeteris
1461 4342 1586 4397 quae
1610 4329 1823 4380 secutae
1855 4331 2012 4389 sunt,
2045 4323 2307 4397 ejusdem
2339 4317 2498 4397 libr'i'
2522 4321 2714 4392 capita
2744 4321 2918 4397 etiam
2943 4317 3058 4397 3,];
3090 4325 3145 4375 et
3170 4319 3304 4397 _5,in
3327 4317 3460 4397 quo,
3481 4317 3732 4397 absolvi-

225 4401 312 4469 ειμι
339 4397 644 4467 explicatio
680 4399 954 4455 historica
986 4398 1371 4469 litteralisque
1401 4389 1590 4452 teitus
1619 4397 1831 4463 Job,ac
1863 4389 2092 4469 mutato
2116 4392 2265 4463 stylo
2289 4389 2608 4449 inchoatur
2624 4393 2905 4464 expositio
2946 4389 3255 4464 allegorica
3285 4391 3354 4446 ad
3379 4391 3500 4445 haec
3521 4389 3728 4444 verba:

231 4467 326 4518 Vir
350 4466 464 4522 erat
497 4472 555 4522 in
588 4476 736 4526 terra
766 4471 898 4538 tius,
939 4474 1076 4535 etc.,
1113 4471 1231 4526 haec
1260 4466 1355 4536 per
1377 4470 1663 4524 historiam
1691 4469 1845 4538 facta
1867 4466 2173 4538 credimus,
2221 4474 2327 4521 etc.

290 4538 650 4624 Cum‘iiaqu'e
675 4611 686 4624 '
707 4532 911 4597 neuter
935 4532 1192 4624 capitum
1226 4532 2016 4624 assignandorumari-idem}
2049 4537 2277 4624 nitidus,
2309 4552 2444 4592 eum
2465 4535 2716 4624 amplexi
2748 4536 3367 4624 sumasquemoti'erre
3385 4532 3732 4624 videbantur

230 4611 406 4685 textus
437 4603 572 4667 libri
599 4611 706 4668 Job
736 4629 936 4670 versus
962 4603 1058 4669 aut
1089 4613 1299 4685 integri
1321 4603 1420 4669 a‘ut
1450 4611 1756 4685 dimidiati,
1791 4611 1932 4666 dum
1965 4609 2267 4685 sigiliatim
2287 4626 2320 4664 a
2342 4613 2540 4685 sancto
2555 4603 2800 4685 Doctore
2821 4603 3147 4685 euplicandi
3185 4611 3624 4685 preponuntur;
3650 4603 3730 4657 ita

230 4685 284 4759 nt
313 4682 458 4738 idem
492 4686 610 4740 fere
641 4701 872 4754 semper
901 4686 974 4742 sit
1006 4691 1063 4741 et
1094 4680 1298 4811 capitis
1347 4689 1402 4740 et
1434 4683 1802 4755 paraphrasis
1860 4698 1961 4738 seu
1993 4680 2397 4763 explicationis
2447 4681 2771 4735 exordium.
2833 4680 3225 4736 Nihilominus
3259 4685 3453 4735 tamen
3507 4681 3727 4756 textum

233 4765 282 4804 In
313 4754 562 4811 minores
603 4758 891 4811 sectiones
925 4773 1164 4811 numera
1197 4757 1325 4811 ibus
1385 4757 1535 4811 notis
1597 4754 1906 4809 distinctas
1940 4753 2141 4811 partiri
2197 4753 2548 4808 curavimus.
2597 4751 2858 4807 Priorum
2910 4752 3086 4808 etiam
3141 4751 3474 4806 Editionum
3545 4754 3727 4811 capita

233 4751 282 4804 in
313 4754 562 4811 minores
603 4751 891 4812 sectiones
925 4751 1325 4812 nemoralibus
1385 4751 1535 4811 notis
1578 4751 1906 4809 'distinctas
1940 4751 2141 4821 partiri
2197 4753 2548 4808 curavimus.
2597 4751 2858 4807 Priorum
2910 4752 3086 4808 etiam
3141 4751 3500 4821 Editionum_
3545 4751 3733 4814 capita

234 4821 372 4904 inter
399 4827 642 4904 uncinos
673 4829 1123 4904 assignavimus,
1185 4833 1250 4904 ut
1276 4826 1745 4904 quasjuxtaillas
1794 4819 2090 4904 Editi—ones
2155 4825 2373 4904 passim
2433 4824 2491 4904 in
2549 4823 2714 4904 libris
2766 4822 3096 4904 laud_antu_r,
3123 4823 3282 4878 nullo
3317 4819 3542 4891 negotio
3594 4831 3731 4886 pos-

235 4896 335 4950 sint
362 4898 624 4956 inveniri.
659 4896 1019 4956 VetuStiores
1052 4905 1184 4955 ante
1213 4896 1555 4956 Coccianam
1593 4898 1700 4953 νει.
1738 4896 2104 4967 appellamus
2136 4914 2152 4964 ;
2186 4897 2335 4951 banc
2365 4901 2557 4951 autem
2589 4901 2647 4950 et
2675 4900 2997 4966 sequentes.
3019 4897 3136 4951 Rec.
3251 4963 3285 4967 _
3464 4959 3474 4967 _
3565 4962 3574 4967 _
3625 4956 3660 4967 η

297 4968 632 5038 lX.Quarto,
667 4979 1007 5041 argumenta
1039 4973 1297 5044 capitum
1340 4989 1481 5040 pene
1514 4959 2147 5044 ubique_m'uta_vimus,'
2176 4969 2325 5044 quod
2342 4969 2522 5044 textui
2549 4959 3228 5044 minimeresponderent.
3251 4959 3515 5044 Esemplo
3530 4959 3727 5014 statim

243 5045 461 5115 occurrit
493 5037 902 5115 argumentum
936 5037 1142 5115 capitis
1177 5045 1192 5097 1
1236 5037 1588 5114 praifationis
1637 5037 1867 5115 ln_Edit.
1904 5039 2084 5115 Paris.
2135 5037 2227 5094 an.
2262 5039 2696 5115 15184,i_legitur
2729 5056 2740 5093 :
2776 5039 2838 5092 de
2867 5037 2974 5109 qua
3003 5041 3194 5115 stirpe,
3226 5037 3310 5088 vel
3341 5037 3730 5115 quoute‘mpore

238 5109 386 5186 fuerit
412 5115 506 5170 Job
537 5101 742 5186 ,‘uquod
775 5118 832 5171 in
859 5101 1352 5186 sequentibos'Ed.
1382 5117 1551 5170 etiam
1587 5111 2165 5186 inqussanvillmana
2199 5129 2290 5186 an.
2339 5101 2950 5186 1675,_perseveravit.
2993 5112 3266 5186 _Attamen
3295 5101 3485 5186 ssncti
3519 5101 3730 5186 (ξι-θεοῖ

242 5180 293 5233 rii
316 5174 546 5253 scOpum
583 5174 823 5242 minime
855 5174 1228 5256 repraesentat
1263 5212 1276 5253 ;
1309 5187 1542 5241 disserit
1574 5185 1725 5240 enim
1759 5185 1865 5238 hoc
1897 5183 2020 5238 loco
2051 5185 2121 5238 de
2165 5185 2444 5256 scriptore
2474 5174 2618 5256 libri
2647 5182 2754 5256 Job
2789 5200 2801 5248 ;
2829 5180 3034 5250 quierit
3066 5186 3260 5256 utrum
3295 5174 3727 5256 Moyses‘t'uerit

241 5250 576 5331 autaliusex
619 5250 936 5331 prophetis,
962 5276 1026 5314 ac
1053 5250 1282 5314 tandem
1309 5259 1476 5313 docet
1504 5257 2067 5331 Spiritumsanctum
2100 5250 2602 5331 sacribujuslibri
2626 5253 2817 5308 solum
2841 5266 2969 5306 esse
2990 5254 3308 5316 auctorem,
3329 5262 3498 5302 usum
3528 5250 3728 5302 tamen

240 5326 395 5393 ipsius
423 5329 530 5386 Job
550 5329 793 5399 calamo,
829 5332 977 5403 quod
1011 5332 1068 5385 in
1100 5335 1442 5402 argumento
1475 5329 1929 5401 signiﬁcandum
1951 5343 2077 5384 esse
2101 5327 2574 5384 existimavimus.

292 5471 360 5544 (a)
391 5474 452 5527 In
475 5473 617 5544 edit.
652 5473 832 5528 Paris.
867 5489 959 5529 an.
987 5474 1144 5537 1518,
1189 5474 1452 5544 quadam
1479 5477 1616 5528 sunt
1648 5472 1824 5542 bujus
1857 5470 2162 5544 divisionis
2195 5468 2454 5544 vestigia.
2487 5465 3037 5544 Nam_ante_l_ibrum
3062 5461 3724 5544 _undecimum_legitiir:

239 5535 700 5617 tiberiundecimus
732 5549 898 5600 totius
926 5545 1101 5617 aperis
1132 5535 1151 5608 ξ
1181 5535 1398 5600 ιὲνίίαιη
1417 5535 1805 5610 notatpartém
1823 5542 2054 5617 moralis
2074 5535 2450 5617 expositionis,
2471 5544 2578 5617 etc.
2600 5539 2682 5617 ‘Et
2724 5538 2888 5617 initio
2917 5538 3013 5617 lib.
3045 5535 3539 5617 decimipctavis
3569 5535 3730 5617 Liber

235 5611 426 5686 tiaralis
450 5619 625 5671 sancti
666 5616 918 5686 Gregorii
956 5607 1206 5673 decimus
1258 5625 1497 5682 octavus,
1531 5607 1782 5672 et'totius
1812 5615 1994 5685 operis
2018 5607 2168 5686 pars
2197 5615 2410 5684 quarta.
2471 5610 2732 5686 Denique
2773 5610 3050 5686 incapite
3082 5609 3181 5666 lib.
3229 5607 3491 5680 vigesimi
3525 5607 3678 5661 tertii
3707 5621 3720 5662 :

238 5683 393 5760 Tutius
421 5691 595 5758 aperis
623 5682 995 5760 parsquinta.
1031 5689 1311 5745 Castorum
1347 5689 1527 5760 partis
1558 5688 1781 5759 primae,
1817 5682 2084 5760 secundis
2115 5689 2171 5760 et
2200 5682 2370 5760 sextis
2393 5683 2552 5740 nulla
2585 5683 2644 5739 ﬁt
2675 5682 2910 5741 mentio.

289 5759 356 5834 (b)
389 5755 679 5833 Imperare
710 5755 883 5838 caipit
914 5777 1006 5818 an.
1046 5762 1203 5834 1002,
1237 5755 1856 5821 nec'seriuiexsrstus
1888 5761 1977 5820 est
2006 5756 2099 5814 hic
2121 5755 2330 5816 Codex.
