4086 6166
179 210 292 270 509

1073 213 1352 275 SANCTI
1396 215 1766 277 GREGORII
1816 211 2050 274 MAGNI
2101 211 2302 274 LIBRI
2350 213 2796 276 MORALIUM.

3575 220 3696 280 510

179 341 490 412 Scripturas
551 345 778 399 amator
826 343 1310 403 ferventissimus.
1364 348 1530 404 Venit
1585 366 1718 421 ergo
1769 350 1882 404 Ro-
1917 351 1963 415 Α
1998 347 2147 417 quit,
2181 347 2288 414 illi,
2322 363 2452 418 quos
2497 346 2881 418 praecedentes,
2921 362 3082 419 seque
3121 350 3352 403 invicem
3397 367 3568 406 manu
3607 355 3696 407 in-

187 448 359 495 mam,
419 433 902 504 prasentatisque
933 435 1224 506 regalibus
1255 437 1512 508 epistolis
1544 443 1599 494 et
1632 439 1885 494 muneri-

182 522 311 589 bus,
343 535 479 576 cum
514 522 585 576 de
616 521 708 576 die
741 522 799 576 in
832 523 984 578 diem
1033 524 1255 581 videret
1287 526 1625 598 petitionem
1659 544 1826 583 suam
1857 544 1890 581 a

180 611 579 682 papaditlerri,
597 612 765 680 quasi
786 629 898 683 praa
919 613 1295 670 multitudine
1314 616 1559 672 aliorum
1585 617 1885 687 librorum,

185 700 265 755 illi
315 716 466 770 quos
523 703 839 772 quaerebat,
899 719 1012 758 non
1065 710 1294 772 possent
1344 707 1402 761 in
1453 708 1684 763 archivo
1733 708 1886 764 sedis

183 789 512 860 apostolicae
566 790 824 860 reperiri,
860 791 930 846 ad
986 791 1261 848 ultimum
1312 795 1623 866 postulavit
1675 802 1737 850 ut
1767 796 1883 852 sal-

181 885 292 934 tem
325 878 439 933 sibi
471 878 705 934 licentia
735 881 992 951 daretur,
1022 899 1139 938 una
1161 888 1330 939 nocte
1362 886 1587 956 integra
1620 890 1674 940 in
1707 886 1884 942 eccle-

182 969 263 1026 sia
290 968 446 1024 beati
479 969 629 1024 Petri
665 970 942 1040 vigilandi
976 977 1032 1027 et
1059 974 1282 1030 orandi.
1317 977 1440 1040 Qua
1471 981 1724 1047 accepta,
1752 993 1882 1033 cum

181 1058 400 1113 enixius
435 1061 766 1114 obsecraret
815 1060 1020 1124 Deum,
1075 1071 1129 1117 ut
1177 1065 1538 1136 jamjamque
1577 1069 1665 1121 sui
1711 1069 1884 1124 itine-

183 1148 254 1202 ris
295 1149 538 1204 eﬂ‘ectus
586 1160 1044 1220 prosperaretur,
1093 1169 1224 1209 ecce
1263 1156 1417 1212 circa
1459 1158 1708 1212 mediam
1746 1175 1883 1212 noc-

178 1241 286 1290 tem
318 1238 378 1291 in
413 1237 544 1306 ipso
575 1238 856 1293 orationis
898 1239 1113 1296 fervore
1153 1243 1497 1313 persistens,
1530 1246 1669 1300 vidit
1703 1251 1880 1301 totam

175 1325 493 1381 Ecclesiam
526 1327 814 1383 immenso
847 1327 1070 1385 lumine
1100 1332 1330 1403 repleri.
1357 1334 1574 1390 Deinde
1608 1337 1881 1407 prospicit

175 1431 440 1482 magnam
483 1419 938 1474 reverendorum
973 1421 1221 1477 virorum
1258 1423 1438 1480 niveis
1488 1426 1748 1482 vestibus
1790 1428 1876 1482 in-

177 1504 450 1561 dutorum
483 1507 949 1577 multitudinem,
983 1511 1225 1580 januam
1265 1513 1518 1570 ecclesiae
1548 1515 1880 1588 ingredien-

177 1599 312 1663 tem,
372 1601 430 1651 et
492 1597 720 1653 decenti
770 1599 971 1654 ordine
1030 1600 1198 1657 binos
1246 1609 1304 1658 et
1354 1605 1523 1660 binos
1573 1607 1643 1660 ad
1696 1606 1877 1681 altare

172 1685 353 1741 sancti
423 1685 572 1742 Petri
648 1689 1004 1745 tendentem.
1083 1692 1339 1764 Cumque
1414 1696 1595 1752 nimio
1663 1705 1952 1788 terroreB

174 1776 536 1846 perterritus,
587 1778 658 1832 de
707 1776 832 1834 loco
864 1779 921 1834 in
955 1797 1071 1851 quo
1121 1783 1334 1848 stabat,
1381 1801 1442 1840 se
1489 1802 1718 1842 movere
1758 1805 1871 1844 non

174 1869 428 1932 auderet,
463 1882 597 1922 ecce
625 1868 772 1922 vidit
803 1869 948 1924 duos
971 1886 1038 1925 ex
1068 1871 1152 1926 eis
1184 1873 1253 1928 de
1276 1879 1426 1930 coetu
1459 1890 1658 1931 eorum
1685 1893 1876 1948 egres.

172 1965 262 2006 eos
293 1952 364 2006 ad
402 1968 462 2006 se
485 1952 803 2010 venientes.
828 1956 904 2010 Ex
935 1957 1150 2027 quibus
1173 1975 1325 2015 unus
1353 1961 1598 2017 dulciter
1617 1963 1882 2020 salutans

178 2054 325 2105 eum,
362 2046 746 2112 percontatur
773 2045 904 2114 quis
934 2053 1107 2113 esset,
1128 2049 1280 2103 unde
1310 2054 1367 2105 et
1397 2067 1501 2106 cur
1529 2053 1802 2120 venisset,
1825 2057 1881 2109 et

170 2145 270 2184 cur
287 2147 349 2187 ea
376 2131 524 2189 hora
547 2134 624 2189 ibi
643 2134 927 2205 vigilaret.
949 2136 1233 2208 Episcopo
1269 2155 1400 2197 vero
1422 2143 1492 2197 ad
1517 2143 1747 2214 singula
1764 2160 1880 2199 res-

170 2223 488 2291 pondente,
530 2227 831 2296 totamque
863 2225 1087 2282 itineris
1129 2229 1222 2284 sui
1253 2234 1309 2285 et
1339 2232 1616 2288 orationis
1647 2249 1878 2290 causam

165 2311 474 2380 referente,
503 2311 556 2368 is
587 2313 719 2384 quis
750 2315 1084 2387 advenerat,
1106 2317 1352 2389 digitum
1387 2323 1738 2392 protendens
1773 2340 1785 2378 :
1821 2326 1880 2378 in

163 2398 396 2464 scrinio,
430 2398 646 2469 inquit,
681 2399 789 2454 illo
819 2403 960 2472 quod
987 2405 1190 2473 cernis,
1215 2408 1566 2462 continentur
1595 2408 1731 2462 libri
1749 2424 1879 2479 quos

162 2488 389 2555 quzris.
423 2488 590 2544 Tunc
619 2505 756 2544 vero
787 2491 1096 2562 episcopus
1129 2493 1342 2551 fiducia
1371 2501 1694 2568 assumpta,
1721 2497 1881 2553 Obse-

159 2589 268 2640 cro,
303 2576 514 2648 inquit,
547 2577 630 2632 mi
657 2578 900 2650 domine,
940 2589 1002 2635 ut
1043 2583 1180 2637 mihi
1209 2600 1360 2642 servo
1394 2595 1486 2642 tuo
1513 2587 1751 2658 pandere
1777 2586 1866 2640 di-

171 2667 351 2731 gneris
400 2681 660 2738 quanam
707 2670 778 2723 sit
808 2669 909 2724 illa
938 2687 1102 2742 quam
1135 2689 1318 2741 cerno,
1352 2683 1466 2731 tam
1492 2677 1761 2747 praeclara
1791 2677 1875 2731 vi-

1994 447 2144 492 serta
2173 436 2323 490 vides
2343 437 2772 507 comptectentes,
2811 437 2968 508 [xxxi]
3003 438 3145 492 beati
3173 437 3405 507 apostoli
3432 447 3561 494 sunt
3596 446 3700 497 Pe-

1996 533 2113 580 trus
2135 531 2183 581 et
2217 527 2437 582 Paulus.
2485 526 2701 598 Reliqui
2740 543 2884 589 vero,
2919 543 3050 598 quos
3080 538 3196 598 post
3227 544 3315 582 eos
3343 528 3520 584 cernis
3540 538 3696 583 stan-

1993 617 2093 680 tes,
2119 615 2224 684 ipsi
2248 619 2375 670 sunt
2404 630 2728 670 successores
2771 631 2983 683 eorum,
3027 616 3190 686 hujus
3219 619 3534 687 apostolicae
3558 618 3701 674 sedis

1988 705 2293 773 pontiﬁces.
2331 705 2390 758 Et
2421 704 2605 758 eodem
2639 704 2860 766 ordine,
2893 721 2996 775 quo
3025 721 3111 761 eos
3142 708 3201 760 in
3231 709 3542 777 episcopatu
3571 716 3699 762 sunt

1989 797 2181 862 secuti,
2213 798 2379 851 etiam
2419 812 2566 850 nunc
2609 813 2699 851 eos
2747 806 3070 867 sequuntur.
3123 799 3182 852 Et
3231 797 3376 852 sicut
3415 799 3555 853 hanc
3599 804 3696 855 Ec-

1988 885 2212 939 clesium
2245 886 2300 940 in
2333 894 2447 940 vita
2474 901 2576 939 sua
2597 885 2938 953 dilexerunt,
2976 886 3060 940 ita
3091 891 3143 940 et
3172 903 3321 942 nunc
3349 896 3465 957 post
3492 889 3700 943 obitum

1987 973 2248 1042 diligunt,
2314 980 2366 1029 et
2413 977 2729 1044 frequenter
2789 992 2909 1030 eam
2954 975 3187 1030 invisere
3228 977 3474 1030 veniunt.
3537 978 3699 1032 Tunc

1988 1063 2316 1134 episcopus,
2367 1064 2496 1127 Oro,
2555 1063 2765 1136 inquit,
2828 1065 2908 1119 mi
2955 1064 3192 1130 domine,
3251 1073 3312 1119 ut
3355 1067 3506 1122 dicas
3554 1068 3698 1120 mihi

1987 1157 2238 1226 quisnam
2285 1163 2344 1211 tu
2380 1159 2493 1227 ipse
2522 1156 2619 1211 sis.
2663 1156 2762 1212 Ille
2793 1157 3092 1228 respondit
3125 1173 3138 1211 :
3186 1159 3291 1227 Ego
3333 1173 3455 1212 sum
3488 1156 3691 1227 Grego-

1985 1248 2123 1313 rius,
2164 1263 2264 1316 pro
2294 1248 2448 1316 cujus
2473 1246 2631 1301 libris
2657 1248 2802 1301 tanti
2832 1249 3041 1302 itineris
3075 1246 3320 1301 laborem
3351 1249 3686 1305 sustinuisti.

1984 1334 2210 1405 Ideoque
2240 1351 2384 1390 nunc
2425 1338 2550 1390 veni
2596 1339 2650 1390 ut
2693 1339 2800 1390 tua:
2829 1336 3206 1407 satisfacerem
3233 1339 3500 1408 petitioni.
3524 1337 3688 1391 Tunc

1983 1424 2292 1494 episcopus
2325 1425 2536 1497 inquit,
2572 1427 2822 1493 Obsecro,
2861 1426 3074 1482 domine
3115 1429 3211 1493 mi,
3245 1429 3292 1480 si
3321 1426 3406 1481 hic
3434 1435 3530 1494 est,
3554 1427 3692 1480 mihi

1982 1511 2128 1568 dicas
2169 1517 2422 1585 quisnam
2469 1517 2696 1570 istorum
2745 1519 2825 1571 est
2858 1515 3008 1586 [Vet.
3051 1515 3212 1581 edit.,
3263 1516 3323 1570 Si
3366 1515 3453 1570 hie
3496 1522 3596 1582 est,
3641 1523 3692 1570 et

1983 1604 2208 1673 quinam
2239 1603 2342 1673 est]
2375 1605 2559 1660 beatus
2599 1607 2766 1661 Pater
2805 1606 3165 1676 Augustinus,
3196 1607 3349 1674 cujus
3382 1605 3548 1660 libros
3579 1619 3690 1660 non

1982 1695 2166 1747 minus
2201 1709 2365 1762 quam
2396 1701 2519 1748 tuos
2547 1694 2736 1749 dilexi.
2777 1694 3090 1764 Respondit
3123 1712 3135 1748 :
3172 1695 3402 1748 Beatum
3432 1693 3692 1761 Augusti-

1981 1795 2110 1833 num
2139 1783 2320 1834 virum
2367 1779 2906 1848 excellentissimum,
2951 1780 3015 1836 de
3044 1797 3146 1851 quo
3185 1781 3411 1850 queris,
3461 1781 3628 1836 altior
3657 1796 3688 1834 a

1982 1868 2138 1924 nobis
2167 1871 2407 1923 continet
2439 1871 2606 1926 locus.
2632 1871 2760 1925 Rrec
2791 1868 2952 1935 dixit,
2991 1869 3310 1940 statimque
3341 1884 3473 1923 cum
3505 1867 3687 1937 socio,

1985 1958 2083 2028 qui
2117 1973 2312 2014 secum
2367 1965 2625 2026 venerat,
2671 1961 2740 2016 ad
2795 1964 3005 2016 castum
3038 1959 3276 2014 aliorum
3310 1957 3501 2014 rediit.
3534 1958 3692 2012 Post-

1984 2066 2070 2110 ea,
2101 2049 2333 2105 vidente
2383 2051 2675 2121 episcopo,
2727 2067 2931 2108 omnes
2984 2050 3160 2106 simul
3209 2051 3281 2107 ad
3324 2049 3504 2106 altare
3536 2047 3690 2104 beati

1986 2137 2132 2192 Petri
2167 2144 2492 2194 reverenter
2521 2139 2836 2195 submissis
2875 2138 3166 2211 capitibus
3199 2137 3566 2202 inclinantes,
3600 2152 3691 2192 eo-

1984 2228 2115 2283 dem
2149 2243 2264 2298 quo
2306 2233 2583 2283 venerant
2622 2229 2842 2299 ordine,
2865 2231 3103 2298 januam
3138 2227 3408 2282 Ecclesia;
3439 2226 3688 2296 repetie-

1982 2319 2144 2382 runt,
2179 2323 2231 2370 et
2263 2331 2384 2370 cum
2420 2315 2637 2371 lumine
2669 2319 2822 2388 quod
2850 2317 3011 2388 prius
3040 2316 3260 2371 viderat
3289 2317 3682 2371 recesserunt.

1983 2406 2151 2460 Mane
2182 2410 2375 2460 autem
2425 2407 2595 2472 facto,
2639 2408 2915 2478 praefatus
2957 2407 3262 2478 episcopus
3304 2404 3541 2460 domino
3581 2404 3685 2458 Pa-

1983 2512 2068 2567 pae
2105 2499 2316 2550 cuucta
2354 2511 2485 2566 quas
2527 2496 2754 2552 viderat
2793 2495 3011 2552 retulit.
3065 2495 3278 2567 Sicque
3318 2497 3586 2565 acceptos
3625 2497 3685 2548 et

1983 2584 2305 2656 descriptos
2338 2583 2514 2640 libros
2549 2585 2852 2641 Moralium
2886 2586 2945 2642 in
2977 2586 3314 2658 Hispaniam
3348 2581 3683 2655 reportavit.

1985 2677 2257 2744 Hancque
2299 2673 2579 2730 visionem
2629 2679 2716 2732 eis
2759 2676 3031 2746 deinceps
3079 2675 3388 2746 pranotari
3434 2680 3488 2727 et
3537 2688 3680 2743 prea-

170 2769 349 2809 rorum
377 2759 672 2827 processio.
728 2759 1002 2817 Protinus
1041 2759 1139 2817 ille
1179 2766 1558 2836 respondens,
1601 2770 1738 2833 Duo,
1774 2767 1866 2823 in-
1897 2755 1942 2818 C
1983 2769 2152 2825 scribi
2183 2768 2454 2824 instituit.

182 2903 2618 2934 Μ

512 2919 3673 2934 im”

181 2919 3673 2977 ῃ

600 3044 1344 3178 SANCTI
1437 3049 2420 3185 GBEGOBII
2509 3049 3190 3184 MAGNI

1556 3251 1835 3308 ROMANI
1875 3252 2275 3311 PONTIFICIS

420 3367 2219 3603 MOBALIUM
2413 3377 3400 3623 LIBRI,

1819 3671 1984 3727 SIVE

686 3808 1591 3946 EXPOSITIO
1659 3813 1822 3943 IN
1887 3814 2514 3948 LIBRUM
2581 3817 2705 3950 B.
2783 3809 3117 3946 JOB.

1353 4027 2445 4068 ψη

1633 4128 2086 4260 αἶρίεειοια
2132 4141 2166 4181 ⁸

423 4317 493 4377 In
521 4335 642 4398 qua
672 4316 868 4400 operis
894 4318 988 4379 sui
1019 4329 1263 4401 tempus,
1293 4318 1676 4394 occasionem,
1708 4321 2082 4463 d’ivisioneqi,
2116 4324 2447 4384 institutum
2475 4341 2545 4384 ac
2573 4320 2814 4384 dicendi
2843 4329 2901 4382 et
2928 4316 3372 4400 interpretandi

1628 4423 1720 4463 mo
1768 4424 1864 4463 um
1892 4423 2010 4463 eam
2039 4415 2181 4463 teat.

1628 4415 1864 4465 modum
1892 4415 2181 4486 explicat.

706 4645 942 4703 CAPUT
982 4647 1292 4704 PRIMUM.

189 4722 303 4794 Opus
342 4731 659 4804 subsequens
710 4736 926 4806 quando
984 4737 1326 4807 inchoatum,
1384 4755 1491 4810 qua
1550 4740 1846 4809 occasione,

351 4824 534 4891 quibus
577 4826 973 4893 hortatoribus,
1024 4827 1222 4899 quidve
1259 4829 1641 4899 rogitantibus.

243 4907 271 4962 Ι
309 4908 798 4972 Reverendissimo
819 4922 874 4972 et
896 4918 1266 4974 sanctissimo
1296 4919 1371 4991 (b)
1397 4920 1557 4975 fratri
1592 4921 1847 4976 Leandre

231 5037 295 5116 (c)
315 5035 491 5116 Ijujus
513 5042 766 5116 epistolae
781 5045 1040 5101 meminit
1065 5050 1306 5102 sanctus
1327 5046 1584 5102 Isidorus
1598 5045 1814 5116 Hispal.
1829 5089 1843 5115 ,

169 5106 204 5189 1..
236 5108 294 5163 de
322 5106 507 5189 Sci-ip.
546 5106 723 5189 Eccl_.,
756 5131 884 5187 cap.
916 5117 1007 5171 27.
1054 5117 1300 5188 Scripsit,
1343 5118 1559 5189 inquit,
1601 5123 1650 5172 et
1688 5106 1846 5189 quas;

167 5178 278 5260 dant
321 5178 574 5260 epistplas
613 5178 911 5260 ad'préd.
964 5178 1297 5256 Leandrum,
1343 5206 1372 5244 e
1414 5178 1604 5260 quibus
1640 5178 1751 5244 una
1783 5189 1842 5244 in

169 5253 486 5340 eisdem’lt'b.
537 5257 652 5322 Job,
704 5253 870 5340 titulo
920 5253 1636 5340 praefationis;annectitur.
1684 5260 1842 5317 Unde

169 5327 460 5399 premium
485 5343 590 5382 seu
611 5331 895 5399 protogus,
917 5327 975 5386 in
999 5333 1138 5386 Mss.
1164 5332 1412 5386 (lolbert.
1437 5332 1837 5399 Germanens.,

166 5395 436 5474 Norman,
469 5395 622 5474 etc,
648 5395 976 5474 appellatur
1007 5422 1018 5456 :
1057 5420 1183 5474 quas
1227 5404 1470 5459 fortasse
1518 5420 1697 5460 causa
1735 5395 1841 5459 fuit

163 5484 246 5542 cur
285 5469 655 5542 epistolarum
692 5469 954 5542 Registro
994 5469 1109 5530 non
1155 5474 1590 5530 inscriberetur.
1635 5476 1838 5531 Libros

1882 4655 1928 4720 D
1960 4651 2325 4724 coepiscopo,
2362 4650 2673 4723 Gregorius
2714 4665 2916 4706 servus
2945 4663 3244 4705 servorum
3273 4646 3395 4702 Dei.

2032 4743 2263 4797 Dudum
2283 4746 2359 4809 te,
2379 4741 2554 4797 frater
2570 4739 2926 4808 beatissime,
2942 4739 3000 4794 in
3018 4734 3660 4805 Constantinopolitana

1960 4831 2104 4888 urbe
2119 4847 2493 4902 cognoscens,
2507 4847 2640 4887 cum
2664 4846 2750 4886 me
2773 4828 2893 4884 illic
2917 4829 3073 4884 sedis
3089 4825 3418 4899 apostolicae
3441 4823 3513 4892 (c)
3537 4837 3657 4920 res-

1959 4938 2142 4994 ponsa
2171 4922 2660 4993 constringerent,
2693 4923 2752 4975 et
2780 4924 2835 4975 te
2867 4918 3006 4976 illuc
3037 4919 3300 4988 injuncta
3332 4928 3432 4983 pro
3462 4918 3656 4964 causis

2029 5047 2104 5118 (b)
2135 5048 2268 5105 Cod.
2305 5047 2618 5103 Rbemens.
2645 5045 2798 5102 Eccl.
2825 5045 2895 5100 ab
2918 5044 3084 5118 annis
3106 5040 3337 5118 circiter
3356 5054 3434 5092 CM
3458 5052 3656 5118 exara-

1956 5105 2256 5182 tus‘,'Patri
2308 5119 2568 5175 Leandro.
2610 5118 2688 5172 De
2734 5121 2929 5172 sancto
2966 5111 3230 5188 Leandro
3274 5109 3398 5188 lege.
3431 5125 3479 5163 c.
3513 5105 3654 5188 .31-1.

1955 5208 2016 5272 tu
2057 5191 2304 5272 Dialog.,
2326 5195 2394 5272 _et
2425 5189 2704 5272 plurimas
2740 5182 3406 5272 Gregoriinadieumdem
3439 5182 3654 5272 expiata-

1955 5263 2061 5317 las.
2107 5251 2256 5332 Ejus
2287 5251 2544 5332 elogium
2590 5251 3162 5332 inseruitg'Mabillon.
3210 5269 3339 5332 sese.
3383 5270 3400 5308 ι
3437 5251 3654 5332 βθῃθά.

2024 5335 2090 5403 (c)
2125 5324 2188 5387 1ἶ1
2219 5339 2305 5387 est
2336 5324 2586 5406 nagotia.
2642 5330 2781 5398 Reg.
2825 5328 3153 5406 $._Bened.,
3193 5326 3335 5406 c151
3382 5341 3394 5379 :
3432 5324 3657 5406 Fratres

1951 5398 2045 5474 qui
2071 5398 2168 5473 pro
2200 5405 2388 5475 quovis
2419 5398 2683 5475 responso
2719 5401 3160 5475 proﬁciscuntur,
3194 5398 3248 5475 i_d
3284 5407 3372 5452 est
3403 5398 3651 5467 negotio.

1951 5469 2106 5528 idem
2140 5469 2286 5544 apud
2312 5469 2537 5528 Graecos
2567 5469 2821 5526 obtinuit
2849 5488 2986 5527 usus
3016 5472 3170 5526 vocis
3203 5469 3511 5544 aucupium,
3542 5482 3656 5544 res-

159 5537 436 5628 lioralium
490 5540 752 5628 Deandro
777 5537 1042 5628 'dicatos
1070 5551 1318 5628 testatur
1365 5546 1488 5618 ipse
1526 5545 1837 5628 (iregorius
1944 5537 2199 5628 pansum:
2235 5546 2400 5628 Apud
2435 5546 2899 5628 incertum-auct.
2929 5544 3035 5599 sub
3061 5543 3295 5628 po‘mine
3318 5537 3651 5628 .A'tbanasii,

156 5611 231 5666 his
259 5611 484 5689 verbis:
511 5615 922 5689 Maximequia
951 5618 1121 5674 ethoc
1149 5619 1326 5689 ipsum
1351 5611 1485 5689 opus
1504 5618 1575 5673 ad
1599 5611 1836 5674 vistram

155 5685 500 5740 reverentiam
528 5686 727 5757 scripsi
752 5685 898 5758 (Lib.
935 5705 972 5754 ι,
1005 5685 1304 5761 ερίςιί41).

1949 5612 2116 5688 cujus
2147 5612 2300 5688 opus
2333 5615 2672 5688 inscribitur
2715 5615 2976 5688 Vltorctrina
3005 5615 3075 5670 ad
3110 5612 3459 5688 Antiochum,
3493 5615 3652 5688 tome

1950 5687 1996 5747 Il
2020 5684 2312 5745 nova—Ed.
2348 5687 2582 5759 Atham,
2616 5704 2670 5758 p.
2703 5687 2829 5742 259.
2872 5685 3313 5760 ’Δποκρισιάριος
3343 5684 3441 5746 τῆς
3476 5685 3650 5755 μονῆς
