4104 6162
343 203 456 263 511
1608 174 1883 241 SANCTI
1930 173 2300 236 GREGORII
2351 167 2604 230 MAGNI
3743 170 3866 228 512

343 332 478 389 ﬁdei
509 331 585 404 (a)
632 327 1074 400 Visigothorum
1111 321 1322 394 legatio
1354 316 1744 391 perduxisset,
1776 325 1949 366 omne
1979 308 2038 363 in
2073 307 2125 375 Α
2155 307 2278 376 ipse
2308 303 2650 368 meministi,
2675 307 2740 357 ut
2771 301 2987 356 librum
3009 300 3167 356 beati
3195 300 3305 356 Job
3333 314 3617 372 exponere
3648 302 3868 372 impor-

345 423 462 478 tuis
493 391 930 489 auribus,quod
963 414 1107 470 mihi
1140 391 1212 466 de
1243 426 1336 465 me
1366 403 1734 477 displicebat,
1769 398 2044 470 exposui:
2155 398 2295 452 tuna
2325 411 2417 450 me
2448 394 2724 466 petitione
2763 391 3209 461 compellerent;
3238 396 3292 445 et
3327 397 3498 462 prout
3527 393 3743 448 veritas
3777 393 3868 446 vi-

348 514 626 584 quoniam
677 481 775 565 diu
797 481 814 489 -
843 508 1128 577 longeque
1187 495 1585 557 conversionis
1640 492 1882 564 gratiam
1931 488 2051 543 dis-
2157 503 2248 541 res
2279 485 2632 549 inl'underet,
2665 485 2748 538 eis
2779 481 3052 553 mysteria
3083 487 3252 536 tantae
3286 482 3704 551 profunditatis
3735 499 3870 555 ape-

349 571 480 666 tuli,
515 605 573 657 et
613 607 913 672 postquam
947 571 1174 649 caelesti
1223 604 1350 644 sum
1385 583 1670 641 desiderio
1711 579 1944 634 afﬂatus
1972 576 2050 647 (ὁ)
2160 576 2354 630 rirem.
2390 575 2496 637 Qui
2529 573 2637 629 hoc
2668 589 2901 644 quoque
2933 571 3076 626 mihi
3120 571 3178 626 in
3209 587 3382 627 onere
3412 588 3529 627 sua
3571 573 3871 642 petitionis

350 660 630 748 saeculari.
656 660 858 742 habitu
901 681 1126 752 contegi
1169 678 1381 733 melius
1425 673 1623 745 putavi
1663 671 1841 741 (Joan.
1876 669 2050 734 Diac.,
2159 665 2533 730 addiderunt,
2569 667 2632 716 ut
2660 679 2775 718 non
2809 661 2997 717 solum
3029 661 3202 716 verba
3233 660 3489 716 historiae
3518 678 3616 731 per
3647 661 3872 733 allego-

347 784 390 836 t.
425 799 464 848 1,
498 796 544 835 c.
566 779 680 847 27).
707 749 1100 846 Αρθινὶθὺδιυτ-
1115 767 1269 824 enim
1305 763 1582 833 mihijam
1615 761 1685 814 de
1716 753 2053 812 aeternitatis
2162 755 2378 809 riarum
2411 769 2618 808 sensus
2657 756 3009 818 excuterem,
3061 751 3161 805 sed
3204 749 3615 821 allegoriarum
3660 767 3871 807 sensus

349 839 548 925 amore
595 839 1123 936 quid-quaererem,
1175 857 1274 913 sed
1314 853 1520 909 inclita
1563 865 1655 905 me
1695 844 2054 904 consuetudo
2163 843 2506 916 protinusin
2531 841 2867 898 exercitium
2900 839 3241 894 moralitatis
3267 839 3609 896 inclinarem
3637 866 3652 909 ;
3677 841 3872 897 adhuc

351 960 703 1022 devinxerat,
736 970 808 1010 ne
835 954 882 1010 2
915 951 1254 1007 exteriorem
1289 946 1508 1002 cultum
1544 947 1853 996 mutarem.
1886 937 2056 991 Cum-

354 1067 464 1122 que
487 1049 677 1104 adhuc
709 1060 799 1100 me
831 1045 1062 1114 cogeret
1094 1040 1325 1095 animus
1357 1031 1625 1108 prmaenti
1650 1028 1866 1084 mundo
1890 1023 2057 1096 quasi

351 1139 542 1211 specie
572 1142 744 1193 tenus
767 1134 1072 1190 deservire.
1105 1131 1406 1200 coeperunt
1427 1123 1614 1179 multa
1644 1123 1842 1175 contra
1873 1130 1967 1170 me
1989 1130 2058 1170 ex

351 1228 611 1300 ejusdem
647 1224 852 1282 mundi
883 1239 1024 1278 cura
1063 1231 1450 1281 succrescere,
1495 1217 1554 1267 ut
1587 1213 1640 1265 in
1684 1224 1749 1262 eo
1781 1207 1907 1276 jam
1941 1220 2055 1257 non

355 1295 570 1392 specie,
605 1315 724 1383 sed,
757 1313 910 1385 quod
943 1315 1030 1367 est
1068 1308 1320 1376 gravius,
1365 1306 1553 1358 mente
1594 1299 1886 1355 retinerer.
1923 1295 2056 1358 Quae

353 1382 591 1464 tandem
637 1382 848 1461 cuncta
893 1399 1137 1456 ollicite
1178 1397 1429 1467 fugiens,
1458 1395 1687 1463 portum
1723 1382 2058 1442 monasterii

352 1499 514 1572 petii,
566 1501 621 1553 et
651 1493 874 1551 relictis
926 1507 1051 1562 qua
1098 1486 1300 1543 mundi
1350 1487 1508 1548 sunt,
1563 1484 1627 1534 ut
1667 1478 1880 1532 frustra
1918 1478 2058 1572 tunc

355 1563 595 1656 credidi,
637 1603 702 1641 ex
743 1584 919 1653 hujus
959 1582 1089 1635 vita:
1132 1573 1434 1646 naufragio
1476 1571 1669 1626 nudus
1707 1565 1886 1622 evasi.
1919 1563 2061 1627 Quia

357 1679 512 1737 enim
548 1651 892 1749 plerumque
922 1686 1126 1726 navem
1159 1666 1389 1721 incaute
1424 1662 1497 1732 (c)
1527 1659 1854 1730 religatam,
1887 1651 2061 1709 etiam

2163 935 2387 1005 aliquid
2408 934 2646 1006 gravius
2666 933 3068 1002 adjungentes,
3094 936 3158 984 ut
3180 931 3474 988 intellecta
3495 948 3744 1004 qumque
3763 937 3875 988 tes-

2163 1025 2425 1081 timoniis
2457 1023 2779 1095 cingerem;
2803 1027 2861 1078 et
2883 1021 3102 1092 prolata
3125 1021 3480 1090 testimonia,
3505 1024 3550 1078 si
3580 1023 3873 1095 implicita

2164 1115 2413 1170 fortasse
2441 1113 2793 1180 viderentur,
2818 1113 3260 1184 interpositione
3281 1113 3669 1184 snperaddite
3702 1129 3874 1185 expo-

2167 1204 2393 1260 sitionis
2434 1203 2764 1258 enodarem.

2848 1292 3079 1348 CAPUT
3119 1293 3188 1348 ΙΙ.

2238 1389 2360 1455 Qua
2399 1385 2575 1438 animi
2604 1383 2947 1451 demissione,
2989 1400 3096 1454 qua
3147 1387 3205 1438 in
3246 1385 3413 1438 Deum
3459 1382 3680 1452 ﬁducia.
3723 1383 3874 1438 Idem

2169 1487 2299 1543 opus
2336 1487 2443 1541 qua
2472 1473 2687 1525 ratione
2733 1475 3110 1539 retractatum,
3159 1470 3463 1526 absolutum
3512 1485 3575 1525 ac
3611 1470 3872 1526 divisum.

2173 1561 2311 1628 Quos
2342 1564 2571 1615 rimetur
2599 1576 2805 1617 sensus.
2850 1591 2911 1597 η-
2949 1560 3079 1616 Mox
3115 1577 3270 1622 vero,
3304 1565 3368 1615 ut
3399 1561 3454 1615 in
3491 1560 3730 1615 obscuro
3764 1560 3874 1615 hoc

2170 1667 2359 1721 Opere,
2375 1655 2545 1722 atque
2560 1656 2692 1706 ante
2716 1666 2820 1706 nos
2843 1650 3126 1706 hactenus
3149 1651 3498 1717 indiscusso,
3515 1650 3585 1704 ad
3601 1655 3766 1705 tanta
3782 1665 3876 1705 me

360 1770 430 1825 de
461 1767 591 1824 sinu
623 1761 901 1820 tutissimi
941 1757 1150 1814 littoris
1192 1755 1349 1810 unda
1377 1749 1611 1815 excutit,
1645 1761 1778 1803 cum
1812 1751 2062 1813 tempes-

357 1866 441 1913 tas
473 1853 771 1920 excrescit,
807 1853 1041 1922 repente
1080 1862 1191 1916 me,
1235 1844 1344 1899 sub
1386 1844 1658 1914 praetextu
1692 1830 2064 1891 ecclesiastici

359 1947 605 2014 ordinis,
639 1945 698 1999 in
751 1955 1062 1997 causarum
1113 1933 1480 1992 saecularium
1514 1927 1720 2001 pelago
1752 1922 1935 1995 reperi
1963 1938 1977 1988 ;
2009 1923 2068 1975 et

360 2009 614 2107 quietem
642 2028 996 2095 monasterii,
1025 2026 1161 2098 quia
1191 2022 1458 2078 habendo
1487 2035 1600 2074 non
1637 2015 1853 2071 fortiter
1882 2009 2066 2076 tenui,

360 2100 537 2197 quam
573 2122 766 2179 stricte
806 2118 1063 2175 tenenda
1095 2113 1287 2179 fuerit,
1314 2109 1606 2181 perdendo
1639 2103 1900 2175 cognovi.
1927 2100 2067 2154 Nam

368 2232 497 2270 cum
536 2212 675 2269 mihi
701 2212 768 2267 ad
799 2206 1235 2283 percipiendum
1261 2201 1409 2258 sacri
1435 2198 1632 2255 altaris
1660 2192 2067 2259 ministerium,

371 2301 713 2358 obedientiae
751 2278 932 2353 virtus
965 2278 1294 2366 opponitur,
1319 2289 1425 2344 hoc
1449 2287 1559 2343 sub
1588 2282 1859 2340 Ecclesiae
1879 2278 2070 2336 colore

365 2396 706 2463 susceptum
756 2397 862 2453 est,
897 2385 1049 2456 quod
1094 2385 1139 2438 3
1175 2383 1222 2437 si
1255 2381 1440 2435 inulte
1490 2376 1677 2441 liceat,
1728 2372 1938 2427 iterum
1981 2369 2069 2422 fu-

363 2461 575 2554 giendo
601 2480 679 2551 (ἀ)
701 2477 1060 2533 deﬂectatur.
1089 2474 1332 2541 Postque
1356 2471 1462 2524 hoc
1486 2464 1701 2522 nolenti
1732 2461 1873 2517 mihi
1899 2464 2071 2554 atque

369 2549 666 2635 renitenti,
693 2584 823 2624 cum
859 2580 1028 2638 grave
1051 2571 1199 2618 esset
1229 2559 1423 2616 altaris
1458 2554 1870 2617 ministerium,
1895 2549 2070 2604 etiam

371 2661 598 2735 pondus
637 2661 724 2716 est
769 2673 918 2712 curae
963 2651 1263 2725 pastoralis
1308 2650 1663 2718 injunctum.
1707 2641 1866 2708 Quod
1911 2643 2071 2694 tanto

367 2767 520 2808 nunc
553 2748 756 2804 durius
785 2745 986 2810 tolero,
1022 2746 1242 2814 quanto
1276 2755 1366 2794 me
1397 2737 1448 2792 ei
1481 2736 1763 2806 imparem
1797 2729 2071 2796 sentiens,

364 2843 424 2897 in
483 2838 646 2895 nulla
703 2835 928 2890 ﬁduciae
987 2829 1381 2888 consolatione
1439 2823 1676 2895 respiro.
1727 2821 1870 2884 Quia
1919 2818 2073 2873 enim

371 2931 573 2986 mundi
601 2930 723 2999 jam
756 2931 1040 2995 tempora,
1067 2921 1238 2976 malis
1271 2915 1793 2977 crebrescentibus,
1826 2911 2072 2966 termino

2172 1741 2425 1813 pertrahi
2450 1758 2514 1797 ac
2537 1741 2675 1796 talia
2701 1741 2961 1811 cognovi,
2992 1741 3114 1797 solo
3136 1741 3370 1796 auditus
3394 1741 3646 1811 pondere
3668 1742 3879 1806 victus,

2171 1831 2372 1896 fateor,
2409 1829 2777 1902 lassatusque
2809 1831 3110 1887 succubui.
3153 1831 3259 1886 Sed
3306 1833 3541 1902 repente
3570 1831 3716 1884 inter
3756 1829 3878 1885 for-

2173 1921 2446 1977 midinem
2477 1921 2961 1989 devotionemque
2992 1919 3406 1990 deprehensus,
3443 1935 3573 1974 cum
3607 1919 3665 1974 in
3697 1918 3876 1990 largi-

2172 2017 2356 2067 torem
2394 2027 2696 2067 munerum
2747 2011 2946 2067 oculos
2996 2009 3207 2066 mentis
3245 2010 3586 2078 attollerem,
3630 2014 3877 2064 cuncta-

2173 2104 2326 2157 tione
2345 2102 2684 2173 postposita,
2703 2100 2859 2157 illico
2877 2106 3071 2156 certus
3089 2101 3333 2169 attendi,
3350 2099 3485 2171 quia
3503 2098 3880 2171 impossibile

2174 2209 2300 2249 esse
2345 2209 2457 2247 non
2505 2197 2754 2265 poterat,
2796 2193 2948 2264 quod
2992 2193 3063 2247 de
3105 2193 3375 2247 fraternis
3412 2190 3549 2246 mihi
3589 2190 3880 2245 cordibus

2174 2283 2431 2339 Charitas
2461 2283 2798 2352 imperabat.
2829 2282 2968 2337 Fore
2999 2281 3216 2352 quippe
3243 2280 3515 2336 idoneum
3540 2295 3624 2334 me
3656 2280 3730 2334 ad
3763 2279 3882 2335 ista

2175 2372 2510 2443 desperavi:
2542 2373 2641 2426 sed
2689 2372 2814 2443 ipsa
2854 2371 2965 2426 mei
3008 2371 3416 2441 desperatione
3455 2368 3770 2437 robustior,
3807 2368 3880 2423 ad

2172 2464 2339 2517 illum
2375 2477 2537 2534 spem
2571 2463 2838 2532 protinus
2880 2460 3053 2528 erexi,
3094 2477 3193 2531 per
3223 2477 3392 2531 quem
3425 2464 3624 2532 aperta
3652 2464 3738 2514 est
3771 2458 3886 2513 lin-

2173 2569 2285 2624 gua
2323 2557 2636 2620 mutorum,
2690 2552 2790 2622 qui
2832 2550 3060 2622 linguas
3104 2551 3414 2605 infantium
3463 2549 3598 2605 facit
3639 2549 3886 2603 disertos

2173 2641 2322 2714 (Sap.
2355 2658 2412 2709 x,
2442 2642 2531 2711 2i)
2560 2661 2573 2708 ;
2610 2641 2706 2712 qui
2733 2642 2805 2711 (κ)
2832 2642 3150 2695 immensos
3175 2641 3495 2710 brutosque
3517 2639 3697 2695 asinae
3725 2637 3889 2692 rudi-

2174 2727 2299 2798 tus,
2335 2747 2436 2801 per
2467 2735 2726 2786 sensatos
2769 2729 3015 2784 humani
3047 2729 3316 2798 colloquii
3357 2729 3622 2784 distinxit
3659 2727 3889 2782 modos.

2177 2822 2322 2885 Quid
2357 2821 2536 2892 igitur
2568 2819 2802 2885 mirum,
2827 2820 2875 2874 si
2909 2818 3266 2874 intellectum
3291 2818 3468 2873 stulto
3496 2817 3719 2873 homini
3749 2834 3891 2888 prae-

2179 2911 2332 2977 beat,
2363 2909 2461 2981 qui
2493 2909 2793 2964 veritatem
2842 2925 3027 2978 suam,
3078 2925 3211 2963 cum
3263 2908 3529 2974 voluerit,
3578 2908 3755 2962 etiam
3785 2923 3880 2978 per

371 2997 798 3091 propinquante
847 3014 1081 3067 turbata
1124 3013 1295 3076 sunt;
1339 3006 1450 3077 ipsi
1502 3020 1628 3070 nos,
1685 3000 1784 3072 qui
1831 2998 2075 3091 internis
2113 3025 2156 3091 ρ
2187 3018 2286 3058 ora
2308 3001 2710 3069 jumentorum
2737 3003 2932 3054 narrat
2971 3001 3160 3068 (Num.
3193 3015 3332 3067 xxn,
3363 2997 3503 3068 28)?
3535 2998 3722 3066 Hujus
3752 3012 3890 3068 ergo

379 3089 674 3176 mysteriis
705 3103 993 3159 deservire
1020 3100 1329 3163 credimur,
1373 3094 1530 3150 curis
1561 3089 1941 3146 exterioribus
1972 3090 2086 3142 im-

386 3198 707 3271 piicamur:
743 3195 896 3251 sicut
936 3209 1001 3248 eo
1041 3204 1272 3262 quoque
1314 3193 1595 3258 tempore,
1640 3199 1746 3254 quo
1779 3181 1850 3237 ad
1883 3181 2090 3236 minis-

386 3288 600 3343 terium
652 3282 855 3341 altaris
905 3279 1146 3345 accessi,
1196 3277 1304 3331 hoc
1354 3275 1423 3329 de
1477 3289 1588 3336 me,
1640 3273 1944 3342 ignorante
1975 3284 2088 3337 me,

385 3381 580 3434 actum
628 3379 734 3440 est,
779 3381 840 3428 ut
880 3371 1031 3427 sacri
1063 3366 1282 3425 ordinis
1313 3365 1540 3434 pondus
1573 3361 1911 3430 acciperem,
1945 3375 2093 3428 qua-

391 3471 560 3522 tenus
590 3465 648 3520 in
681 3469 909 3519 terreno
938 3459 1153 3532 palatio
1179 3455 1444 3512 licentius
1468 3453 1809 3509 excubarem
1842 3466 1853 3514 ;
1879 3449 1976 3503 ubi
2002 3463 2094 3502 me

386 3555 611 3612 scilicet
660 3552 829 3609 multi
871 3568 938 3608 ex
983 3545 1335 3604 monasterio
1395 3545 1599 3599 fratres
1638 3539 1770 3606 mei,
1815 3556 2094 3610 germana

383 3645 561 3702 vincti
612 3643 914 3702 charitate.
967 3638 1152 3694 secuti
1204 3639 1357 3690 sunt.
1417 3632 1578 3696 Quod
1631 3630 1824 3685 divina
1876 3629 2092 3683 factum

385 3731 824 3804 dispensatione
869 3725 1191 3799 conspicio,
1239 3728 1305 3778 ut
1335 3737 1536 3778 eorum
1571 3735 1803 3791 semper
1833 3715 2094 3785 exemplo

384 3824 453 3879 ad
505 3821 782 3878 orationis
838 3817 1132 3890 placidum
1176 3815 1362 3880 littus,
1414 3811 1583 3882 quasi
1635 3807 1901 3865 anchorae
1960 3806 2097 3860 fune

390 3912 785 3980 restringerer,
819 3925 950 3964 cum
997 3920 1304 3962 causarum
1351 3899 1714 3958 saecularium
1764 3893 2096 3951 incessabili

384 4003 645 4074 impulsu
679 4002 1040 4058 ﬂuctuarem.
1075 3997 1160 4052 Ad
1193 3994 1428 4050 illorum
1472 3992 1686 4062 quippe
1716 3985 2096 4052 consortium,

383 4095 543 4150 velut
564 4091 638 4147 ad
662 4089 944 4146 tutissimi
967 4095 1166 4159 portus
1188 4086 1404 4148 sinum,
1427 4082 1496 4152 (e)
1519 4080 1725 4135 terreni
1749 4083 1915 4132 actus
1936 4074 2098 4132 volu-

391 4183 551 4237 mina
583 4185 911 4251 ﬂuctusque
961 4176 1250 4246 fugiebam
1279 4193 1292 4241 ;
1329 4176 1384 4227 et
1426 4171 1561 4226 licet
1593 4168 1732 4223 illud
1768 4182 1860 4221 me
1893 4165 2096 4220 minis-

389 4274 600 4327 terium
632 4288 699 4326 ex
731 4267 1086 4326 monasterio
1119 4267 1497 4329 abstractum,
1532 4278 1565 4316 a
1596 4258 1853 4329 pristinae
1886 4255 2098 4328 quietis

2195 3091 2397 3147 robore
2438 3089 2923 3145 considerationis
2972 3089 3285 3156 accinctus,
3333 3086 3661 3142 ariditatem
3707 3099 3899 3139 meam

2196 3183 2266 3237 ad
2300 3179 2694 3251 indagandum
2728 3179 2944 3234 fontem
2978 3182 3149 3233 tantas
3182 3176 3597 3249 profunditatis
3629 3174 3899 3229 excitavi.

2195 3272 2263 3326 Et
2312 3269 2575 3340 quamvis
2626 3284 2848 3332 eorum,
2893 3267 3105 3337 quibus
3151 3281 3434 3338 exponere
3482 3263 3899 3334 compellebar,

2195 3360 2364 3431 longe
2397 3376 2489 3414 me
2521 3358 2635 3414 vita
2665 3351 3124 3424 transcenderet,
3160 3355 3512 3426 injuriosum
3543 3359 3745 3408 tamen
3777 3367 3906 3409 esse

2197 3468 2310 3507 non
2335 3449 2577 3515 credidi,
2597 3448 2644 3503 si
2673 3448 2890 3504 ﬂuenta
2910 3447 3114 3501 usibus
3138 3446 3442 3501 hominum
3466 3443 3686 3516 plumbi
3708 3443 3909 3498 ﬁstula

2198 3539 2575 3594 ministraret.
2622 3536 2785 3591 Unde
2827 3552 2956 3590 mox
2993 3534 3210 3589 eisdem
3245 3549 3432 3589 coram
3464 3533 3668 3604 positis
3695 3532 3908 3586 fratri—

2199 3631 2328 3696 bus,
2356 3627 2544 3699 priora
2569 3627 2697 3680 libri
2722 3627 2832 3682 sub
2856 3624 3039 3680 oculis
3062 3623 3178 3678 dixi
3204 3640 3216 3678 :
3241 3630 3294 3677 et
3315 3623 3454 3694 quia
3478 3626 3708 3692 tempus
3733 3621 3908 3692 paulo

2199 3717 2501 3774 vacantius
2565 3715 2772 3786 reperi,
2841 3713 3161 3786 posteriora
3214 3713 3515 3768 tractando
3564 3709 3612 3764 ιι
3667 3710 3909 3767 dictavi.

2201 3809 2463 3878 Cumque
2500 3805 2637 3861 mihi
2674 3805 2860 3875 spatia
2888 3803 3133 3874 largiora
3162 3808 3552 3874 suppeterent,
3586 3799 3778 3854 multa
3809 3817 3912 3854 au-

2201 3914 2363 3970 gens,
2401 3913 2585 3968 pauca
2615 3895 2984 3960 subtrahens,
3034 3897 3208 3962 atque
3248 3892 3323 3946 ita
3368 3895 3432 3945 ut
3459 3891 3699 3945 inventa
3752 3895 3911 3950 sunt,

2202 3986 2485 4043 nonnulla
2516 3986 2948 4056 derelinquens,
2982 4000 3048 4038 ea
3089 3998 3213 4052 quae
3245 3997 3334 4036 me
3367 3981 3637 4051 loquente
3669 3987 3915 4049 excepta

2202 4077 2313 4133 sub
2345 4075 2529 4132 oculis
2563 4076 2813 4141 fuerant,
2837 4090 2940 4144 per
2973 4073 3152 4127 libros
3184 4069 3546 4126 emendando
3578 4068 3912 4139 composui,

2207 4166 2344 4236 quia
2365 4172 2574 4221 etcum
2602 4169 2895 4235 postrema
2915 4163 3213 4229 dictarem,
3238 4176 3348 4229 quo
3370 4157 3518 4231 stylo
3542 4157 3736 4228 prima
3758 4157 3919 4212 dixe-

2207 4273 2355 4325 ram,
2389 4254 2630 4312 sollicite
2665 4251 2904 4309 attendi.
2928 4252 3026 4320 Egi
3056 4267 3214 4323 ergo,
3249 4253 3310 4305 ut
3340 4252 3396 4305 et
3428 4265 3494 4305 ea
3523 4263 3646 4316 quae
3679 4246 3916 4301 locutus

389 4360 525 4428 vita,
568 4374 848 4415 mucrone
900 4375 1014 4413 suae
1064 4353 1458 4426 occupationis
1505 4351 1892 4416 exstinxerat;
1949 4347 2171 4450 interD
2203 4361 2352 4411 sum,
2387 4344 2652 4401 studiosa
2699 4341 3105 4398 emendatione
3160 4344 3582 4402 transcurrens,
3632 4335 3806 4406 quasi
3841 4334 3918 4390 ad

1006 4447 1037 4450 __
1208 4445 1219 4450 _
1327 4445 1336 4450 .
1427 4444 1437 4450 .
1559 4442 1595 4450 ..
1726 4439 1737 4450 .
2025 4437 2058 4450 .-
2242 4435 2252 4445 -
2327 4434 2403 4450 ον.
2473 4434 2506 4450 ιο
2701 4433 2933 4450 ιρκικιη-
2970 4430 3242 4450 ___:._-._-_.
3274 4447 3283 4450 _
3323 4431 3373 4450 ,ι
3410 4443 3465 4450 Α-
3505 4441 3627 4450 κη..
3664 4424 3890 4450 AtAt“-.-

389 4466 490 4504 eos
521 4455 716 4504 tamen
751 4464 853 4519 per
883 4447 1158 4502 studiosae
1208 4444 1473 4500 lectionis
1525 4439 1868 4511 alloquium,
1902 4437 2092 4508 quoti-

383 4539 570 4595 dianae
604 4552 694 4593 me
740 4535 1014 4606 aspiratio
1058 4531 1524 4605 compunctionis
1568 4530 1881 4587 animabat.
1932 4526 2092 4580 Tunc

383 4633 601 4690 eisdem
655 4629 947 4695 fratribus,
994 4627 1166 4683 etiam
1224 4631 1464 4696 cogente
1517 4628 1594 4688 te,
1651 4620 1889 4693 placuit,
1944 4619 2097 4674 sicut

381 4816 618 4878 dicitur,
646 4812 741 4884 qui
768 4807 1140 4884 procurandis
1171 4807 1494 4884 monasterii
1523 4806 1750 4884 negotiis
1775 4802 2097 4884 praepositus

385 4893 523 4945 erat.
557 4873 733 4942 Porro
767 4873 1018 4938 Leonem
1043 4882 1314 4948 Magnum
1345 4894 1375 4933 e
1409 4873 1689 4948 Romanis
1723 4873 2096 4948 pontificibus

383 4944 527 5032 prim
541 4975 659 5025 um,
703 4944 1160 5032 apocrisiarium’
1186 4950 1464 5032 habuisse
1502 4944 2005 5032 Consta'ntinOp‘oli
2029 4945 2096 5032 lin

386 5015 681 5095 comitatu,
730 5015 991 5098 exemplo
1034 5022 1416 5098 Alexandrini
1449 5015 2099 5098 episcopiucontendit

388 5087 765 5158 doctissimus
796 5087 1184 5165 Qnésnellius,
1219 5111 1287 5149 ex
1313 5092 1484 5163 epist.
1509 5087 1583 5165 86
1616 5088 1880 5165 ejusdem
1913 5087 2100 5165 sancti

393 5160 1062 5295 Leontii/(‘Vide'DisscrL
1113 5160 1461 5235 i'Quesn—et”
1513 5161 1581 5217 ad
1619 5179 1713 5216 an.
1765 5160 1889 5226 453,
1935 5177 1991 5213 η.
2046 5161 2099 5228 4,

394 5259 517 5295 van.
639 5264 697 5295 ι.

431 5260 517 5308 ag.
553 5245 697 5308 314).

392 5243 1136 5381 ραῗά)ἒ1ἐιξ’νίεἰαοιὴανωη,
1187 5315 1251 5366 ut
1283 5311 1341 5365 in
1375 5303 1810 5381 antiquioribus
1849 5301 1987 5381 Co_d.
2024 5301 2102 5381 lef

436 5374 570 5437 itur.
608 5385 672 5437 Hi
705 5374 867 5438 erant
908 5385 1080 5440 Gothi
1112 5374 1658 5448 Occidentales'qui
1702 5374 2008 5448 Hispanias
2046 5376 2104 5428 et

450 5454 645 5509 alliam
678 5453 1117 5524 Narbonensem
1167 5455 1550 5524 occupabant.
1581 5447 1916 5520 Ostrogothi
1953 5461 2105 5500 nun-

398 5527 591 5592 cupati
637 5533 772 5579 sunt
803 5523 974 5578 Gothi
1016 5523 1358 5581 Orientales.

471 5591 542 5667 (ὁ)
566 5597 737 5663 Editi,
759 5603 992 5664 excepto
1014 5599 1326 5667 Gussanv.,
1351 5591 2108 5667 swcutaremjtabitumcou-

396 5661 661 5738 temuere,
694 5661 911 5724 contra
941 5669 1077 5720 Mss.
1117 5661 1374 5722 omnium
1417 5666 1614 5720 ﬁdem.
1666 5663 1937 5720 Nostram
1970 5661 2102 5716 lect.

2207 4434 2651 4490 similitudinem
2684 4433 2937 4488 dictatus
2963 4430 3286 4501 erigerem;
3318 4431 3376 4482 et
3406 4443 3472 4482 ea
3503 4441 3629 4496 quas
3662 4424 3918 4479 dictave-

2206 4543 2353 4592 ram,
2379 4543 2493 4581 non
2522 4525 2692 4596 longe
2713 4542 2745 4579 a
2770 4519 3160 4593 colloquentis
3187 4532 3450 4574 sermone
3473 4515 3913 4586 discreparent;

2206 4624 2495 4688 quatenus
2526 4617 2663 4671 dum
2717 4614 2822 4669 hoc
2865 4611 3142 4680 tenditur,
3193 4608 3336 4664 illud
3383 4604 3720 4673 attrahitur,
3763 4604 3918 4659 edita

2208 4792 2517 4850 conﬁrmat
2545 4790 2712 4845 Joan.
2751 4787 2930 4851 Diac.,
2969 4786 3006 4840 l.
3042 4803 3058 4840 1
3088 4785 3232 4839 Vitas
3263 4788 3319 4839 S.
3347 4784 3537 4853 Greg.,
3570 4798 3617 4837 c.
3656 4781 3683 4836 ι
3721 4797 3735 4835 :
3776 4783 3918 4836 Dum

2207 4865 2571 4921 conversion-is
2600 4877 2714 4915 suae
2745 4862 2992 4927 gratiam
3023 4858 3240 4926 longius
3267 4855 3615 4924 protrahens,
3661 4857 3842 4927 tutius
3869 4869 3924 4927 se

2211 4937 2424 4992 Christo
2455 4923 2861 5002 famulaturum
2909 4923 3144 4999 putaret,
3198 4929 3244 4982 si
3270 4923 3388 4982 sub
3431 4928 3687 4998 praetoris
3719 4923 3920 4979 urbani

2210 5009 2398 5063 habitu
2428 5005 2630 5060 mundo
2660 5005 2833 5070 specie
2862 5014 3020 5058 tenus
3049 5002 3359 5055 deserviret.

2281 5081 2348 5147 (ε)
2381 5080 2549 5134 Corb.
2585 5081 2641 5131 et
2673 5075 2935 5147 Vindoct,
2969 5075 3244 5147 relictam.

2282 5139 2360 5221 (τί)
2413 5151 2512 5204 [lic
2562 5147 2822 5221 plerique
2871 5145 3010 5221 Mss.
3065 5146 3255 5221 varias
3303 5141 3578 5221 exhibent
3623 5139 3772 5221 lecl._
3804 5143 3920 5221 Duo

2212 5211 2443 5284 Rhein,
2469 5211 2760 5275 secundus
2793 5218 3014 5284 Remig.
3047 5221 3104 5270 et
3134 5216 3290 5286 Lyr.,
3311 5218 3512 5286 iterum
3542 5211 3806 5286 [ugiendo
3824 5215 3920 5286 de-

2211 5281 2449 5359 seratur,
2483 5295 2681 5346 iterum
2708 5281 2974 5359 fugiendo
3008 5281 3298 5356 deﬂentur.
3343 5285 3427 5359 Ita
3466 5284 3636 5339 Corb.
3660 5289 3733 5359 et
3759 5281 3914 5338 Colb.

2285 5367 2354 5435 (ε)
2386 5355 2665 5435 A'Coccio
2708 5355 2801 5435 hic
2852 5355 3084 5435 praefixa
3133 5357 3598 5435 particulamost,
3644 5355 3918 5425 deinceps

2215 5427 2484 5498 obtinuit,
2519 5427 2903 5490 renitentibus
2938 5433 3073 5487 Mss.
3108 5427 3164 5486 et
3195 5435 3305 5485 vet.
3340 5427 3489 5484 Edit.

2285 5507 2356 5579 (f)
2391 5509 2415 5563 1
2451 5497 2696 5576 Remig.
2720 5509 3129 5579 insensatosque
3161 5502 3464 5579 brutosque.
3499 5499 3561 5552 In
3594 5497 3791 5579 Corb.,
3823 5499 3921 5579 ric-

2214 5570 2414 5647 tus,'in
2447 5570 2640 5633 altero
2678 5577 2876 5648 Regio,
2926 5570 3160 5648 rugitus.
3217 5573 3313 5648 ilic
3353 5570 3682 5648 immensus,
3736 5570 3791 5625 id
3836 5572 3919 5623 est

2215 5644 2341 5710 sine
2371 5667 2667 5718 mensura,
2699 5644 3013 5722 opponitur
3045 5647 3310 5702 distinctis
3343 5644 3533 5699 modis.
