4086 6166
178 277 279 337 513

1069 276 1483 340 MORALIUM
1526 275 1766 337 LIBRI.
1817 305 1892 320 —-
1935 275 2314 338 EPISTOLA
2359 278 2769 340 MISSORIA.

3559 272 3679 337 5M

182 411 336 468 modo
367 411 643 466 dissimili
665 426 756 466 res
784 427 897 468 non
925 411 1225 467 dissimilis
1258 413 1602 466 formaretur
1625 429 1638 475 ;
1663 424 1844 479 quam.
1895 408 1950 476 Α
1978 424 2120 474 mea,
2151 417 2203 465 et
2235 418 2462 466 mortem
2509 427 2627 467 ossa
2664 424 2786 464 mea
2823 407 2960 480 (Job.
3006 423 3101 472 vu,
3146 407 3254 478 15).
3287 407 3356 462 Et
3393 406 3523 478 quis
3555 423 3678 465 rec-

183 503 256 559 vis
282 503 508 559 tertiam
544 501 720 572 hujus
751 503 936 573 operis
967 507 1185 574 partem
1226 507 1284 558 ut
1323 501 1708 573 colloquendo
1739 517 1870 573 pro-

184 594 295 660 tuli,
328 609 473 666 pene
503 593 584 647 ita
610 592 910 664 dereliqui,
955 594 1090 665 quia
1119 610 1250 650 cum
1294 611 1387 649 me
1420 595 1619 649 fratres
1653 595 1724 648 ad
1757 592 1871 648 alia

186 685 533 758 pertrahunt,
560 684 708 740 hanc
731 685 1008 741 subtilius
1041 686 1340 741 emendari
1372 685 1705 740 noluerunt.
1742 683 1869 747 Qui-

186 774 280 828 bus
312 772 584 827 nimirum
629 773 812 827 multa
856 773 1217 841 jubentibus,
1269 774 1404 828 dum
1453 789 1654 843 parere
1699 772 1871 826 modo

187 879 273 935 per
288 861 666 931 expositionis
686 863 766 931 (ιι)
789 862 1175 918 ministerium
1191 911 1197 922 ,
1216 863 1385 917 modo
1406 877 1505 932 per
1527 859 1876 929 contempla-

186 953 346 1007 tionis
377 968 711 1015 ascensum,
738 953 909 1008 modo
936 969 1035 1023 per
1056 952 1398 1007 moralitatis
1424 954 1873 1006 instrumentum

1980 505 2101 554 tum
2134 500 2366 570 sapiens
2398 502 2591 557 credat
2619 501 2804 555 virum
2832 499 2974 553 tanti
3002 496 3295 569 preeonii,
3319 513 3492 568 quem
3525 498 3686 553 vids-

1980 588 2113 644 licet
2145 596 2370 646 constat
2401 592 2474 660 (d)
2499 590 2568 646 ab
2593 588 3033 659 internojudice
3058 587 3296 659 praemia
3324 604 3423 657 pro
3456 588 3683 658 patien-

1981 681 2072 736 tiae
2087 682 2294 738 virtute
2309 683 2582 755 recipere,
2597 680 2920 737 decrevisse
2945 681 3093 734 inter
3115 680 3352 735 verbera
3365 679 3684 750 suspendio

1982 771 2163 826 vitam
2196 772 2407 826 linire?
2454 771 2780 842 Aliquando
2821 770 3013 835 etiam,
3056 785 3126 822 ne
3158 769 3402 823 fortasse
3443 767 3688 842 intelligi

1977 861 2144 931 juxta
2192 860 2438 916 litteram
2473 862 2738 928 debeant,
2785 860 2910 929 ipsa
2959 874 3019 912 se
3052 858 3226 912 verba
3268 857 3470 912 litterae
3502 859 3691 928 impu-

1983 956 2186 1023 gnant.
2219 951 2314 1006 Ait
2354 966 2600 1021 namque
2635 969 2647 1005 :
2682 951 2874 1006 Pereat
2904 948 3014 1004 dies
3045 951 3101 1001 in
3132 964 3239 1018 qua
3267 955 3434 1002 natus
3465 965 3605 1013 sum,
3638 956 3691 1004 et

184 1042 343 1109 volui,
397 1058 546 1113 opus
595 1042 704 1096 hoc
751 1057 852 1112 per
899 1043 1137 1113 triginta
1186 1049 1238 1096 et
1283 1042 1540 1112 quinque
1578 1040 1877 1095 volumina
1983 1059 2100 1096 non:
2130 1045 2184 1095 in
2219 1059 2326 1112 qua
2347 1043 2553 1096 dictum
2583 1047 2707 1095 est:
2741 1040 3035 1110 Conceptus
3056 1043 3134 1092 est
3159 1037 3314 1092 homo
3337 1037 3474 1107 (Job.
3499 1055 3584 1106 III,
3610 1039 3688 1109 2).

185 1138 496 1198 extensum,
528 1131 586 1185 in
620 1146 716 1186 sex
755 1131 1064 1187 Codicibus
1111 1131 1351 1202 explevi.
1401 1130 1565 1185 Unde
1607 1133 1664 1184 et
1704 1129 1762 1182 in
1811 1143 1876 1182 eo

184 1238 316 1292 saepe
339 1220 512 1291 quasi
537 1225 880 1291 postponere
907 1221 1168 1276 ordinem
1197 1220 1575 1290 expositionis
1597 1218 1875 1282 invenior,

184 1321 228 1367 et
255 1314 423 1381 paulo
457 1311 679 1366 diutius
710 1311 1218 1381 contemplationis
1249 1311 1323 1381 (b)
1348 1309 1641 1364 latitudini
1665 1324 1731 1364 ac
1755 1325 1874 1363 mo-

182 1399 420 1456 ralitatis
459 1399 692 1454 insudo.
727 1401 834 1454 Sed
869 1403 1060 1453 tamen
1103 1399 1369 1469 quisquis
1410 1399 1480 1454 de
1524 1397 1640 1453 Deo
1684 1397 1876 1468 loqui-

183 1496 284 1558 tur,
352 1498 509 1546 caret
576 1504 806 1545 necesse
874 1495 959 1543 est
1029 1493 1091 1542 ut
1165 1487 1446 1558 quidquid
1516 1487 1877 1542 audientium

182 1596 361 1636 mores
413 1579 672 1644 instruit,
725 1578 1004 1645 rimetur;
1057 1581 1109 1632 et
1144 1576 1300 1632 hunc
1339 1586 1558 1632 rectum
1601 1577 1878 1647 loquendi

181 1671 434 1725 ordinem
470 1670 727 1738 deputet,
777 1667 821 1721 si
873 1683 1000 1722 cum
1044 1669 1447 1738 opportunitas
1477 1666 1880 1721 aedificationis

1986 1133 2055 1186 Et
2091 1132 2261 1201 paulo
2305 1140 2429 1202 post
2462 1131 2700 1200 subjicit
2736 1148 2747 1184 :
2791 1130 3018 1200 Occupet
3048 1144 3168 1184 eam
3196 1128 3401 1197 caligo,
3433 1134 3486 1182 et
3516 1129 3689 1184 invol-

1987 1229 2153 1276 vatur
2182 1221 2552 1275 amaritudine
2582 1221 2761 1289 (Ibid,
2792 1221 2870 1290 5).
2901 1221 3086 1289 Atque
3118 1219 3177 1273 in
3207 1219 3467 1287 ejusdem
3500 1217 3687 1273 noctis

1988 1312 2393 1367 maledictione
2424 1310 2764 1380 subjungit:
2800 1310 2880 1364 Sit
2911 1325 3024 1363 nox
3054 1308 3152 1362 illa
3175 1308 3429 1363 solitaria
3460 1307 3578 1379 (1b.,
3608 1308 3686 1379 7).

1989 1405 2092 1470 Qui
2131 1403 2403 1457 nimirum
2438 1401 2761 1457 nativitatis
2794 1401 2932 1467 dies,
2969 1399 3095 1469 ipso
3125 1398 3379 1470 impulsu
3411 1400 3692 1469 temporis

1989 1494 2277 1560 evolutus,
2327 1497 2478 1548 stare
2530 1509 2644 1547 non
2696 1496 2938 1561 poterat.
2991 1491 3127 1560 Wet.
3180 1498 3230 1545 et
3264 1495 3385 1545 Rec.
3429 1491 3539 1562 ΠΩ]
3570 1493 3692 1556 Quo

1990 1585 2170 1655 igitur
2203 1589 2369 1655 pacto
2403 1583 2559 1637 hunc
2608 1581 2817 1636 involvi
2864 1580 3110 1650 caligine
3143 1579 3420 1647 optabat?
3450 1581 3694 1651 Elapsus

1991 1676 2226 1745 quippe,
2258 1674 2375 1743 jam
2411 1689 2525 1727 non
2559 1676 2719 1737 erat;
2759 1675 2815 1725 et
2847 1677 3035 1725 tamen
3079 1670 3126 1724 si
3165 1670 3224 1723 in
3258 1685 3451 1724 rerum
3485 1674 3696 1725 natura

181 1760 366 1831 exigit,
399 1758 472 1812 ab
505 1773 570 1812 eo
603 1772 688 1821 se,
720 1755 874 1826 quod
906 1755 1061 1826 loqui
1096 1763 1362 1827 coeperat,
1398 1755 1620 1811 utiliter
1641 1754 1878 1810 derivet.

2089 1765 2354 1832 isisteret,
2407 1764 2623 1818 sentire
2672 1761 3120 1816 amaritudinem
3154 1776 3526 1831 nequaquam
3561 1778 3694 1832 pos-

182 1849 332 1904 Sacri
368 1847 525 1901 enim
575 1849 854 1901 tractator
897 1845 1110 1913 eloquii
1162 1860 1380 1899 morem
1424 1843 1681 1898 fluminis
1714 1843 1884 1898 debet

179 1935 411 1991 imitari.
456 1933 694 1989 Fluvius
725 1934 939 2005 quippe
987 1933 1126 1989 dum
1178 1949 1278 2004 per
1317 1933 1542 1988 alveum
1577 1931 1802 2000 deﬂuit,
1835 1931 1884 1986 si

187 2023 360 2078 valles
396 2037 678 2077 concavas
730 2035 797 2075 ex
844 2020 1020 2074 latere
1061 2020 1368 2090 contingit,
1400 2019 1456 2073 in
1490 2035 1584 2074 cas
1617 2019 1884 2090 protinus

183 2113 263 2167 sui
297 2113 557 2182 impetus
589 2126 823 2166 cursum
856 2109 1123 2176 divertit;
1158 2124 1410 2180 cumque
1431 2108 1562 2163 illas
1593 2107 1886 2163 sufﬁcien-

181 2209 256 2256 ter
287 2200 637 2272 impleverit,
673 2202 906 2270 repente
952 2215 1079 2253 sese
1120 2202 1177 2252 in
1221 2198 1446 2252 alveum
1489 2198 1762 2254 refundit.
1795 2197 1883 2252 Sic

174 2291 478 2356 nimirum,
530 2289 614 2344 sic
665 2289 845 2343 divini
894 2287 1053 2344 verbi
1102 2304 1229 2343 esse
1268 2292 1546 2343 tractator
1585 2288 1776 2356 debet,
1819 2291 1884 2342 ut

173 2397 311 2437 cum
346 2381 414 2435 de
449 2379 712 2450 qualibet
752 2395 812 2434 re
856 2379 1113 2448 disserit,
1156 2379 1203 2434 si
1255 2379 1497 2434 fortasse
1537 2379 1701 2449 juxta
1734 2378 1884 2449 posi-

173 2475 290 2524 tam
353 2470 717 2525 occasionem
781 2483 1050 2539 congruaa
1111 2468 1508 2524 azdilicationis
1575 2468 1882 2534 invenerit,

175 2560 340 2630 quasi
371 2560 442 2614 ad
469 2560 713 2613 vicinam
744 2557 951 2612 vallem
978 2556 1186 2628 linguae
1212 2558 1398 2612 undas
1434 2558 1798 2628 intorqueat;
1827 2563 1883 2612 et

175 2667 310 2705 cum
343 2651 669 2721 subjuncta
694 2649 766 2720 (c)
798 2647 1193 2703 instructionis
1224 2663 1496 2718 campum
1531 2648 1883 2704 sufficienter

171 2741 476 2807 infuderit,
511 2740 578 2795 ad
602 2738 894 2795 sermonis
937 2737 1216 2808 propositi
1247 2737 1478 2793 alveum
1511 2745 1789 2793 recurrat.

848 2827 1082 2883 CAPUT
1113 2827 1207 2884 III.

249 2921 364 2988 Quo
434 2917 626 2975 ordine
698 2917 938 2988 singulos
1013 2933 1196 2973 sensus
1271 2918 1526 2988 explicet.
1587 2917 1883 2986 Allegorico

181 3009 453 3066 interdum
492 3010 794 3063 necessario
842 3007 1248 3063 inhaerendum.
1299 3039 1366 3047 —
1405 3007 1716 3063 Sciendum
1750 3024 1881 3063 vero

183 3106 288 3166 est,
335 3100 486 3171 quod
543 3099 806 3170 quaedam
859 3097 1132 3153 historica
1171 3099 1529 3168 expositione
1578 3103 1881 3153 transcur-

1994 1861 2099 1911 set.
2135 1855 2373 1910 Constat
2401 1867 2537 1924 ergo
2570 1852 2722 1923 quod
2755 1849 2916 1906 nullo
2949 1851 3118 1906 modo
3149 1849 3218 1904 de
3245 1850 3336 1904 die
3369 1850 3699 1907 insensibili

1995 1946 2226 2007 dicitur,
2261 1944 2361 2015 qui
2390 1959 2562 1997 sensu
2597 1941 2819 2013 percuti
2842 1939 3252 1995 amaritudinis
3284 1944 3535 2010 optatur.
3561 1941 3703 1997 Etsi

1995 2032 2387 2104 conceptionis
2419 2049 2528 2087 nox
2569 2033 2808 2103 reliquis
2841 2030 3110 2085 noctibus
3142 2031 3451 2100 conjuncta
3481 2032 3699 2087 disces-

1994 2127 2168 2191 serat,
2188 2139 2303 2192 quo
2327 2125 2493 2192 pacto
2516 2120 2666 2174 hanc
2690 2121 2810 2174 fieri
2835 2117 3156 2174 solitariam
3181 2119 3250 2187 (e)
3273 2119 3543 2190 exoptat?
3565 2121 3698 2184 Quae

1995 2217 2057 2267 ut
2086 2229 2119 2267 a
2151 2212 2316 2283 lapsu
2349 2210 2630 2280 temporis
2671 2209 2768 2280 ﬁgi
2813 2225 2927 2262 non
2969 2207 3177 2278 potuit,
3211 2207 3291 2261 ita
3320 2207 3494 2262 etiam
3530 2225 3634 2264 nec
3666 2226 3698 2264 a

1993 2304 2346 2374 reliquarum
2385 2303 2643 2356 noctium
2677 2300 3090 2370 conjunctione
3119 2299 3396 2368 separari.
3431 2300 3538 2364 Qui
3570 2316 3698 2354 rur-

1993 2407 2120 2446 sum
2151 2391 2329 2446 dicit:
2358 2392 2641 2461 Usquequo
2671 2405 2783 2444 non
2813 2391 2996 2460 parcis
3025 2388 3180 2455 mihi,
3205 2403 3302 2442 nec
3328 2388 3560 2443 dimittis
3589 2405 3699 2456 me,

1991 2489 2053 2537 ut
2074 2482 2311 2551 glutiam
2353 2479 2593 2534 salivam
2639 2495 2820 2533 meam
2870 2478 3007 2548 (Job.
3059 2494 3157 2543 v11,
3212 2477 3341 2547 19)?
3388 2477 3456 2532 Et
3501 2482 3698 2534 tamen

1994 2571 2165 2643 paulo
2215 2569 2484 2639 superius
2531 2570 2751 2624 dixerat
2805 2585 2817 2620 :
2871 2569 2999 2635 Quae
3044 2569 3200 2638 prius
3230 2575 3450 2638 tangere
3481 2569 3697 2624 nolebat

1991 2661 2181 2713 anima
2228 2675 2370 2725 mea,
2421 2673 2570 2712 nunc
2616 2672 2727 2727 pm
2774 2658 3030 2726 angustia
3077 2655 3186 2710 cibi
3228 2659 3336 2710 mei
3383 2660 3507 2710 sunt
3551 2658 3686 2727 (Job.

1989 2765 2068 2811 v1,
2097 2749 2176 2817 7).
2209 2747 2346 2810 Quis
2370 2750 2562 2802 autem
2597 2747 2816 2800 nesciat
2847 2744 3080 2799 salivam
3113 2744 3340 2800 facilius
3371 2761 3541 2816 posse
3570 2747 3695 2818 glu-

1992 2838 2086 2893 tiri
2120 2854 2296 2909 quam
2340 2835 2582 2891 cibum?
2615 2837 2720 2900 Qui
2755 2835 2952 2906 itaque
3002 2851 3063 2890 se
3102 2849 3327 2889 sumere
3365 2836 3562 2891 cibum
3604 2837 3705 2894 de-

1993 2928 2248 2995 nuntiat,
2272 2927 2615 2984 incredibile
2636 2931 2725 2982 est
2747 2925 2908 2980 valde
2933 2941 3046 2996 quo
3078 2925 3281 2980 ordine
3302 2924 3512 2994 glutire
3535 2943 3708 2997 posse

1994 3017 2233 3073 salivam
2268 3023 2461 3090 negat.
2500 3018 2678 3087 Atque
2709 3016 2915 3071 iterum
2958 3014 3100 3069 dicit
3133 3029 3148 3070 :
3183 3016 3426 3081 Peccavi,
3459 3015 3590 3085 quid
3617 3019 3711 3086 fa-

2004 3111 2143 3162 ciam
2177 3109 2295 3176 tibi,
2329 3123 2358 3163 o
2399 3115 2572 3162 custos
2615 3106 2895 3161 hominum
2936 3104 3072 3175 (Job.
3105 3121 3205 3170 vn,
3235 3105 3368 3175 20)?
3399 3105 3483 3159 vel
3516 3115 3666 3161 certe
3699 3121 3712 3159 :

189 3150 288 3166 νη,
339 3150 486 3171 1n—
550 3150 806 3170 πη
869 3150 892 3151 η
929 3150 943 3152 θ
984 3150 1028 3153 ρ
2004 3150 2143 3162 νιν...
2177 3150 2295 3176 ..ν.,
2329 3150 2356 3163 ν
2399 3150 2570 3162 “me-
2938 3150 3072 3175 νη.
3119 3150 3205 3170 ..-,
3237 3150 3360 3175 _-,.
3408 3150 3483 3159 η.
3517 3150 3710 3161 νων.

189 3191 395 3256 rimus.
448 3194 506 3244 Et
558 3205 660 3260 P9P
707 3187 1044 3258 allegoriam
1088 3189 1356 3258 quadam
1408 3187 1600 3258 ίΥΡίοει
1656 3188 1892 3244 ίηνθειί-
1924 3150 1966 3218 C
2007 3197 2344 3252 Consumere
2389 3210 2480 3250 me
2536 3197 2616 3248 vis
2663 3192 2895 3264 peccatis
2951 3191 3333 3248 adolescentiae
3387 3208 3521 3248 meae
3576 3193 3710 3264 (Job.

193 3282 414 3352 gatioae
467 3285 930 3350 perscrutamur;
984 3278 1246 3348 quaedam
1290 3294 1392 3348 per
1421 3279 1542 3333 sola
1574 3277 1896 3350 allegoricae

196 3370 532 3427 moralitatis
564 3372 954 3425 instrumenta
979 3369 1363 3437 discutimus;
1392 3369 1672 3425 nonnulla
1703 3376 1891 3425 autem

201 3478 298 3533 per
330 3468 528 3518 cuncta
578 3461 753 3515 simul
808 3459 1116 3516 sollicitius
1163 3460 1552 3530 exquirentes,
1596 3460 1899 3531 tripliciter

203 3552 561 3623 indagamus.
595 3555 737 3606 Nam
770 3550 1019 3622 primum
1044 3550 1276 3621 quidem
1314 3550 1686 3605 fundamenta
1719 3550 1899 3606 histo-

206 3641 300 3696 ria:
332 3644 635 3711 ponimus;
670 3640 878 3694 deinde
911 3656 1009 3709 per
1031 3639 1519 3710 signiﬁcationem
1554 3639 1805 3710 typicam
1840 3639 1900 3695 in

211 3745 387 3784 arcem
419 3729 552 3783 ﬁdei
585 3728 860 3782 fabricam
888 3727 1100 3781 mentis
1133 3726 1450 3797 erigimus;
1485 3727 1552 3780 ad
1577 3732 1899 3781 extremum

213 3835 430 3890 quoque
479 3833 581 3889 per
628 3815 972 3873 moralitatis
1019 3817 1293 3886 gratiam,
1344 3816 1512 3886 quasi
1556 3816 1900 3885 superducto

214 3907 504 3961 aedilicium
538 3904 730 3961 colore
776 3905 1078 3960 vestimus.
1130 3904 1226 3959 Vel
1281 3908 1432 3959 certe
1464 3903 1602 3974 quid
1644 3903 1903 3959 veritatis

221 3994 373 4063 dicta,
397 3995 510 4051 nisi
542 3993 860 4049 reficienda:
889 3993 1100 4048 mentis
1122 3992 1399 4047 alimenta
1421 3991 1709 4047 credenda
1731 3991 1904 4046 sunt?

221 4085 339 4150 Quae
360 4085 540 4141 modis
560 4084 984 4139 alternantibus
1003 4081 1406 4153 multipliciter
1423 4082 1780 4148 disserendo,
1800 4081 1906 4136 fer-

224 4175 400 4230 culum
438 4175 524 4230 ori
557 4175 858 4229 ollerimus
885 4190 898 4240 ;
955 4179 1020 4228 ut
1050 4172 1275 4227 invitati
1307 4172 1538 4228 lectoris
1571 4172 1736 4241 quasi
1768 4187 1904 4227 con-

224 4265 342 4318 viva
372 4264 554 4320 nostri
581 4263 880 4318 fastidium
905 4262 1278 4334 repellamus,
1306 4263 1404 4332 qui
1427 4264 1565 4318 dum
1590 4261 1698 4317 sibi
1724 4261 1910 4317 multa

226 4353 395 4409 oblata
415 4355 761 4422 considerat,
787 4353 942 4423 quod
968 4353 1286 4424 elegantius
1321 4354 1598 4419 decernit,
1626 4357 1905 4409 assumat.

229 4443 535 4513 Aliquando
565 4459 699 4497 vero
735 4459 1020 4513 exponere
1068 4447 1267 4512 aperta
1304 4442 1560 4497 historiae.
1601 4442 1778 4497 verba
1809 4458 1906 4497 ne-

2005 3304 2128 3354 xm,
2187 3287 2320 3357 ‘26)?
2381 3287 2446 3339 Et
2505 3293 2696 3340 tamen
2757 3283 2872 3338 alia
2928 3283 3308 3351 responsione
3365 3282 3711 3354 subjungit:

2005 3380 2188 3447 Neque
2218 3378 2365 3431 enim
2386 3373 2732 3445 reprehendit
2753 3389 2839 3426 me
2869 3388 2961 3427 eor
2988 3387 3170 3426 meum
3191 3374 3246 3426 in
3275 3374 3426 3426 omni
3455 3375 3568 3426 vita
3595 3387 3719 3426 mea

2006 3466 2144 3538 (Job.
2178 3482 2354 3529 xxvii,
2396 3464 2472 3534 6).
2504 3463 2625 3526 Quo
2666 3461 2840 3532 igitur
2873 3469 3036 3529 pacto
3068 3477 3101 3514 a
3139 3461 3310 3515 corde
3340 3477 3446 3516 suo
3478 3460 3720 3515 minime

2007 3555 2066 3610 in
2100 3558 2259 3610 omni
2291 3553 2408 3607 vita
2440 3551 2899 3620 reprehenditur,
2947 3551 3046 3619 qui
3081 3564 3351 3619 peccasse
3395 3565 3457 3604 se
3488 3548 3720 3620 publica

2008 3659 2146 3698 voce
2174 3643 2464 3696 testatur?
2488 3640 2686 3710 Neque
2707 3640 2864 3694 enim
2900 3638 3072 3693 simul
3098 3655 3355 3708 unquam
3381 3638 3722 3693 convenient

2010 3734 2183 3802 culpa
2214 3731 2426 3801 operis,
2461 3736 2516 3785 et
2547 3727 3139 3798 irreprebensibilitas
3170 3726 3378 3782 cordis.
3405 3727 3514 3782 Sed
3549 3726 3720 3781 nimi-

2013 3837 2139 3877 rum
2174 3821 2351 3872 verba
2382 3817 2608 3880 litterae,
2659 3817 2800 3870 dum
2851 3815 3059 3870 collata
3107 3815 3217 3869 sibi
3268 3815 3576 3870 convenire
3621 3831 3722 3870 ne-

2013 3916 2257 3984 queunt,
2292 3908 2451 3963 aliud
2484 3908 2542 3961 in
2566 3924 2627 3962 se
2659 3906 2873 3975 aliquid
2902 3906 3050 3974 quod
3079 3908 3359 3974 quaeratur
3381 3905 3722 3971 ostendunt,

2014 4019 2080 4057 ac
2111 4002 2158 4055 si
2193 3999 2549 4070 quibusdam
2601 3997 2840 4051 vocibus
2890 3995 3129 4048 dicant:
3179 3993 3327 4048 Dum
3376 3997 3576 4047 nostra
3617 4008 3723 4047 nos

2015 4088 2352 4160 conspicitis
2383 4085 2692 4158 superﬁcie
2723 4085 2969 4152 destrui,
3015 4084 3124 4138 hoc
3153 4083 3211 4137 in
3259 4082 3425 4138 nobis
3466 4081 3724 4153 quaerite,

2018 4179 2174 4252 quod
2205 4178 2542 4234 ordinatum
2579 4174 2804 4246 sibique
2843 4187 3170 4245 congruens
3209 4171 3360 4241 apud
3403 4188 3508 4228 nos
3539 4170 3727 4227 valeat

2015 4271 2175 4326 intus
2213 4267 2480 4323 inveniri.

2686 4352 2916 4410 CAPUT
2955 4352 3047 4409 IV.

2089 4447 2398 4518 Aliquando
2423 4445 2648 4501 litterati
2668 4445 2848 4499 sensui
2869 4441 3267 4498 inherendum.
3299 4472 3368 4483 —
3396 4441 3727 4514 Aliquando

231 4531 506 4605 gligimus,
533 4547 602 4587 ne
627 4531 846 4586 tardius
873 4531 944 4586 ad
969 4532 1212 4585 obscura
1234 4531 1535 4586 veniamus
1561 4546 1572 4584 :
1599 4531 1910 4600 aliquando
1943 4525 1986 4588 D
2020 4545 2214 4593 autem
2249 4538 2346 4608 qui
2378 4535 2545 4590 verba
2573 4535 2830 4604 accipere
2861 4531 3117 4588 historiae
3144 4533 3303 4602 juxta
3333 4530 3591 4587 litteram
3626 4548 3731 4586 ne-

230 4632 402 4679 autem
433 4623 683 4694 intelligi
707 4624 876 4692 juxta
908 4621 1158 4678 litteram
1189 4627 1512 4692 nequeunt;
1547 4623 1686 4694 quia
1714 4636 1914 4692 super-

229 4714 343 4768 ﬁcie
372 4721 540 4769 tenus
574 4716 826 4782 accepta,
860 4727 1225 4781 nequaquam
1255 4712 1695 4766 instructionem
1721 4710 1911 4782 legen-

225 4805 390 4868 tibus,
439 4804 536 4858 sed
582 4818 834 4857 errorem
887 4802 1156 4872 gignunt.
1205 4801 1346 4856 Ecce
1395 4799 1610 4856 etenim
1652 4799 1908 4854 dicitur:

223 4896 324 4951 Sub
356 4910 456 4964 quo
500 4899 809 4947 curvantur
851 4893 944 4962 qui
981 4897 1209 4957 portant
1256 4890 1437 4946 orbem
1485 4890 1620 4959 (Job.
1673 4906 1751 4955 ix,
1801 4891 1910 4960 13).

224 4987 286 5042 Et
315 4987 384 5040 de
414 4990 574 5040 tanto
595 4983 716 5038 viro
749 4982 882 5054 quis
913 4981 1132 5036 nesciat
1154 4982 1306 5052 quod
1332 4997 1699 5052 nequaquam
1733 4997 1913 5035 vanas

222 5081 512 5148 poetarum
544 5072 774 5129 fabulas
805 5072 1084 5142 sequitur,
1119 5077 1182 5126 ut
1214 5073 1256 5128 ὅ
1297 5072 1496 5126 mundi
1528 5073 1741 5126 molem
1773 5071 1913 5126 sub-

224 5166 348 5222 vehi
376 5166 645 5237 giganteo
673 5164 884 5220 sudore
925 5162 1298 5234 suspicetur?
1337 5162 1443 5228 Qui
1479 5178 1713 5217 rursum
1750 5178 1917 5234 pres-

222 5275 322 5314 sus
354 5254 824 5327 percussionibus
871 5253 1052 5308 dicit:
1105 5251 1287 5322 Elegit
1335 5252 1681 5316 suspendium
1728 5256 1920 5308 anima

291 5480 366 5548 (α)
398 5477 647 5543 Ebroic.,
690 5479 1033 5548 Mysterium.

288 5544 366 5621 (ὁ)
395 5550 702 5621 Secundus
753 5544 979 5621 Rhem.,
1032 5544 1311 5621 Floria_c.,j
1340 5547 1632 5621 secundus
1674 5546 1920 5618 Remig,

221 5617 385 5694 Re'gl,
417 5620 612 5687 Mich.,
653 5619 710 5674 S.
760 5618 972 5694 Albin._,
1016 5617 1334 5694 Attitudini.
1366 5617 1924 5694 Convenitquecon-

218 5689 581 5764 temptationes
611 5693 874 5747 ascensui.
902 5691 1005 5745 Hic
1037 5695 1248 5752 tamen,
1281 5689 1378 5764 ubi
1413 5689 1776 5764 diffundendi
1813 5708 1927 5764 ser-

217 5761 417 5825 monis
441 5764 588 5822 ratio
609 5764 939 5834 subjicitur,
959 5769 1011 5819 et
1033 5763 1093 5819 in
1117 5761 1542 5820 moralitatibus
1560 5763 1924 5835 excurrendi,

2021 4629 2211 4700 gligit,
2245 4625 2507 4682 oblatum
2532 4624 2642 4679 sibi
2674 4622 2932 4678 veritatis
2964 4622 3161 4677 lumen
3194 4622 3537 4687 abscondit;
3572 4637 3734 4677 cum-

2029 4735 2141 4792 que
2175 4717 2459 4772 laboriose
2493 4714 2752 4769 invenire
2784 4714 2842 4767 in
2874 4713 2958 4768 eis
2989 4711 3144 4768 aliud
3174 4712 3528 4767 intrinsecus
3559 4726 3736 4780 appe-

2022 4811 2112 4875 tit,
2147 4808 2252 4862 hoc
2284 4807 2436 4877 quod
2484 4804 2621 4861 foris
2665 4804 2788 4859 sine
2830 4803 3175 4858 difficultate
3218 4800 3448 4872 assequi
3490 4803 3733 4869 poterat,

2022 4898 2261 4954 amittit.
2313 4896 2564 4950 Sanctus
2610 4910 2864 4964 namque
2914 4892 3000 4948 vir
3034 4892 3216 4946 dicit:
3265 4890 3323 4945 Si
3359 4891 3551 4960 negavi
3589 4889 3738 4958 quod

2021 4987 2269 5043 volebant
2314 4986 2673 5056 pauperibus,
2719 4994 2769 5039 et
2809 4983 2992 5038 oculos
3037 4983 3206 5036 viduae
3248 4986 3565 5048 exspectare
3593 4979 3698 5045 feci
3720 4996 3738 5036 .'

2022 5081 2068 5134 si
2096 5076 2299 5133 comedi
2345 5076 2641 5131 buccellam
2689 5090 2869 5129 meam
2914 5072 3077 5134 solus,
3128 5077 3178 5122 et
3225 5083 3332 5122 non
3372 5067 3602 5121 comedit
3631 5083 3740 5138 pu-

2022 5165 2199 5239 pillus
2249 5181 2317 5221 ex
2353 5182 2464 5229 ea;
2507 5168 2553 5218 si
2583 5164 2803 5233 despexi
2849 5163 3290 5230 prastereuntem,
3336 5171 3394 5210 eo
3443 5155 3583 5225 quod
3631 5171 3741 5212 non

2029 5255 2277 5312 habuerit
2309 5254 2716 5319 indumentum,
2748 5260 2798 5306 et
2828 5251 3027 5318 absque
3055 5247 3382 5316 operimento
3412 5261 3704 5317 pauperem
3721 5262 3742 5306 ,ο

2031 5479 2334 5549 probanda
2365 5477 2550 5549 magis
2579 5475 2804 5531 videtur
2834 5490 2938 5530 vox
2970 5471 3277 5542 latitudini,
3303 5488 3431 5543 quae
3462 5473 3517 5528 in
3554 5473 3740 5543 potio-

2033 5548 2193 5605 ribus
2226 5548 2360 5603 Mss.
2405 5548 2670 5603 habetur.

2107 5620 2176 5690 (ο)
2210 5620 2454 5692 Ebroic.,
2486 5620 2637 5692 Lyr.,
2671 5619 2881 5690 BigoL.
2914 5617 3310 5687 aediﬁcationis.

2107 5692 2184 5784 (vi?
2216 5691 2392 5784 Editi,
2428 5693 2501 5784 ab
2528 5691 2753 5784 ar‘tepno.

2111 5761 2182 5836 (ο)
2212 5768 2432 5831 Norm.,
2467 5763 2524 5821 S.
2559 5763 2715 5834 Alb.,
2750 5763 3013 5830 Floriac.,
3045 5762 3320 5830 Colbert.,
3352 5761 3566 5815 exerat.
