4086 6166
407 279 524 341 515

1675 273 1945 336 SANCTI
1991 270 2358 333 GREGORII
2408 272 2656 334 MAGNI

3761 286 3864 344 516

405 415 452 470 si
488 429 600 471 non
631 411 1023 468 benedixerunt
1052 410 1190 466 mihi
1227 410 1407 465 latera
1443 409 1584 477 eius,
1623 411 1674 462 et
1715 406 1787 463 de
1827 405 2111 462 velleribus
2140 409 2195 475 Α
2225 406 2427 476 liquet,
2460 405 2598 478 quia
2626 405 2976 464 adversitate
3006 423 3120 463 non
3161 406 3383 464 modica
3409 407 3612 467 laboris
3641 413 3742 468 mei
3768 420 3869 471 stu-

410 508 592 563 ovium
633 519 884 558 mearum
931 503 1225 570 calefactus
1263 508 1341 555 est
1384 499 1536 570 (Job.
1587 514 1737 564 xxxx,
1781 498 1848 551 16
1877 500 1931 551 et
1960 499 2113 566 seq.).

410 598 543 661 Quae
576 594 845 652 videlicet
891 592 939 648 si
972 593 1043 646 ad
1092 590 1376 661 allegorias
1426 603 1662 644 sensum
1713 586 1988 642 violenter
2026 586 2113 640 in-

409 685 722 751 ﬂectimus,
755 685 966 736 cuncta
995 680 1122 748 ejus
1155 676 1568 732 misericordias
1600 676 1749 731 facta
1779 690 2112 731 vacuamus.

408 775 647 830 Divinus
669 771 881 827 etenim
910 783 1098 823 sermo
1122 766 1273 822 sicut
1297 764 1589 838 mysteriis
1613 765 1926 836 prudentes
1949 780 2114 818 exer-

407 870 516 933 cet,
545 864 630 919 sic
663 861 1004 932 plerumque
1036 856 1343 928 superficie
1386 854 1683 926 simplices
1733 855 1967 909 refovet.
2001 855 2113 908 Ha-

405 956 503 1010 bet
523 955 580 1007 in
603 949 836 1022 publico
861 948 1010 1002 unde
1035 945 1304 1017 parvulos
1329 947 1566 1012 nutriat,
1589 949 1783 1000 servat
1804 943 1865 1000 in
1893 948 2115 999 secreto

406 1044 563 1099 unde
601 1041 824 1094 mentes
865 1036 1206 1092 sublimium
1252 1037 1310 1092 in
1350 1036 1734 1090 admiratione
1775 1034 2112 1104 suspendat.

410 1129 586 1198 Quasi
612 1125 852 1199 quidam
897 1125 1108 1197 quippe
1147 1128 1236 1180 est
1283 1125 1330 1179 ϐ
1379 1124 1611 1191 ﬂuvius,
1644 1127 1707 1177 ut
1736 1122 1818 1178 ita
1848 1122 2115 1187 dixerim,

409 1220 624 1292 planus
653 1221 709 1274 et
738 1214 914 1284 altus,
949 1215 1008 1270 in
1041 1231 1156 1286 quo
1188 1219 1244 1270 et
1275 1230 1458 1286 agnus
1489 1213 1764 1282 ambulet,
1797 1217 1854 1267 et
1883 1211 2117 1282 elephas

411 1313 590 1366 natet.
616 1309 688 1364 Ut
707 1324 840 1381 ergo
859 1305 1322 1375 uniuscujusque
1353 1303 1462 1359 loci
1485 1301 1886 1374 opportunitas
1918 1305 2114 1371 postu-

405 1400 502 1468 lat,
537 1399 618 1454 ita
642 1399 717 1468 (a)
740 1414 800 1454 se
821 1413 923 1468 per
952 1395 1211 1452 studium
1240 1393 1621 1466 expositionis
1641 1393 1780 1448 ordo
1812 1392 2112 1459 immutat;

408 1493 698 1561 quatenus
748 1493 910 1544 tanto
950 1487 1142 1542 verius
1174 1500 1415 1541 sensum
1450 1485 1654 1539 divinas
1683 1482 1993 1538 locutionis
2025 1482 2116 1536 in-

403 1577 616 1645 veniat,
664 1580 881 1647 quanto
931 1581 993 1629 ut
1041 1590 1132 1630 res
1186 1588 1429 1644 quaque
1477 1572 1744 1643 exegerit,
1792 1587 1893 1642 per
1921 1586 2116 1626 causa-

408 1683 538 1723 rum
571 1665 794 1737 species
825 1664 1092 1720 alternat.

1093 1752 1322 1808 CAPUT
1359 1751 1426 1806 V.

482 1843 776 1914 Gregorius
802 1839 1131 1908 aegritudine
1161 1841 1417 1895 laborans
1447 1854 1580 1910 opus
1609 1852 1843 1908 sequens
1868 1837 2113 1908 perfecit.

419 1933 604 1988 Artem
637 1929 895 2002 loquendi
925 1931 1186 1999 neglexit.
1219 1928 1424 1993 Ouibus
1453 1931 1648 1983 utatur
1675 1927 1971 1996 Scriptura
2001 1940 2121 1980 ver-

410 2020 676 2076 siom‘bus.
709 2049 780 2061 -—-
811 2020 996 2084 Quam
1043 2016 1308 2073 videlicet
1354 2016 1775 2088 expositionem
1814 2028 2119 2070 recensen-

407 2112 542 2165 dam
579 2113 689 2164 tuis
723 2106 1091 2174 beatitudini,
1127 2122 1244 2162 non
1285 2105 1420 2176 quia
1458 2104 1617 2161 velut
1654 2104 1888 2175 dignam
1922 2101 2117 2168 debui,

2227 494 2335 550 diis
2365 496 2423 551 in
2458 496 2561 552 hoc
2595 496 2862 552 molestia
2905 496 3224 567 corporalis
3267 497 3504 563 obsistit,
3533 502 3674 569 quod
3704 507 3868 562 carnis

2225 588 2407 641 virtus
2438 603 2572 641 cum
2605 586 2912 642 locutionis
2955 586 3338 642 ministerium
3378 588 3629 645 exhibere
3659 591 3744 646 vix
3768 595 3869 648 suf-

2225 673 2364 741 ﬁcit,
2413 690 2577 730 mens
2617 675 2791 746 digne
2834 691 2946 730 non
2991 679 3176 744 potest
3214 675 3477 731 intimare
3519 678 3660 747 quod
3695 682 3868 741 sentit.

2225 762 2371 826 Quid
2413 779 2664 835 namque
2715 771 2800 818 est
2850 763 3104 818 ofﬁcium
3153 765 3430 834 corporis,
3479 763 3584 819 nisi
3627 783 3870 838 organum

2225 854 2457 909 cordis?
2499 855 2567 909 Et
2615 853 2940 926 quamlibet
2989 854 3208 926 peritus
3255 855 3330 910 sit
3377 856 3634 911 cantandi
3679 858 3868 928 artifex,

2225 943 2451 1014 explere
2483 949 2664 999 artem
2698 960 2809 1000 non
2856 943 3026 1015 valet,
3073 944 3186 999 nisi
3216 945 3284 999 ad
3319 945 3459 1000 hanc
3488 944 3592 1000 sibi
3621 950 3672 1000 et
3700 946 3869 1002 minis-

2225 1032 2369 1088 teria
2400 1033 2692 1088 exteriora
2716 1034 3069 1089 concordent
3100 1034 3272 1105 :quia
3302 1033 3571 1089 nimirum
3598 1035 3871 1105 canticum,

2226 1124 2381 1195 quod
2411 1125 2576 1180 docta
2608 1142 2814 1180 manus
2844 1125 3106 1197 imperat,
3151 1129 3421 1195 quassata
3450 1140 3654 1196 organa
3681 1127 3874 1197 proprie

2226 1230 2343 1269 non
2375 1214 2699 1282 resultant;
2754 1231 2859 1272 nec
2907 1220 3091 1270 artem
3123 1215 3296 1271 ﬂatus
3338 1213 3616 1285 exprimit,
3654 1215 3699 1269 si
3727 1216 3877 1270 scissa.

2226 1303 2390 1358 rimis
2422 1303 2621 1359 ﬁstula
2665 1304 2889 1360 stridet.
2932 1306 3155 1369 Quanto
3197 1304 3395 1374 itaque
3425 1304 3647 1375 gravius
3680 1304 3874 1374 exposi-

2224 1394 2402 1449 tionis
2426 1410 2564 1450 mea
2593 1393 2846 1465 qualitas
2870 1395 3175 1466 premitur,
3200 1395 3258 1449 in
3283 1411 3402 1465 qua
3421 1393 3640 1449 dicendi
3665 1394 3877 1465 gratiam

2226 1483 2309 1538 sic
2339 1483 2592 1540 fractura
2612 1485 2812 1556 organi
2836 1484 3110 1556 dissipat,
3143 1489 3206 1539 ut
3237 1483 3388 1538 banc
3410 1482 3614 1555 peritiae
3635 1499 3718 1538 ars
3748 1482 3879 1538 nulla

2226 1576 2584 1646 componat?
2611 1574 2811 1637 Quaeso
2851 1584 3041 1630 autem
3085 1578 3150 1629 ut
3189 1575 3367 1644 hujus
3397 1574 3579 1644 cperis
3608 1573 3748 1628 dicta
3781 1589 3881 1643 per~

2225 1680 2483 1729 currens,
2516 1665 2573 1718 in
2611 1665 2697 1719 his
2726 1665 3036 1720 verborum
3059 1663 3194 1719 folia
3216 1680 3334 1720 non
3369 1662 3637 1734 requiras,
3660 1662 3783 1733 quia
3801 1678 3882 1733 per

2225 1770 2391 1809 sacra
2439 1752 2667 1824 eloquia
2716 1755 2786 1807 ab
2836 1769 3038 1808 eorum
3101 1753 3508 1808 tractatoribus
3551 1752 3881 1806 infructuosa

2225 1843 2588 1913 loquacitatis
2635 1843 2837 1898 levitas
2896 1844 3151 1898 studiose
3207 1842 3611 1914 compescitur,
3668 1842 3791 1896 dum
3836 1841 3883 1894 in

2223 1932 2439 2003 templo
2469 1932 2569 1988 Dei
2590 1949 2799 1988 nemus
2825 1931 3077 2004 plantari
3103 1931 3451 2003 prohibetur
3475 1932 3642 2002 (Deut.
3667 1947 3766 1995 xvr,
3787 1929 3882 1998 2t).

2224 2021 2292 2076 Et
2322 2021 2515 2077 cuncti
2547 2022 2746 2093 procul
2777 2022 2951 2077 dubio
2982 2023 3223 2089 scimus,
3259 2021 3402 2092 quia
3433 2022 3647 2092 quoties
3678 2022 3726 2074 in
3759 2018 3887 2074 foliis

2224 2111 2372 2167 male
2403 2111 2547 2166 laeta:
2579 2110 2792 2182 segetis
2837 2110 3019 2166 culmi
3070 2111 3409 2183 proficiunt.
3445 2110 3642 2166 minori
3675 2109 3889 2180 plenitu-

404 2197 506 2253 sed
540 2196 676 2267 quia
715 2200 771 2250 te
825 2199 1058 2267 petente
1109 2193 1346 2250 memini
1394 2193 1752 2264 promisisse,
1797 2190 2118 2246 transmisi.

415 2287 477 2343 In
512 2303 629 2358 qua
662 2286 940 2358 quidquid
973 2289 1074 2340 tua
1105 2285 1387 2340 sanctitas
1421 2283 1684 2355 tepidum
1716 2281 2122 2352 incultumque

2225 2200 2359 2256 dine
2391 2201 2673 2271 spicarum
2722 2217 2901 2272 grana
2947 2205 3310 2272 turgescunt.
3355 2200 3514 2256 Unde
3543 2205 3593 2256 et
3619 2199 3786 2267 ipsam
3815 2195 3890 2250 lo-

2224 2291 2439 2360 quendi
2470 2295 2676 2358 artem,
2702 2307 2876 2362 quam
2910 2291 3245 2361 magisteria
3276 2291 3597 2363 disciplina:
3625 2288 3891 2344 exterioris

2224 2380 2545 2451 insinuant,
2578 2397 2806 2437 servare
2837 2380 3088 2452 deSpexi.
3123 2381 3267 2436 Nam
3303 2381 3462 2439 sicut
3497 2381 3656 2450 hujus
3690 2394 3891 2450 quoque

2224 2470 2475 2540 epistolas
2497 2475 2661 2525 tenor
2679 2470 2966 2539 enuntiat,
2981 2470 3059 2541 (d)
3081 2487 3196 2525 non
3217 2470 3550 2527 metacismi
3575 2468 3890 2524 collisionem

2225 2560 2405 2632 fugio,
2429 2575 2543 2615 non
2577 2558 2928 2615 barbarismi
2951 2560 3366 2615 confusionem
3401 2561 3605 2628 devito,
3629 2558 3766 2613 situs
3795 2572 3893 2611 mo-

2222 2654 2435 2720 tusque
2485 2657 2541 2704 et
2581 2649 3055 2720 praepositionum
3101 2665 3274 2704 casus
3326 2665 3559 2706 servare
3603 2652 3894 2709 contemno,

414 2375 712 2447 repererit,
749 2378 908 2428 tanto
932 2372 1075 2429 mihi
1099 2373 1402 2428 celerrime
1425 2371 1739 2445 indulgeat,
1771 2377 1990 2444 quanto
2012 2372 2120 2427 hoc

408 2482 500 2521 inc
530 2481 747 2537 aegrum
781 2462 974 2520 dicere
1015 2479 1130 2519 non
1181 2462 1430 2534 ignorat.
1472 2462 1618 2517 Nam
1669 2463 1808 2518 dum
1857 2460 2122 2518 molestia

407 2571 619 2626 corpus
639 2551 927 2622 atteritur,
943 2553 1020 2625 (b)
1042 2551 1246 2607 affecta
1271 2557 1463 2608 mente
1484 2552 1660 2608 etiam
1684 2552 1912 2607 dicendi
1934 2548 2122 2606 studia

404 2643 809 2714 languescunt.
863 2641 1046 2698 Multa
1075 2643 1289 2713 quippe
1320 2657 1606 2697 annorum
1652 2641 1776 2711 jam
1829 2639 2122 2696 curricula

403 2734 808 2802 devolvuntur,
824 2733 976 2804 quod
1006 2731 1225 2787 crebris
1248 2732 1531 2787 viscerum
1555 2729 1852 2786 doloribus
1872 2729 2118 2797 crucior,

405 2825 562 2882 horis
592 2824 1018 2895 momentisque
1065 2824 1339 2879 omnibus
1387 2823 1564 2878 fracta
1593 2821 1876 2878 stomachi
1909 2821 2121 2876 virtute

410 2915 687 2982 Iassesco,
722 2913 895 2970 lentis
926 2913 1182 2983 quidem,
1233 2913 1332 2967 sed
1375 2916 1572 2967 tamen
1614 2910 1909 2967 continuis
1942 2910 2120 2965 febri-

412 3004 520 3058 bus
547 3003 776 3058 anhelo.
801 3002 1073 3073 Interque
1107 3002 1225 3057 haec
1256 3002 1395 3056 dum
1430 2999 1716 3056 sollicitus
1747 3016 1928 3071 penso
1959 2999 2121 3070 quia,

2224 2738 2360 2810 quia
2393 2738 2702 2810 indignum
2753 2739 2911 2808 (Dist.
2964 2738 3055 2804 38,
3103 2754 3150 2793 c.
3201 2738 3523 2810 Indignum)
3565 2736 3896 2793 vehementer

2222 2829 2510 2896 existimo,
2545 2833 2609 2883 ut
2637 2829 2812 2884 verba
2856 2828 3100 2884 caelestis
3146 2830 3369 2884 oraculi
3426 2829 3756 2898 restringam
3803 2824 3893 2879 sub

2224 2917 2437 2989 regulis
2470 2919 2696 2973 Donati.
2731 2918 2930 2989 Neque
2978 2918 3136 2973 enim
3169 2918 3291 2973 haec
3339 2919 3412 2974 ab
3445 2918 3582 2973 ullis
3611 2913 3904 2986 interpreti-

2224 3008 2355 3073 bus,
2391 3007 2449 3062 in
2476 3008 2786 3078 Scriptura:
2819 3023 2995 3063 sacres
3037 3008 3388 3064 auctoritate
3420 3011 3644 3064 servata
3673 3011 3812 3060 sunt.
3845 3002 3906 3055 Ex

410 3093 710 3163 Scriptura
760 3096 926 3160 teste,
989 3091 1174 3147 Omnis
1231 3091 1379 3159 filius
1436 3092 1529 3160 qui
1584 3106 1618 3143 a
1675 3089 1779 3144 Deo
1836 3091 2116 3159 recipitur,
2150 3136 2191 3203 C
2230 3113 2345 3165 qua
2378 3095 2658 3150 nimirum
2691 3095 2828 3166 quia
2880 3100 3075 3150 nostra
3123 3096 3412 3166 expositio
3462 3096 3662 3161 oritur,
3696 3093 3909 3162 dignum

417 3188 446 3203 ιι
497 3184 672 3203 --Ιιηλξ
704 3201 728 3203 η
761 3183 921 3203 III_L,_
987 3199 1062 3203 ___
1132 3183 1183 3203 ΩΧ
1260 3198 1362 3203 ----
1397 3181 1565 3203 ___,I:_
1602 3180 1983 3203 _...__-_|£L--_
2020 3182 2086 3203 Δ--
2229 3185 2475 3203 __,_l'_-a-
2523 3188 2598 3203 __a
2636 3189 2694 3203 -_1
2736 3183 2895 3203 -----ι
2947 3184 3078 3203 __'I_'1,
3167 3186 3216 3203 AI,
3243 3185 3350 3203 _IA,
3401 3186 3638 3203 _,A_-:-A_
3680 3197 3779 3203 --.μ
3812 3195 3886 3203 ...ι-

407 3184 729 3255 ﬂagellatur
755 3183 940 3255 (Hebr.
987 3199 1088 3251 xu,
1131 3183 1208 3254 6),
1253 3198 1368 3253 quo
1397 3181 1568 3237 malis
1601 3180 1985 3252 praesentibus
2015 3182 2115 3236 du-

406 3274 529 3330 rius
563 3273 878 3345 deprimor,
911 3289 977 3328 eo
1003 3272 1076 3343 (ο)
1099 3272 1169 3328 de
1191 3277 1404 3327 aeterna
1429 3272 1643 3328 certius
1669 3269 2119 3342 praesumptione

407 3363 648 3433 respiro.
697 3363 765 3417 Et
814 3362 1056 3417 fortasse
1099 3361 1208 3416 hoc
1250 3360 1459 3415 divina
1506 3359 1880 3431 providentia:
1929 3359 2119 3415 consi-

415 3453 560 3508 lium
596 3453 721 3519 fuit,
770 3457 831 3507 ut
859 3467 1204 3523 percussum
1241 3450 1352 3505 Job
1399 3465 1714 3520 percussus
1753 3465 2119 3520 exponerem,

416 3549 472 3602 et
520 3543 792 3615 flagellati
835 3549 1089 3598 mentem
1140 3541 1346 3597 melius
1400 3557 1500 3611 per
1546 3539 1769 3612 ﬂagella
1815 3540 2117 3596 sentirem.

420 3636 552 3706 [Vet.
611 3638 662 3691 et
709 3635 828 3690 Rec.
897 3633 973 3704 V.]
1019 3633 1129 3688 Sed
1182 3640 1371 3688 tamen
1424 3635 1570 3687 recte
1619 3631 2121 3686 considerantibus

506 3805 561 3943 αξ
593 3804 648 3859 S.
684 3803 836 3867 Alb.,
879 3801 958 3856 ita
989 3817 1201 3872 semper
1227 3799 1488 3855 studium.

506 3878 534 3930 b
611 3875 782 3941 Editi,
836 3875 1061 3943 afﬂicta.
1123 3872 1460 3943 Elegantius

505 3871 553 3943 b)
611 3875 782 3941 Editi,
836 3875 1061 3944 afﬂicta.
1101 3871 1460 3944 Elegantius
1517 3875 1648 3926 Mss.
1688 3871 1863 3944 Reg”
1923 3872 2115 3942 Corb.,

406 3947 463 4003 S.
491 3943 648 4013 'Alb.,
685 3947 709 4000 1
758 3946 1028 4012 Vindoc.,
1077 3945 1289 4015 affecta.
1339 3944 1374 3997 2
1404 3943 1648 3999 Vindoc.
1685 3943 1858 3998 habet
1891 3949 2118 3998 utram-

408 4019 768 4156 qugitlzegdtss”
813 4088 926 4143 nisi
973 4087 1127 4158 quod
1177 4087 1233 4141 in
1279 4087 1412 4154 Reg.
1457 4090 1514 4140 et
1562 4085 1810 4140 Colbert.
1854 4085 2110 4158 legitur:

2228 3185 2483 3255 profecto
2516 3188 2604 3238 est
2635 3189 2700 3238 ut
2730 3183 2898 3254 quasi
2939 3184 3094 3239 edita
3126 3185 3364 3241 soboles
3395 3186 3643 3256 speciem
3677 3197 3782 3238 suae
3811 3195 3910 3233 ma-

2231 3273 2338 3328 tris
2369 3273 2644 3328 imitetur.
2669 3273 2886 3328 Novam
2917 3289 3050 3329 vero
3077 3273 3528 3329 translationem
3562 3271 3770 3327 dissero
3791 3289 3804 3337 ;
3827 3268 3911 3324 sed

2231 3381 2363 3422 cum
2398 3365 2758 3436 probationis
2779 3381 2956 3420 causa
2987 3365 3184 3437 exigit,
3211 3382 3374 3421 nunc
3409 3381 3641 3430 novam,
3667 3378 3807 3418 nunc
3834 3375 3916 3413 ve-

2230 3462 2410 3512 terem
2442 3472 2542 3528 per
2573 3455 2907 3511 testimonia
2938 3473 3214 3523 assumo;
3251 3460 3318 3511 ut
3350 3457 3492 3529 quia
3526 3456 3692 3510 sedes
3723 3454 3913 3524 aposto-

2228 3546 2363 3610 lica,
2396 3546 2486 3601 cui
2523 3550 2633 3600 Deo
2674 3550 2908 3601 auctore
2948 3546 3252 3616 praesideo,
3296 3554 3554 3617 utraque
3595 3545 3785 3608 utitur,
3823 3539 3912 3594 mei

2229 3652 2463 3707 quoque
2493 3635 2658 3690 labor
2687 3635 2863 3690 studii
2897 3650 2964 3689 ex
2988 3643 3230 3706 utraque
3269 3635 3576 3691 tulciatur.

2228 3799 2292 3855 de
2319 3805 2521 3856 eterna
2549 3803 2727 3854 certus
2756 3799 3145 3855 consolatione.
3180 3800 3359 3869 Editi,
3393 3804 3465 3857 de
3492 3803 3730 3858 aeternis.

2298 3873 2379 3942 (a)
2413 3871 2740 3940 Legendum
2773 3887 2879 3926 non
2913 3871 3186 3927 Iotacismi
3219 3879 3425 3929 monet
3456 3874 3763 3928 illustriss.
3793 3873 3918 3924 Bue-

2230 3945 2344 4017 tius
2375 3944 2509 4010 (Lib.
2553 3942 2774 4017 deopt.
2823 3959 2948 4017 gen.
2997 3945 3222 4012 interp.,
3267 3959 3394 4016 cap.
3451 3946 3566 4017 42),
3608 3947 3768 4017 cujus
3803 3957 3921 3997 con-

2220 4016 2461 4084 jecturae
2502 4013 2643 4067 nulli
2685 4018 2822 4068 Mss.
2876 4015 3084 4068 favent.
3127 4013 3584 4071 Metacismus'a
3628 4013 3919 4086 μετάκειμαι

2228 4086 2472 4143 derivari
2513 4090 2717 4155 potest,
2747 4092 2801 4140 et
2833 4086 3030 4141 Latine
3061 4086 3172 4142 dici
3201 4091 3593 4159 transpositio.

402 4231 3907 4273 Μ

1715 4347 2538 4559 Praefatio
2574 4363 2607 4400 ⁸

1177 4633 1246 4693 In
1276 4653 1393 4712 qua
1423 4653 1555 4713 quae
1584 4642 1705 4695 toto
1735 4652 1910 4712 opere
1938 4630 2311 4693 edisserenda
2339 4641 2476 4692 sunt
2506 4636 2719 4711 paucis
2743 4631 3125 4710 perstringit.

971 4871 1199 4927 CAPUT
1238 4870 1537 4927 PRIMUM.

477 4968 517 5022 1
558 4969 606 5022 1.
651 4965 779 5034 Quis
817 4965 1049 5033 scriptor
1086 4961 1215 5015 libri
1259 4961 1375 5016 Job.
1411 4991 1478 5000 —-
1519 4961 1673 5016 Inter
1707 4960 1920 5017 multos
1958 4977 2108 5032 saepe

408 5055 707 5130 quaeritur,
729 5052 860 5123 quis
881 5050 1012 5107 libri
1037 5049 1189 5105 beati
1208 5048 1314 5105 Job
1328 5048 1574 5116 scriptor
1594 5049 1897 5105 habeatur.
1923 5050 1988 5104 Et
2011 5050 2107 5105 alii

400 5147 626 5216 quidem
658 5145 914 5215 Moysen,
963 5140 1061 5196 alii
1108 5155 1288 5196 unum
1335 5138 1658 5211 quemlibet
1699 5155 1769 5194 ex
1809 5139 2106 5210 prophetis

402 5233 742 5302 scriptorem
764 5233 937 5303 hujus
956 5230 1146 5300 operis
1164 5229 1342 5286 fuisse
1364 5229 1763 5300 suspicantur.
1783 5229 1928 5295 Quia
1948 5232 2106 5286 enim

399 5321 460 5376 in
491 5319 636 5374 libro
660 5320 944 5376 Genesecs
977 5319 1189 5392 (Cenes.
1233 5337 1418 5385 xxxvr,
1462 5319 1550 5392 33)
1594 5319 1780 5375 Jobab
1821 5319 1891 5374 de
1927 5317 2107 5390 stirpe

401 5411 552 5467 Esau
585 5408 975 5470 descendisse.
1017 5414 1074 5463 et
1105 5408 1238 5465 Bale
1278 5407 1398 5465 ﬁlio
1431 5408 1575 5465 Beor
1605 5408 1663 5463 in
1697 5424 1941 5480 regnum
1974 5423 2105 5464 suc-

427 5576 554 5660 ._(a)
583 5579 646 5629 In
680 5574 953 5660 omnibus
983 5581 1092 5627 vel.
1122 5575 1268 5660 Mss.
1306 5576 1396 5658 hic
1429 5576 1634 5660 incipit
1674 5575 1860 5660 prima
1877 5592 2033 5660 “pars
2052 5577 2107 5630 et

399 5645 502 5707 lib.
535 5645 576 5712 ἰ,
609 5645 773 5701 nulla
805 5645 950 5701 facta
1000 5646 1353 5712 pretationis
1393 5645 1708 5703 mentione.
1748 5645 1981 5703 Praeteri
2022 5654 2108 5702 ta-

401 5736 533 5778 men
566 5721 832 5774 sanctum
872 5717 1170 5772 Doctorem
1219 5715 1402 5786 liquet
1451 5734 1520 5774 ex
1557 5717 1652 5773 his
1679 5717 1870 5775 verbis
1901 5719 1961 5774 in
1993 5718 2108 5774 ﬁne

2141 4874 2188 4940 Ι)
2219 4870 2462 4927 cessisse
2509 4868 2873 4930 describitur,
2935 4868 3092 4927 hunc
3135 4870 3373 4927 beatum
3427 4872 3547 4928 Joh
3595 4872 3766 4944 longe
3811 4870 3928 4925 ante

2222 4961 2396 5031 Moysi
2445 4964 2711 5032 tempora
2754 4960 3046 5016 exstitisse
3094 4961 3494 5028 crediderunt,
3547 4978 3764 5018 morem
3813 4972 3926 5028 pro-

2220 5049 2366 5105 facto
2399 5050 2547 5105 sacri
2579 5047 2794 5119 eloquii
2837 5049 3187 5114 nescientes,
3231 5049 3368 5121 quia
3416 5050 3482 5107 in
3537 5047 3926 5124 superioribus

2219 5141 2344 5195 suis
2378 5139 2639 5212 partibus
2671 5138 2814 5194 solet
2845 5139 3099 5194 breviter
3136 5139 3300 5212 longe
3333 5149 3472 5210 post
3505 5145 3785 5198 secutura
3815 5153 3928 5208 per-

2219 5231 2521 5298 stringere,
2573 5245 2705 5284 cum
2753 5229 2951 5284 studet
2996 5229 3064 5284 ad
3113 5228 3227 5285 alia
3270 5229 3560 5287 subtilius
3601 5231 3683 5303 (a)
3714 5242 3929 5286 enume-

2219 5320 2401 5375 randa
2425 5332 2749 5390 properare.
2775 5317 2938 5373 Unde
2960 5322 3015 5372 et
3037 5318 3155 5373 illic
3171 5319 3370 5386 Jobab,
3399 5319 3757 5392 priusquam
3785 5330 3926 5386 reges

2218 5408 2276 5463 in
2309 5407 2484 5464 Israel
2521 5406 2852 5472 existerent,
2901 5407 3081 5462 fuisse
3127 5412 3517 5464 memoratur.
3557 5411 3924 5482 Nequaquam

2215 5573 2476 5646 legendis
2512 5589 2525 5627 :
2572 5574 2633 5628 In
2675 5573 2891 5646 longum
2938 5573 3284 5646 prae/alicui:
3329 5573 3500 5628 verba
3539 5576 3924 5646 prolraxipius.

2291 5645 2368 5717 (b)
2402 5645 2524 5710 Ed.,
2555 5645 2892 5701 enuntianda
2914 5662 2933 5706 .·
2978 5644 3331 5703 correximus
3355 5660 3428 5700 ex
3464 5644 3762 5702 consensu
3794 5644 3924 5700 Mss.
