4086 6166
161 206 288 266 517

1287 207 1703 269 MORALIUM
1751 209 1978 270 LIBRI.
2033 243 2092 252 —
2150 209 2586 274 PREFATIO.

3581 227 3700 286 518

162 355 304 411 ergo
335 339 630 394 exstitisse
661 343 794 394 ante
828 339 1012 411 legem
1041 340 1430 411 cognoscitur,
1462 341 1561 411 qui
1596 341 1876 397 Israeliti-
1911 345 1962 411 Α
1993 359 2109 414 gem
2143 361 2355 408 meam;
2390 348 2651 403 inclinate
2671 365 2860 404 aurem
2893 357 3125 406 vestram
3165 355 3222 407 in
3253 354 3411 410 verba
3442 359 3550 412 oris
3591 359 3700 414 mei

164 447 368 486 corum
397 428 669 500 judicum
701 434 958 500 tempore
991 430 1164 485 fuisse
1204 432 1486 502 signatur.
1521 432 1682 494 Quod
1734 434 1870 489 dum

165 521 408 592 quidam
443 519 640 573 minus
674 524 837 574 caute
870 519 1263 588 considerant,
1309 521 1544 590 Moysen
1580 526 1874 592 gestorum

163 612 322 668 illius
354 610 526 681 quasi
567 611 736 682 longe
782 612 1093 681 autepositi
1138 614 1483 682 scriptorem
1529 617 1778 683 putant;
1813 618 1877 668 ut

164 702 435 757 videlicet
464 700 513 758 is
545 700 643 771 qui
676 701 865 772 potuit
897 701 966 755 ad
998 701 1388 758 eruditionem
1431 709 1694 758 nostram
1732 703 1877 773 legis

167 798 457 864 praecepta
489 792 678 857 edere,
715 792 833 862 ipse
881 793 1153 846 credatur
1182 793 1352 847 etiam
1400 810 1465 848 ex
1497 793 1731 865 gentilis
1774 795 1877 849 viri

163 883 437 950 historia,
462 882 696 936 virtutis
729 882 799 935 ad
834 898 936 936 nos
958 882 1222 953 exempla
1247 883 1575 939 mandasse.
1601 884 1879 939 Nonnulli

163 990 321 1038 vero,
355 981 418 1026 ut
450 972 672 1026 dictum
705 977 814 1037 est,
863 973 1203 1042 scriptorem
1235 972 1412 1043 hujus
1463 975 1654 1044 Operis
1695 991 1876 1029 unum

166 1062 494 1135 quemlibet
527 1079 590 1117 ex
625 1060 922 1133 prophetis
950 1063 1346 1119 arbitrantur:
1377 1070 1698 1120 asserentes
1725 1066 1879 1135 quod

169 1153 374 1208 nullus
409 1161 524 1206 tam
560 1153 805 1223 mystica
835 1151 932 1206 Dei
966 1152 1135 1208 verba
1166 1168 1510 1224 cognoscere
1536 1155 1745 1224 potuit,
1771 1155 1881 1209 nisi

169 1244 340 1313 cujus
375 1244 631 1296 mentem
667 1240 979 1311 prOphetiaa
1011 1242 1254 1312 spiritus
1282 1242 1352 1296 ad
1399 1258 1656 1314 superna
1691 1243 1882 1298 suble-

165 1333 346 1387 vavit.

237 1425 295 1475 2.
331 1423 536 1476 Auctor
574 1419 810 1490 Spiritus
839 1427 1079 1476 sanctus.
1115 1452 1181 1460 —
1207 1420 1313 1476 Sed
1337 1422 1468 1492 quis
1494 1422 1612 1477 haec
1635 1422 1884 1494 scripse-

168 1515 267 1581 rit,
304 1512 471 1567 valde
503 1527 868 1584 supervacue
916 1511 1212 1582 queritur,
1261 1529 1390 1566 cum
1446 1517 1637 1568 tamen
1682 1519 1884 1568 auctor

167 1604 306 1656 libri
337 1603 594 1673 Spiritus
628 1606 866 1657 sanctus
908 1600 1156 1656 fideliter
1201 1603 1490 1658 credatur.
1542 1603 1669 1674 Ipse
1708 1604 1886 1675 igitur

167 1690 295 1745 haec
318 1691 578 1760 scripsit,
614 1690 705 1759 qui
740 1689 1048 1744 scribenda
1071 1688 1327 1744 dictavit.
1356 1692 1482 1759 Ipse
1505 1691 1759 1761 scripsit.
1784 1691 1884 1762 qui

170 1786 225 1834 et
259 1781 321 1834 in
356 1779 518 1834 illius
549 1794 721 1850 opere
755 1779 1066 1847 inspiratur
1096 1779 1334 1843 exstitit,
1367 1785 1421 1833 et
1455 1796 1554 1849 per
1575 1781 1882 1835 scribentis

169 1885 367 1923 vocem
397 1867 680 1922 imitanda
712 1868 780 1922 ad
815 1883 920 1922 nos
950 1868 1074 1937 ejus
1108 1867 1254 1921 facta
1286 1869 1628 1924 transmisit.
1671 1869 1727 1922 Si
1757 1886 1881 1924 ma-

170 1956 268 2026 gni
285 1956 594 2026 cujusdam
618 1955 721 2010 viri
748 1956 1037 2024 susceptis
1061 1955 1322 2024 epistolis
1347 1956 1670 2026 legeremus
1683 1958 1880 2025 verba,

171 2047 271 2100 sed
298 2061 413 2116 quo
447 2043 672 2100 calamo
705 2045 951 2099 fuissent
985 2044 1200 2115 scripta
1228 2061 1648 2116 quaereremus,
1673 2047 1886 2102 ridicu-

174 2134 292 2189 lum
330 2135 587 2206 profecto
621 2139 776 2190 esset
805 2133 1177 2205 epistularum
1227 2140 1522 2191 auctorem
1563 2136 1707 2192 scire
1751 2153 1883 2192 sen-

173 2239 424 2295 sumque
457 2240 823 2294 cognoscere,
858 2225 951 2279 sed
993 2223 1153 2294 quali
1194 2223 1418 2279 calamo
1465 2239 1662 2280 earum
1710 2227 1885 2283 verba

175 2316 467 2386 impressa
499 2316 718 2370 fuerint
751 2316 1047 2384 indagare.
1083 2315 1225 2370 Cum
1258 2331 1392 2386 ergo
1425 2332 1544 2371 rem
1585 2319 1884 2388 cognosci~

178 2422 336 2470 mus,
371 2406 612 2476 ejusque
646 2405 727 2460 rei
761 2405 1036 2475 Spiritum
1081 2410 1348 2460 sanctum
1393 2414 1688 2462 auctorem
1731 2413 1885 2463 tene—

178 2512 334 2558 mus,
369 2496 510 2567 quia
537 2494 884 2565 scriptorem
919 2493 1258 2566 quaerimus,
1285 2496 1424 2564 quid
1449 2494 1604 2549 aliud
1634 2497 1885 2565 agimus,

180 2584 293 2638 nisi
329 2585 586 2656 legentes
618 2584 862 2652 litteras,
900 2585 970 2639 de
1001 2583 1223 2639 calamo
1259 2587 1335 2656 (a)
1371 2586 1818 2654 percontamur?

255 2673 396 2744 [l'et.
431 2673 530 2744 11.]
562 2672 614 2726 3.
667 2674 778 2741 Quo
823 2675 1133 2744 inspirante
1159 2673 1265 2728 Job
1312 2690 1416 2728 sua
1452 2677 1758 2728 certamina
1801 2675 1888 2730 de-

184 2767 417 2834 scripsit.
461 2795 528 2803 ——
569 2765 850 2818 Arbitrari
895 2769 1086 2818 tamen
1127 2764 1319 2819 verius
1360 2781 1697 2835 possumus,
1733 2766 1885 2836 quod

186 2852 333 2908 idem
394 2854 598 2908 beatus
646 2853 777 2919 Joh,
830 2853 927 2922 qui
992 2853 1302 2908 certamina
1359 2853 1634 2925 spiritalis
1684 2871 1887 2927 pugnae

192 2942 484 3009 sustinuit,
519 2942 692 2998 etiam
726 2946 1144 2997 consummatae
1168 2959 1285 2997 suae
1307 2941 1555 2996 victoriis
1578 2949 1736 3012 gesta
1762 2960 1891 2997 nar-

195 3031 344 3086 ravit.
378 3032 493 3089 Nec
528 3048 757 3088 movere
780 3033 948 3087 debet
972 3032 1124 3102 quod
1160 3033 1217 3086 in
1251 3033 1452 3087 eodem
1484 3033 1631 3088 libro
1654 3034 1884 3098 dicitur,

198 3120 333 3174 Dixit
378 3122 474 3177 Job
494 3137 516 3181 ,'
565 3119 675 3186 vel,
724 3122 834 3176 haec
890 3089 1054 3191 atqite
1109 3121 1217 3176 illa
1255 3123 1490 3192 pertulit
1537 3123 1653 3179 Job.
1708 3089 1887 3180 Moris
1919 3089 1962 3156 Ο

204 3209 242 3263 8
271 3211 416 3266 enim
452 3211 766 3281 Scriptura)
791 3227 970 3266 sacrze
999 3215 1086 3266 est
1119 3216 1180 3266 ut
1212 3212 1324 3281 ipsi
1357 3213 1454 3282 qui
1490 3212 1774 3279 scribunt,
1808 3215 1890 3268 sic

205 3297 264 3352 de
293 3317 350 3354 se
380 3301 438 3354 in
470 3300 572 3354 illa
603 3301 768 3371 quasi
801 3300 871 3355 de
901 3299 1030 3354 aliis
1061 3299 1394 3370 loquantur.
1439 3301 1585 3356 Hinc
1616 3307 1704 3357 est
1734 3302 1891 3358 enim

209 3390 344 3456 quod
392 3389 618 3460 Moyses
649 3389 725 3443 ait
759 3407 769 3443 :
805 3391 940 3444 Erat
991 3389 1198 3461 Moyses
1236 3392 1318 3443 vir
1365 3390 1693 3445 mitissimus
1732 3408 1894 3463 super

211 3491 377 3532 omnes
419 3480 694 3545 homines,
737 3478 1095 3534 morabantur
1135 3483 1188 3532 in
1253 3487 1396 3534 terra
1446 3481 1626 3548 (Nam.
1670 3496 1769 3547 xix,
1815 3483 1888 3551 3).

214 3565 346 3619 Hinc
389 3567 640 3623 Joannes
686 3567 874 3623 dicit:
927 3568 1240 3635 Discipulus
1273 3569 1385 3632 ille,
1429 3584 1589 3638 quem
1637 3569 1892 3638 diligebat

216 3654 546 3723 Jesuonan.
585 3674 698 3723 xix,
731 3656 843 3730 26).
901 3658 1042 3712 Hinc
1095 3657 1277 3713 Lucas
1327 3657 1453 3712 ait:
1508 3657 1657 3725 Quod
1700 3657 1890 3712 ambu-

214 3743 372 3800 larent
401 3745 502 3801 duo
533 3763 602 3802 ea:
630 3747 916 3818 discipulis
948 3749 1005 3800 in
1036 3747 1144 3812 via,
1182 3746 1438 3817 Cleophas
1465 3754 1514 3802 et
1555 3748 1698 3801 alius
1737 3748 1892 3817 (Luc.

214 3851 345 3905 xxxv,
379 3837 501 3907 13);
557 3853 729 3907 quem
776 3837 1030 3907 profecto
1063 3835 1264 3904 alium,
1298 3837 1437 3891 dum
1473 3842 1591 3890 tam
1633 3837 1894 3893 studiose

216 3925 393 3990 tacuit,
430 3931 491 3980 ut
520 3925 758 3997 quidam
791 3926 1018 3992 dicunt,
1042 3926 1298 3996 seipsum
1330 3927 1506 3980 fuisse
1529 3928 1892 3982 monstravit.

209 4014 507 4084 Scriptores
548 4015 726 4084 igitur
766 4015 912 4069 sacri
944 4014 1181 4084 eloquii,
1235 4015 1366 4084 quia
1406 4013 1666 4083 impulsu
1710 4015 1897 4070 sancti

210 4103 442 4174 Spiritus
471 4104 788 4174 agitantur,
830 4104 912 4158 sic
945 4104 1014 4159 de
1047 4121 1108 4160 se
1139 4105 1196 4158 in
1231 4103 1327 4159 illo
1352 4104 1748 4159 testimonium
1776 4111 1898 4160 tan-

210 4211 368 4264 quam
400 4193 470 4248 de
500 4192 630 4248 aliis
676 4195 992 4265 proferunt.
1030 4195 1175 4264 Ergo
1225 4200 1464 4250 sanctus
1507 4195 1758 4265 Spiritus
1801 4212 1900 4267 per

211 4284 429 4356 Moysen
466 4285 695 4339 locutus
728 4290 814 4340 est
845 4286 914 4340 de
955 4285 1187 4356 Moyse;
1223 4293 1459 4340 sanctus
1503 4286 1759 4354 Spiritus
1800 4303 1900 4356 per

208 4377 476 4428 Joannem
509 4375 738 4429 locutus
770 4379 857 4429 est
885 4374 953 4428 de
983 4375 1219 4429 Joanne.
1255 4374 1465 4429 Paulus
1505 4391 1733 4445 quoque
1765 4375 1899 4444 quia

1984 433 2150 510 (Psal.
2186 450 2389 496 Lxxvn,
2428 436 2500 504 1).
2536 436 2659 491 Non
2693 439 2848 492 enim
2898 438 2990 494 lex
3041 439 3239 509 David,
3293 447 3393 498 aut
3443 445 3695 516 populus

1986 521 2183 590 David,
2217 524 2314 577 sed
2353 540 2659 594 personam
2689 527 2840 596 ejus,
2877 544 2945 582 ex
2977 545 3090 599 quo
3125 530 3492 602 loquebatur,
3527 551 3698 591 assu-

1987 628 2170 677 mens,
2206 613 2384 681 ipsius
2416 616 2760 671 auctoritate
2796 616 3072 688 loquitur,
3108 623 3276 690 cujus
3317 622 3700 694 inspiratione

1990 701 2337 772 replebatur.
2375 702 2491 758 Hoc
2531 704 2780 773 quotidie
2823 706 2947 760 fieri
2989 708 3043 762 in
3089 708 3340 766 Ecclesia
3381 713 3700 779 cernimus,

1991 789 2040 844 si
2073 790 2380 859 vigilanter
2411 792 2726 850 intuemur.
2772 793 2916 849 Nam
2964 805 3123 852 stans
3156 799 3213 852 in
3260 800 3451 857 medio
3501 803 3701 874 populi

1991 878 2172 933 lector
2203 879 2413 935 clamat
2445 899 2456 935 :
2489 884 2596 953 Ego
2652 900 2772 938 sum
2804 890 2944 940 Deus
2983 888 3276 954 Abraham,
3332 891 3470 945 Deus
3519 894 3694 960 Isaac,

1993 977 2042 1022 et
2070 969 2206 1023 Deus
2228 970 2398 1025 Jacob
2429 972 2628 1042 (Exod.
2667 990 2752 1039 ιιι,
2785 976 2861 1044 6).
2915 975 2979 1030 Et
3034 980 3184 1047 quod
3220 982 3342 1049 ipse
3393 979 3545 1036 Deus
3603 981 3698 1048 sit,

1993 1073 2123 1112 vere
2153 1061 2408 1130 profecto
2442 1079 2554 1117 non
2587 1063 2764 1132 dicit;
2801 1081 2903 1121 nec
2933 1073 3119 1122 tamen
3153 1084 3250 1138 per
3293 1069 3395 1124 hoc
3428 1071 3579 1141 quod
3614 1071 3702 1125 di-

1995 1146 2092 1216 cit,
2126 1149 2383 1205 veritatis
2417 1153 2674 1222 regulam
2709 1155 2962 1223 deserit;
2996 1158 3129 1227 quia
3170 1159 3264 1214 cui
3305 1159 3696 1216 ministerium

1994 1237 2240 1294 lectione
2269 1241 2522 1310 exhibet,
2563 1243 2687 1312 ejus
2720 1245 3044 1301 dominium
3078 1263 3212 1303 voce
3236 1250 3558 1320 praetendit.
3593 1251 3703 1305 Ita-

1995 1344 2107 1398 que
2139 1329 2451 1398 scriptores
2482 1331 2632 1386 sacri
2664 1332 2902 1402 eloquii,
2939 1337 3076 1405 quia
3108 1336 3305 1406 repleti
3336 1347 3533 1394 sancto
3565 1339 3700 1409 Spi—

1996 1418 2106 1472 ritu
2139 1435 2316 1490 super
2337 1436 2398 1475 se
2429 1421 2758 1491 trahuntur,
2785 1424 2952 1494 quasi
2975 1434 3130 1481 extra
3153 1427 3496 1498 semetipsos
3519 1428 3697 1495 ﬁunt;

1996 1514 2050 1560 et
2080 1508 2159 1561 sic
2192 1509 2262 1563 de
2294 1525 2355 1564 se
2387 1512 2722 1579 sententias,
2746 1513 2912 1582 quasi
2934 1514 3002 1569 de
3029 1513 3161 1569 aliis
3189 1517 3512 1586 proferunt.
3539 1518 3700 1574 Unde

1995 1604 2048 1653 et
2083 1599 2285 1652 beatus
2308 1599 2414 1654 Job
2439 1609 2632 1656 sancto
2657 1603 2872 1672 Spiritu
2897 1605 3145 1672 afﬂatus,
3172 1606 3360 1676 potuit
3381 1623 3486 1662 sua
3513 1613 3697 1679 gesta,

1915 1718 1962 1782 Β
1997 1703 2121 1758 quae
2153 1693 2320 1743 erant
2349 1688 2617 1745 videlicet
2647 1707 2911 1760 superna:
2933 1694 3308 1764 aspirationis
3332 1696 3503 1764 dona,
3534 1697 3701 1767 quasi

1997 1792 2108 1829 non
2143 1793 2247 1830 sua
2271 1777 2520 1833 scribere
2555 1795 2567 1834 :
2603 1780 2740 1849 quia
2771 1797 2838 1835 eo
2879 1780 3119 1837 alterius
3150 1788 3316 1838 erant
3348 1800 3474 1854 quae
3511 1783 3703 1855 loque-

1993 1866 2188 1935 batur,
2222 1883 2336 1936 quo
2370 1867 2540 1923 homo
2575 1868 2923 1939 loquebatur
2955 1887 3081 1942 quae
3117 1872 3212 1926 Dei
3246 1878 3419 1940 sunt;
3450 1878 3506 1928 et
3536 1890 3602 1930 eo
3624 1875 3708 1930 al-

1995 1961 2082 2010 ter
2108 1973 2233 2026 quaa
2263 1962 2428 2011 erant
2457 1957 2614 2012 illius
2646 1958 3008 2028 loquebatur,
3037 1977 3150 2032 quo
3181 1963 3429 2030 Spiritus
3461 1968 3701 2020 sanctus

1994 2043 2340 2114 loquebatur
2371 2063 2496 2117 quas
2541 2047 2790 2102 hominis
2831 2053 2986 2103 sunt.

2527 2137 2762 2192 CAPUT
2796 2138 2841 2192 Il
2876 2139 3010 2208 [Vet.
3047 2138 3164 2209 ιω.

2065 2225 2111 2278 9
2145 2227 2198 2280 4.
2231 2225 2508 2295 Praecepta
2552 2226 2759 2280 homini
2808 2227 2956 2281 data.
3007 2259 3075 2268 —
3117 2229 3225 2283 Sed
3252 2230 3368 2299 jam
3420 2230 3702 2286 debemus

1993 2313 2107 2369 ista
2138 2320 2500 2384 postponere,
2543 2320 2598 2369 et
2647 2316 2716 2370 ad
2765 2316 3186 2372 consideranda
3214 2335 3389 2374 sacrae
3448 2319 3702 2376 historias

1993 2406 2155 2472 gesta
2185 2418 2509 2472 properare.
2546 2403 2752 2458 Omnis
2781 2403 2954 2460 homo
2986 2421 3051 2460 eo
3087 2407 3207 2477 ipso
3240 2422 3354 2477 quo
3386 2407 3559 2463 homo
3591 2413 3699 2477 est,

1995 2509 2165 2548 suum
2220 2491 2543 2563 intelligere
2602 2493 2773 2549 debet
2821 2497 3360 2565 auctorem;cujus
3420 2498 3703 2554 voluntati

1996 2589 2154 2639 tanto
2189 2583 2371 2651 magis
2404 2583 2636 2650 serviat,
2673 2590 2892 2655 quanto
2925 2601 2983 2640 se
3022 2587 3160 2656 quia
3190 2587 3260 2642 de
3299 2603 3361 2642 se
3392 2587 3517 2657 ipso
3562 2589 3703 2643 nihil

1996 2673 2072 2728 sit
2103 2677 2343 2743 pensat;
2379 2688 2508 2728 ecce
2529 2678 2726 2729 autem
2759 2674 2973 2729 conditi
3001 2676 3180 2730 Deum
3203 2676 3571 2732 considerare
3603 2695 3700 2733 ne-

1995 2762 2301 2834 gleximus.
2330 2761 2604 2816 Adhibita
2621 2767 2760 2818 sunt
2787 2769 3090 2835 precepts,
3134 2765 3434 2835 praeceptis
3469 2781 3703 2837 quoque

1997 2852 2393 2922 obtemperare
2443 2853 2762 2909 noluimus.
2800 2855 3209 2925 Adjunguntur
3252 2855 3536 2926 exempla,
3575 2857 3705 2927 ipsa

1997 2957 2227 3012 quoque
2268 2941 2481 2996 imitari
2527 2943 2791 3012 exempla
2841 2943 3223 3006 declinamus,
3277 2959 3403 3012 quas
3453 2943 3704 2999 edidisse

1999 3033 2070 3102 (b)
2097 3030 2261 3085 nobis
2288 3031 2505 3100 positos
2519 3033 2628 3086 sub
2646 3031 2770 3103 lege
2789 3033 3200 3104 conspicimus.
3219 3032 3361 3098 Quia
3374 3034 3528 3088 enim
3551 3033 3705 3090 Deus

2003 3125 2195 3191 aperte
2228 3121 2577 3191 quibusdam
2612 3123 2722 3176 sub
2753 3122 2879 3193 lege
2906 3123 3107 3192 positis
3138 3123 3362 3178 locutus
3393 3129 3500 3190 est,
3537 3125 3706 3194 quasi

2002 3209 2222 3265 alienos
2257 3227 2358 3265 nos
2389 3212 2460 3266 ab
2502 3210 2722 3266 eisdem
2768 3212 3069 3284 praeceptis
3109 3212 3450 3284 aspicimus,
3493 3213 3707 3282 quibus

2003 3301 2124 3356 haac
2155 3300 2486 3373 specialiter
2525 3301 2751 3358 locutus
2786 3319 2898 3357 non
2942 3307 3049 3358 est.
3095 3302 3256 3358 Unde
3300 3304 3372 3358 ad
3405 3303 3707 3360 confutan-

2003 3390 2136 3443 dam
2169 3390 2618 3461 impudentiam,
2653 3397 2911 3446 nostram
2945 3391 3179 3463 gentilis
3213 3393 3387 3447 homo
3411 3394 3482 3447 ad
3515 3408 3710 3448 exem-

2003 3481 2162 3550 plum
2191 3480 2530 3547 deducitur;
2565 3486 2629 3536 ut
2661 3482 2799 3552 quia
2831 3482 3064 3538 obedire
3095 3482 3269 3538 homo
3300 3483 3409 3554 legi
3443 3484 3553 3538 sub
3586 3484 3708 3554 lege

2004 3569 2227 3639 positus
2259 3569 2522 3636 despicit,
2556 3571 2683 3639 ejus
2723 3569 2931 3626 saltem
2979 3573 3410 3643 comparatione
3457 3573 3707 3643 evigilat,

2004 3655 2104 3727 qui
2136 3657 2263 3710 sine
2295 3656 2416 3727 lege
2467 3657 2726 3727 legaliter
2777 3659 2934 3712 vixit.
2986 3660 3212 3714 Erranti
3262 3661 3440 3730 igitur
3492 3661 3710 3715 homini

2004 3745 2139 3799 data
2169 3749 2258 3798 est
2306 3743 2434 3811 lex;
2468 3745 2680 3798 erranti
2713 3762 2844 3800 vero
2875 3747 3046 3800 etiam
3080 3748 3192 3801 sub
3241 3748 3364 3817 lege
3404 3748 3711 3803 adducitur

2007 3833 2407 3889 testimonium
2450 3849 2651 3888 eorum
2685 3834 2782 3904 qui
2831 3842 2990 3888 extra
3034 3835 3216 3905 legem
3268 3843 3426 3901 sunt,
3481 3841 3543 3890 ut
3575 3836 3712 3906 quia

2006 3923 2355 3978 conditionis
2388 3927 2594 3978 nostrae
2645 3923 2903 3978 ordinem
2945 3939 3170 3979 servare
3203 3923 3516 3989 noluimus,
3563 3941 3714 3995 prae-

2007 4013 2189 4084 oeptis
2220 4014 2708 4081 admoueremur;
2739 4014 2950 4084 etquia
2996 4015 3296 4084 praeceptis
3320 4014 3551 4069 obedire
3581 4030 3714 4070 con-

2006 4103 2377 4173 tempsimus,
2400 4102 2673 4172 exemplis
2696 4104 3220 4170 confunderemur;
3256 4119 3380 4169 nec,
3408 4109 3470 4157 ut
3490 4105 3713 4160 dictum

2008 4197 2112 4258 est,
2145 4209 2346 4248 eorum
2377 4191 2671 4262 exemplis,
2703 4209 2848 4262 quos
2887 4191 2977 4247 lex
3022 4193 3382 4264 astringeret,
3433 4195 3534 4249 sed
3568 4211 3714 4266 quos

2010 4284 2095 4338 lex
2125 4299 2156 4337 a
2187 4287 2420 4354 peccato
2455 4281 2616 4337 nulla
2655 4283 2968 4338 cohiberet.

2078 4374 2132 4428 5.
2186 4375 2472 4442 Praecepta
2503 4374 2868 4428 contemnenti
2893 4372 3084 4427 addita
3105 4373 3352 4445 exempla
3409 4375 3508 4431 Job
3541 4376 3717 4430 homi-

212 4481 315 4517 non
341 4479 404 4517 ex
425 4480 482 4517 se
504 4464 628 4532 ipso
651 4462 1008 4534 loqueretur,
1033 4464 1293 4518 insinuat
1315 4465 1512 4519 dicens
1539 4481 1550 4517 :
1577 4466 1657 4518 An
1684 4468 1902 4535 experi-
1935 4457 1980 4520 Ι)
2013 4466 2097 4517 nis
2128 4462 2372 4530 gentilis.
2409 4493 2474 4502 ——
2498 4461 2966 4533 Circumscripsit
2987 4479 3085 4518 nos
3117 4463 3311 4518 divina
3334 4464 3717 4534 providentia,

211 4555 434 4607 mentum
483 4555 725 4622 quaeritis
781 4554 894 4622 ejus
948 4556 1042 4623 qui
1101 4555 1154 4607 in
1208 4569 1295 4607 me
1359 4554 1603 4625 loquitur
1661 4555 1907 4609 Christus

217 4645 276 4698 {II
307 4642 424 4696 Cor.
456 4659 577 4708 xm,
621 4644 725 4712 3)?
759 4643 898 4699 Hinc
945 4649 1034 4699 est
1081 4645 1231 4715 quod
1283 4645 1524 4714 angelus
1574 4645 1673 4715 qui
1723 4645 1909 4713 Moysi

215 4733 532 4804 apparuisse
563 4733 934 4800 describitur,
971 4735 1143 4789 modo
1185 4734 1442 4804 angelus,
1492 4735 1660 4789 modo
1707 4735 1907 4789 Domi-

220 4839 316 4878 nus
347 4827 733 4877 memoratur:
768 4821 1008 4893 angelus
1039 4823 1324 4889 videlicet,
1348 4827 1582 4894 propter
1605 4824 1730 4889 hoc,
1757 4825 1903 4892 quod

224 4912 451 4967 exterius
473 4912 764 4983 loquendo
786 4913 1107 4980 serviebat;
1142 4913 1426 4969 Dominus
1450 4923 1640 4969 autem
1665 4914 1902 4981 dicitur,

226 5003 341 5070 quia
369 5002 609 5056 interius
627 5001 946 5073 praesidens
976 5003 1247 5073 loquendi
1269 5003 1586 5058 efﬁcaciam
1613 5003 1904 5058 ministra-

224 5091 324 5144 hat.
349 5094 490 5147 Cum
533 5108 666 5163 ergo
700 5092 944 5162 loquens
993 5094 1064 5146 ab
1116 5093 1375 5148 interiori
1427 5093 1666 5164 regitur,
1717 5099 1774 5147 et
1805 5109 1905 5163 per

227 5180 545 5251 obsequium
580 5179 844 5252 angelus,
892 5186 948 5236 et
993 5196 1093 5251 per
1138 5181 1581 5250 inspirationem
1627 5181 1907 5236 Dominus

227 5269 556 5324 nominatur.
581 5271 727 5325 Hinc
763 5269 936 5325 David
969 5269 1604 5341 ait:Attendite,p0pule
1623 5287 1795 5337 meus,
1829 5272 1910 5326 le-

284 5469 355 5538 (α)
385 5468 576 5536 Corb.,
612 5467 843 5534 Rhem.,
891 5468 1117 5539 Remig.
1149 5473 1205 5523 et
1254 5468 1540 5538 plerique,
1583 5477 1913 5541 percuncta-

227 5558 352 5597 mur.
387 5541 763 5611 anVulgatis,
796 5545 1228 5609 perscrulamur.

284 5613 360 5682 (b)
389 5606 825 5678 Gilot.,‘Vatie.',
860 5611 1186 5684 Gussanvqr
1216 5611 1368 5684 nobis
1399 5616 1584 5679 positis
1631 5613 1726 5668 sub
1778 5614 1912 5684 lege.

225 5685 659 5743 Emendavimus
689 5700 759 5740 ex
781 5684 922 5741 Mss.
957 5684 1062 5742 hac
1084 5683 1304 5741 ratione
1327 5683 1456 5741 fulti
1483 5700 1496 5752 ;
1530 5685 1806 5742 nimirum
1829 5683 1916 5740 lo-

2021 4551 2399 4606 circumvenit
2419 4552 2851 4607 excusationem
2875 4557 3134 4608 nostram
3161 4568 3175 4620 ;
3205 4552 3464 4625 undique
3491 4553 3720 4610 conclu-

2018 4656 2118 4698 sus
2149 4646 2235 4696 est
2265 4641 2458 4697 aditus
2498 4642 2990 4713 tergiversationis
3025 4643 3310 4700 humanae.
3345 4643 3527 4700 Homo
3576 4661 3718 4715 gen-

2018 4729 2155 4796 tilis,
2194 4731 2362 4785 homo
2390 4731 2514 4786 sine
2539 4731 2679 4802 lege,
2705 4733 2773 4786 ad
2800 4732 3057 4787 medium
3081 4732 3406 4792 adducitur,
3443 4737 3502 4787 ut
3523 4748 3719 4788 eorum

2018 4820 2116 4891 qui
2150 4822 2259 4875 sub
2292 4820 2415 4892 lege
2458 4827 2594 4876 sunt
2635 4824 2887 4892 pravitas
2919 4823 3329 4877 confundatur.
3373 4821 3536 4886 Quod
3576 4823 3720 4876 bene

2020 4926 2120 4981 per
2151 4910 2489 4981 prophetam
2525 4927 2589 4966 ac
2620 4912 2868 4967 breviter
2899 4912 3143 4966 dicendo
3175 4911 3499 4965 ostenditur
3530 4927 3541 4963 :
3577 4912 3722 4964 Eru-

2022 5001 2188 5064 besce,
2239 4999 2426 5066 Sidon,
2484 5002 2562 5054 ait
2617 5017 2770 5054 mare
2827 5001 2975 5066 (Isai.
3037 5014 3196 5064 χχιιι,
3259 4997 3326 5066 4).
3389 5000 3450 5051 In
3512 4998 3721 5053 Sidone

2025 5088 2240 5160 quippe
2263 5089 2542 5159 ﬁguratur
2565 5088 2849 5144 stabilitas
2881 5088 2937 5142 in
2966 5087 3088 5157 lege
3111 5085 3464 5156 positorum:
3493 5086 3548 5140 in
3575 5085 3722 5142 mari

2023 5184 2238 5238 autem.
2291 5179 2407 5234 vita
2455 5178 2780 5252 gentilium.
2830 5176 3112 5230 Erubesce
3172 5190 3328 5245 ergo,
3393 5175 3593 5243 Sidon,
3643 5176 3725 5232 ait

2021 5284 2202 5339 mare,
2237 5268 2373 5339 quia
2413 5285 2479 5324 ex
2523 5268 2636 5323 vita
2684 5265 2986 5336 gentilium
3040 5265 3405 5336 redarguitur
3454 5266 3564 5322 vita
3612 5267 3721 5323 sub

2025 5467 2129 5538 qui
2155 5469 2420 5538 sanctum
2451 5462 2789 5538 Gregorium
2822 5462 2892 5518 de
2914 5461 3255 5538 Christianis
3279 5461 3378 5534 qui
3409 5462 3724 5538 subEvan-

2025 5533 2172 5616 gelio
2207 5537 2727 5616 positi,‘declinant
2761 5533 3403 5616 exempla‘sauctor’um
3446 5534 3553 5616 sub
3600 5535 3723 5616 lege

2025 5605 2360 5680 positorum.
2389 5605 2652 5680 Antiqua
2683 5613 2891 5680 tamen,
2919 5605 3008 5662 est
3040 5607 3204 5663 lectio
3236 5607 3374 5668 hac,
3409 5605 3621 5680 quippe
3662 5605 3721 5663 in

2026 5679 2132 5739 Ms.
2171 5679 2311 5738 Utic.
2349 5697 2449 5737 seu
2482 5681 2539 5736 S.
2575 5679 2850 5752 Ebrulphi
2881 5679 3090 5751 legitur
3116 5681 3311 5752 positis
3337 5682 3393 5734 et
3426 5679 3648 5748 positos.
