4086 6166
414 277 536 339 519

1685 247 1966 316 SANCTI
2010 246 2378 310 GHEGORII
2425 243 2670 306 MAGNI

3765 261 3873 320 520

416 416 541 490 lege
568 413 914 487 positorum,
947 413 1122 479 atque
1151 419 1218 460 ex
1242 400 1464 458 actione
1486 391 1853 452 saecularium
1873 388 2121 490 confun-
2151 386 2206 453 Α
2236 383 2342 484 tuit
2371 382 2507 490 (Job,
2536 398 2691 490 xxxi,
2731 381 2844 452 32).
2896 379 3228 453 Disciplina:
3268 382 3502 455 vigorem
3531 391 3720 461 tenuit,
3749 398 3877 452 sicut

419 477 746 562 dituractio
770 477 1170 569 religiosorum
1198 511 1209 547 :
1244 493 1384 547 dum
1416 487 1498 541 illi
1524 485 1698 540 etiam
1732 477 2123 569 promittendo

419 612 536 654 non
569 596 803 650 ervsnt
833 566 958 661 quin
981 587 1035 640 in
1062 578 1362 656 praeceptis
1385 575 1630 632 audiunt
1657 590 1670 640 ;
1693 576 1749 626 et
1774 569 1865 623 isti
1887 566 2125 623 vivendo

421 702 487 741 ea
518 654 878 745 custodiunt,
902 679 959 731 in
985 654 1197 746 quibus
1224 680 1586 738 nequaquam
1613 659 1902 716 mandatis
1923 654 2126 724 legali-

417 778 527 831 bus
584 771 988 840 astringantur
1043 764 1180 834 [Vet.
1241 759 1350 828 1V].
1412 757 1534 820 Qua
1591 766 1723 807 vero
1781 747 2124 840 auctoritate

419 866 566 921 liber
596 863 706 918 iste
737 839 814 914 sit
845 853 1141 926 praeditus,
1174 849 1303 921 ipsa
1334 858 1627 902 sacrarum
1663 839 2003 912 paginarum
2037 851 2127 889 so-

417 955 614 1011 liditas
643 950 972 1011 attestatur,
1025 942 1166 996 dum
1218 954 1318 1009 per
1365 930 1723 989 Ezechielem
1782 927 2123 998 prophetam

420 1041 628 1098 dicitur
683 1036 896 1108 (Ezech.
933 1047 1048 1096 xiv,
1092 1029 1202 1098 14),
1240 1024 1393 1097 quod
1443 1028 1561 1076 tres
1601 1016 1966 1074 solummodo
2015 1013 2122 1067 viri

421 1105 763 1197 liberentur,
794 1125 912 1180 Noe
935 1121 1175 1187 scilicet,
1206 1114 1408 1172 Daniel
1440 1117 1496 1167 et
1524 1111 1656 1167 Job.
1689 1108 1802 1163 Nec
1834 1105 2123 1161 immerito

418 1222 571 1277 inter
608 1194 979 1274 Hebraeorum
1019 1211 1192 1277 vitas,
1233 1207 1292 1261 in
1334 1201 1699 1260 auctoritatis
1739 1194 2121 1252 reverentiam

418 1313 529 1367 vita
554 1308 697 1381 justi
729 1303 960 1377 gentilis
993 1299 1317 1365 adducitur,
1352 1294 1488 1366 quia
1527 1291 1876 1359 Redemptor
1905 1288 2120 1348 noster,

421 1374 574 1458 sicut
601 1398 670 1452 ad
704 1374 1161 1463 redemptionem
1183 1386 1516 1442 Judaaorum
1541 1385 1598 1436 et
1619 1377 1921 1447 gentilium
1943 1374 2121 1438 venit,

420 1492 498 1546 ita
547 1504 609 1544 se
653 1484 986 1541 Judmorum
1036 1488 1087 1534 et
1135 1474 1436 1549 gentilium
1494 1466 1824 1543 prophetari
1887 1463 2124 1518 vocibus

419 1579 636 1645 voluit;
672 1583 733 1631 ut
766 1590 869 1646 per
899 1576 1216 1638 utrumque
1246 1564 1524 1637 populum
1558 1559 1863 1624 diceretur,
1898 1553 1996 1624 qui
2021 1567 2125 1623 pro

421 1674 670 1738 utroque
701 1661 914 1735 pepulo
947 1658 1303 1730 quandoque
1335 1655 1651 1724 pateretur.

488 1732 930 1846 bilique-virtus,
964 1761 1065 1816 quo
1111 1744 1294 1841 magis
1328 1732 2121 1846 [rqgrarftIlagellispattrifa.
2161 1781 2207 1846 Β

418 1874 488 1884 -
516 1819 625 1896 Vir
647 1842 844 1911 itaque
875 1838 984 1891 iste
1014 1831 1260 1889 summis
1292 1828 1512 1883 viribus
1554 1824 1755 1892 fultus,
1804 1819 1910 1876 sibi
1953 1823 2129 1874 notus

422 1937 546 1990 erat
575 1936 629 1986 et
659 1909 774 1985 Deo
809 1945 821 1982 :
856 1925 955 1997 qui
987 1924 1034 1979 si
1078 1939 1192 1976 non
1226 1918 1641 1990 ﬂagellaretur,
1673 1931 1704 1969 a
1736 1911 1903 1966 nobis
1937 1909 2127 1964 nulla-

420 2026 594 2078 tenus
625 2018 1053 2088 agnosceretur.
1087 2011 1286 2064 Virtus
1310 2007 1524 2078 quippe
1545 2003 1714 2059 etiam
1741 2016 1842 2072 per
1872 1999 2128 2070 quietem

424 2129 485 2167 se
515 2087 788 2175 exercuit,
821 2105 921 2160 sed
953 2099 1185 2156 virtutis
1217 2096 1412 2169 opinio
1443 2101 1733 2149 commota
1772 2106 1873 2161 per
1904 2087 2130 2159 ﬂagella

424 2198 717 2270 fragravit.
753 2196 822 2250 Et
854 2194 953 2264 qui
985 2193 1217 2262 quietus
1251 2189 1307 2241 in
1341 2202 1402 2240 se
1441 2185 1568 2256 ipso
1607 2182 1754 2252 quod
1787 2184 1911 2235 erat
1941 2177 2128 2234 conti-

425 2289 569 2354 nuit,
620 2289 947 2341 commotus
999 2281 1070 2336 ad
1120 2277 1381 2332 notitiam
1427 2273 1688 2330 omnium
1734 2271 1969 2325 odorem
2009 2283 2128 2321 sua

426 2374 783 2433 fortitudinis
816 2369 1079 2441 aspersit.
1112 2367 1270 2422 Sicut
1301 2366 1458 2420 enim
1495 2364 1790 2432 unguenta
1828 2359 2002 2414 latius
2043 2373 2131 2410 re-

425 2469 619 2523 dolere
650 2465 918 2520 nesciunt
947 2459 1062 2516 nisi
1095 2460 1405 2523 commota,
1437 2459 1491 2510 et
1521 2453 1670 2508 sicut
1712 2452 1973 2507 aromata
2010 2447 2131 2501 fra-

425 2557 711 2630 grantiam
755 2568 922 2609 suam
975 2567 1091 2605 non
1143 2547 1255 2603 nisi
1294 2561 1426 2601 cum
1475 2542 1871 2598 incenduntur
1914 2552 2127 2608 expan-

425 2629 605 2714 dunt;
639 2648 717 2700 ita
747 2641 931 2699 sancti
963 2639 1068 2696 viri
1107 2653 1280 2694 omne
1309 2635 1460 2707 quod
1503 2632 1816 2688 virtutibus
1867 2629 2130 2684 redolent

425 2739 485 2793 in
517 2732 992 2792 tribulationibus
1015 2731 1407 2784 innotescunt.
1435 2724 1597 2780 Unde
1619 2726 1675 2777 et
1696 2725 1850 2777 recte
1871 2721 1928 2774 in
1955 2723 2130 2774 Evan-

425 2825 573 2899 gelio
622 2823 875 2878 dicitur:
923 2820 980 2876 Si
1027 2817 1330 2872 habueritis
1378 2813 1537 2883 ﬁdem
1581 2816 1842 2883 tanquam
1893 2825 2130 2880 granum

423 2917 655 2984 sinapis,
697 2911 882 2966 dicetis
927 2908 1052 2962 huic
1097 2908 1275 2960 monti
1314 2921 1332 2958 :
1368 2905 1562 2957 Transi
1593 2900 1737 2964 hinc,
1786 2906 1840 2956 et
1871 2899 2133 2954 transibit

427 3003 639 3075 (Matth.
691 3018 829 3065 xvn,
865 2999 973 3068 l9).
1026 2998 1279 3051 Granum
1331 2993 1546 3064 quippe
1596 2992 1697 3046 10
1746 2991 1969 3060 sinapis
2020 2988 2128 3043 nisi

425 3095 777 3160 conteratur,
812 3102 1174 3156 nequaquam
1207 3083 1296 3138 vis
1329 3081 1563 3137 virtutis
1608 3081 1734 3150 ejus
1773 3079 2126 3150 agnoscitur.

2233 473 2359 544 ipse
2389 471 2608 527 indicat
2637 470 2839 526 dicens
2878 487 2891 524 :
2923 470 3208 543 Principes
3245 475 3514 530 cessabant
3550 479 3704 550 loqui,
3731 487 3773 538 et
3799 485 3868 538 di.

2231 565 2404 630 gitum
2434 562 2865 632 superponebant
2896 562 2982 616 ori
3020 577 3114 616 suo
3145 561 3281 632 (Job.
3341 580 3484 629 xxxi,
3521 567 3591 638 9).
3639 570 3876 629 Mansue-

2234 652 2497 708 tudinem
2563 652 2621 706 in
2677 652 2871 720 vigore
2928 652 3258 720 custodivit,
3319 655 3461 710 sicut
3513 657 3625 728 ipse
3679 663 3876 733 fatetur,

2234 744 2432 800 dicens
2457 760 2470 799 :
2505 745 2743 816 Cumque
2770 743 3013 799 sederem
3035 748 3197 815 quasi
3217 761 3337 814 rex,
3371 750 3729 808 circumstante
3753 770 3882 810 exer-

2232 835 2369 901 citu,
2410 849 2560 889 eram
2603 839 2792 890 tamen
2839 836 3188 890 maerentium
3237 839 3536 893 consolator
3579 842 3741 909 (Ibid,
3786 845 3881 907 25).

2233 925 2746 992 Eleemosynarum
2777 923 3106 993 largitatem
3139 926 3436 996 amplexus
3467 933 3569 994 est,
3610 931 3744 986 sicut
3783 933 3883 1002 ipse

2235 1016 2496 1070 insinuat
2535 1015 2731 1069 dicens
2765 1030 2777 1068 :
2813 1015 2874 1070 Si
2904 1015 3110 1070 comedi
3151 1017 3445 1072 buccellam
3473 1036 3637 1074 meam
3672 1022 3815 1084 solus,
3843 1032 3886 1078 et

2232 1121 2340 1161 non
2370 1103 2603 1159 comedit
2632 1105 2881 1175 pupillus
2901 1120 2970 1159 ea:
2998 1121 3062 1161 ea
3087 1106 3219 1172 (Job.
3252 1123 3402 1176 xxxi,
3437 1108 3539 1177 17).
3571 1108 3698 1163 Cum
3737 1111 3885 1178 igitur

2233 1194 2430 1251 omnia
2460 1193 2742 1248 virtutum
2779 1195 3045 1248 mandata
3080 1194 3394 1264 perﬁceret,
3421 1213 3595 1250 unum
3627 1198 3672 1252 ei
3703 1198 3885 1266 deerat,

2235 1291 2299 1339 ut
2329 1285 2503 1340 etiam
2538 1283 2862 1354 ﬂagellatus
2893 1300 3059 1354 agere
3092 1285 3309 1356 gratias
3342 1285 3529 1340 sciret.
3564 1286 3750 1343 Notum
3787 1295 3889 1344 erat

2235 1374 2372 1443 quia
2415 1373 2629 1428 servire
2669 1373 2783 1427 Deo
2833 1372 2985 1427 inter
3034 1375 3189 1428 dona
3229 1378 3502 1429 noverat:
3546 1376 3642 1430 sed
3683 1376 3890 1446 dignum

2234 1463 2421 1518 fuerat
2452 1465 2514 1517 ut
2544 1461 2829 1517 districtio
2876 1462 3202 1518 severitatis
3242 1463 3560 1534 inquireret
3589 1475 3761 1519 utrum
3803 1466 3889 1520 de-

2235 1557 2400 1608 votus
2432 1552 2545 1606 Deo
2567 1557 2624 1606 et
2654 1551 2803 1606 inter
2833 1551 3060 1624 ﬂagella
3093 1556 3478 1623 permaneret.
3517 1555 3682 1608 Poena
3712 1555 3894 1626 quippe

2234 1641 2570 1712 interrogat,
2623 1641 2669 1696 si
2721 1642 2956 1713 quietus
3014 1643 3147 1714 quis
3198 1643 3472 1698 veraciter
3522 1647 3688 1699 amat.
3742 1643 3890 1706 Quem

2235 1731 2416 1786 hostis
2448 1731 2685 1801 quidem
2720 1735 2781 1785 ut
2832 1729 3107 1785 deﬁceret
3153 1731 3343 1802 petiit,
3391 1733 3485 1785 sed
3527 1739 3584 1786 ut
3632 1731 3894 1801 proliceret

2239 1820 2473 1887 accepit.
2520 1819 2661 1876 Fieri
2707 1821 2984 1874 Dominus
3024 1820 3274 1891 benigne
3317 1820 3577 1891 permisit
3616 1821 3750 1890 quod
3788 1820 3894 1874 dia-

2239 1908 2408 1964 bolus
2439 1908 2634 1978 inique
2666 1908 2996 1980 postulavit.
3022 1909 3162 1964 Nam
3190 1926 3326 1965 cum
3352 1908 3730 1965 idcircoillum
3750 1924 3897 1979 expe-

2239 2000 2402 2054 tisset
2433 1999 2618 2053 hostis
2669 2003 2732 2053 ut
2790 2004 3180 2068 consumeret,
3231 2001 3514 2055 tentando
3545 2000 3655 2071 egit
3699 2005 3753 2052 ut
3789 1999 3897 2068 ejus

2242 2088 2450 2144 merita
2499 2093 2752 2158 augeret.
2805 2089 3097 2158 Scriptum
3149 2089 3370 2161 quippe
3412 2094 3541 2145 est:
3582 2091 3636 2144 In
3682 2088 3899 2143 omnibus

2240 2179 2323 2233 his
2351 2194 2457 2233 non
2507 2180 2745 2248 peccavit
2791 2179 2885 2233 Job
2936 2179 3091 2233 labiis
3137 2181 3250 2233 suis
3295 2179 3435 2247 (Job.
3470 2195 3508 2244 ι,
3539 2178 3641 2248 22).
3689 2179 3748 2232 Et
3791 2176 3904 2247 qui-

2241 2268 2371 2322 dem
2421 2268 2687 2338 qumdam
2729 2268 2900 2321 verba
2951 2268 3408 2338 responsionum
3455 2266 3606 2321 illius
3651 2265 3904 2337 imperitis

2239 2358 2554 2414 lectoribus
2584 2372 2788 2426 aspera
2818 2362 3117 2424 resonant,
3149 2358 3285 2428 quia
3317 2362 3645 2413 sanctorum
3666 2355 3800 2411 dicta
3829 2355 3904 2424 pie

2238 2446 2580 2519 intelligere,
2615 2446 2760 2502 sicut
2781 2447 3076 2516 dicuntur,
3109 2448 3384 2519 ignorant
3405 2466 3418 2516 ;
3443 2454 3498 2502 et
3529 2446 3656 2518 quia
3683 2445 3901 2500 animum

2240 2537 2487 2592 dolentis
2509 2536 2718 2606 etjusti
2747 2535 2808 2590 in
2831 2536 3163 2605 semetipsis
3186 2552 3485 2592 assumere
3508 2533 3778 2599 nesciunt,
3797 2533 3906 2587 ideo

2239 2627 2455 2682 doloris
2485 2626 2657 2681 verba
2689 2625 2832 2681 bene
2854 2625 3222 2696 interpretari
3249 2643 3367 2681 non
3399 2629 3656 2697 possunt.
3689 2624 3906 2678 Mentem

2241 2719 2453 2790 quippe
2502 2716 2774 2789 patientis
2826 2716 2967 2772 bene
3015 2731 3259 2787 pensare
3323 2716 3487 2772 novit
3542 2711 3909 2770 condescensio

2240 2824 2547 2877 passionis.

2309 2901 2361 2953 8.
2401 2899 2475 2953 Ab
2525 2897 2914 2969 imperitorum
2959 2896 3453 2954 criminationibus
3486 2899 3580 2953 Dei
3618 2893 3811 2968 judicio
3841 2889 3914 2946 ab-

2237 2988 2486 3042 solvitur.
2525 3017 2594 3027 —
2622 2986 2876 3042 Credunt
2906 3001 3041 3057 ergo
3069 2985 3304 3040 beatum
3335 2987 3447 3042 Job
3481 2987 3537 3040 in
3581 2984 3697 3040 suis
3725 2996 3913 3037 sermo-

2240 3078 2413 3132 nibus
2445 3075 2783 3147 deliquisse,
2809 3077 3008 3131 minus
3030 3085 3193 3131 caute
3216 3075 3541 3143 intuentes,
3566 3075 3698 3148 quia
3725 3073 3769 3128 si
3790 3069 3918 3127 beati

425 3183 570 3238 Nam
621 3196 737 3235 non
787 3177 1100 3234 contritum
1150 3174 1279 3229 lene
1325 3176 1415 3227 et
1450 3189 1462 3226 :
1515 3172 1564 3226 si
1595 3187 1724 3226 vero
1773 3175 2126 3237 conteratur,
2163 3153 2205 3220 Ο
2241 3171 2350 3226 Job
2384 3186 2663 3241 responsa
2695 3169 3069 3238 redarguunt,
3097 3167 3302 3225 falsam
3345 3170 3521 3224 etiam
3547 3169 3616 3222 de
3642 3184 3703 3222 eo
3728 3161 3921 3221 Domini

425 3270 762 3333 inardescit,
794 3272 849 3323 et
880 3265 1033 3337 quod
1065 3265 1124 3319 in
1156 3279 1219 3318 se
1265 3261 1612 3317 acerrimum
1663 3260 1894 3326 latebat,
1935 3264 2130 3315 osten-

426 3362 532 3417 dit.
565 3359 656 3413 Sic
687 3355 1096 3426 unusquisque
1137 3353 1222 3407 vir
1252 3355 1509 3415 sanctus,
1539 3366 1668 3404 cum
1696 3364 1810 3403 non
1842 3348 2129 3420 pulsatur,

426 3447 800 3523 despicabilis
830 3463 894 3501 ac
922 3445 1072 3500 lenis
1104 3442 1382 3514 aspicitur
1417 3457 1429 3495 :
1466 3441 1514 3495 si
1548 3457 1662 3511 qua
1684 3455 1815 3495 vero
1839 3439 2001 3494 illum
2025 3440 2134 3493 tri-

425 3547 558 3596 tura
589 3535 1008 3610 persecutionis
1047 3535 1358 3605 opprimat,
1405 3547 1534 3586 mox
1565 3546 1756 3594 omne,
1797 3527 1954 3600 quod
1995 3527 2133 3583 cali-

427 3630 564 3686 dum
597 3629 767 3698 sapit,
801 3628 1092 3689 ostentat;
1126 3627 1305 3692 atque
1333 3621 1387 3675 in
1415 3621 1695 3675 fervorem
1736 3617 1967 3672 virtutis
2005 3634 2131 3672 ver-

426 3717 593 3781 titur,
625 3714 905 3784 quidquid
934 3712 991 3766 in
1026 3710 1124 3765 illo
1155 3714 1292 3764 ante
1323 3707 1677 3779 despicabile
1715 3707 2134 3778 inﬁrmumque

423 3807 758 3872 videbatur;
793 3817 1026 3874 quoque
1056 3801 1116 3855 in
1150 3815 1210 3855 se
1244 3815 1342 3870 per
1372 3796 1818 3868 tranquillitatis
1867 3802 2133 3866 tempora

426 3897 615 3952 libens
655 3897 980 3966 Operuerat,
1031 3891 1348 3959 exagitatus
1380 3887 1857 3943 tribulationibus
1897 3891 2133 3942 coactus

425 3983 760 4042 innotescit.
793 3981 957 4037 Unde
987 3980 1132 4034 bene
1166 3995 1267 4050 per
1297 3977 1636 4047 prophetam
1679 3976 1891 4030 dicitur
1926 3992 1937 4028 :
1971 3976 2045 4046 (α)
2073 3976 2133 4029 In

424 4076 511 4131 die
539 4075 828 4129 mandavit
861 4073 1118 4126 Dominus
1141 4066 1575 4123 misericordiam
1603 4082 1780 4132 suam,
1815 4071 1865 4120 et
1897 4071 1952 4118 in
1982 4071 2135 4119 nocte

425 4164 724 4221 declaravit
755 4162 864 4229 (Ps.
912 4176 1026 4224 xm,
1056 4159 1134 4228 9).
1183 4155 1575 4212 Misericordia
1606 4155 1760 4208 enim
1798 4155 2023 4210 Domini
2073 4153 2132 4208 in

428 4256 520 4310 die
561 4252 899 4315 mandatur,
949 4248 1084 4319 quia
1121 4248 1180 4301 in
1229 4244 1542 4316 tranquillo
1584 4252 1843 4315 tempore
1890 4260 2133 4313 cognos-

428 4344 610 4399 cendo
661 4339 1011 4411 percipitur;
1054 4339 1112 4392 in
1163 4341 1330 4393 nocte
1394 4351 1524 4391 vero
1600 4335 1944 4399 declaratur,
1997 4334 2136 4406 quia

429 4433 667 4497 donum,
699 4429 845 4499 quod
883 4429 941 4482 in
973 4427 1396 4499 tranquillitate
1421 4425 1695 4496 sumitur,
1727 4425 1785 4480 in
1810 4423 2130 4480 tribulatio-

430 4518 599 4574 nibus
630 4515 1053 4572 manifestatur.

961 4604 1198 4662 CAPUT
1234 4605 1308 4659 Ill
1348 4603 1484 4675 [Vet.
1523 4605 1599 4674 v1.

498 4701 554 4755 7.
589 4699 823 4753 Virtutes
846 4696 941 4751 Job
991 4698 1358 4749 recensentur.
1390 4726 1460 4735 —
1516 4695 1624 4750 Sed
1679 4692 1952 4749 subtilius
2002 4708 2136 4763 per-

431 4787 813 4846 scrutandum
845 4789 932 4840 est
962 4800 1068 4839 cur
1098 4787 1179 4839 tot
1209 4782 1436 4854 ﬂagella
1476 4782 1732 4853 pertulit,
1775 4784 1873 4855 qui
1914 4788 2135 4838 tantam

429 4881 710 4937 virtutum
740 4875 1062 4931 custodiam
1097 4873 1221 4929 sine
1253 4872 1701 4944 reprehensione
1726 4874 1991 4929 servavit.
2029 4874 2141 4927 Hu-

429 4968 734 5024 militatem
768 4964 981 5036 quippe
1026 4962 1252 5028 habuit,
1303 4961 1438 5031 quia
1490 4965 1547 5016 et
1588 4961 1713 5032 ipse
1761 4965 2050 5017 testatur:
2083 4962 2139 5016 Si

430 5057 731 5126 contempsi
769 5054 1047 5125 judicium
1086 5051 1271 5107 subire
1315 5066 1439 5105 cum
1481 5065 1631 5105 servo
1673 5066 1814 5116 meo,
1846 5058 1902 5105 et
1932 5051 2137 5106 ancilla

429 5164 572 5209 mea,
604 5146 679 5216 (b)
709 5161 833 5199 cum
861 5145 1226 5214 disceptarent
1255 5139 1541 5196 adversum
1563 5155 1648 5195 me
1667 5140 1802 5211 (Job.
1836 5156 1991 5206 xxxi,
2026 5141 2134 5213 13).

434 5231 896 5302 Hospitalitatem
928 5230 1207 5297 exhibuit,
1241 5228 1536 5298 sicutipse
1569 5227 1856 5299 perhibet,
1890 5229 2088 5284 dicens
2121 5243 2135 5284 :

433 5323 582 5376 Foris
609 5335 715 5375 non
748 5319 954 5375 mansit
981 5322 1320 5390 peregrinus,
1366 5321 1565 5375 ostium
1599 5333 1780 5374 meum
1809 5320 2009 5374 viatori
2037 5335 2136 5389 ραι

510 5525 586 5596 (a)
604 5524 696 5607 ita
717 5523 1586 5607 Mss;'Rhem.,_Remig:,qub.,
1610 5528 1825 5607 Bajoc_.,
1841 5534 1949 5586 etc.
1984 5528 2135 5607 _Ed_it.

435 5593 794 5727 zzgp'tDiloL,
844 5593 1052 5664 Vatic.,
1086 5593 1395 5666 Guss.,'ln
1435 5599 1523 5655 die
1567 5593 1917 5660 man-dabit...
1962 5600 2140 5658 decla-

509 5742 585 5815 (b)
615 5735 845 5797 Ebroic.
878 5735 1014 5795 Mss.
1051 5737 1182 5795 Cum
1215 5738 1573 5799 decertarent.
1605 5746 1729 5800 Vox
1757 5744 1924 5802 Hebr.
1960 5745 2141 5816 signi-

2244 3258 2587 3314 sententiam
2620 3257 2799 3312 fuisse
2831 3263 3144 3312 testantur.
3181 3257 3429 3314 Diabolo
3480 3272 3727 3328 namque
3771 3271 3800 3308 a
3826 3252 3924 3307 Do-

2241 3349 2400 3403 mino
2450 3347 2660 3402 dicitur
2694 3347 3097 3402 :Considerasti
3152 3363 3371 3402 servum
3428 3364 3614 3402 meum
3654 3346 3763 3410 Job,
3807 3342 3926 3413 quod

2240 3453 2350 3492 non
2374 3437 2445 3491 sit
2476 3438 2526 3492 ei
2565 3437 2756 3491 similis
2802 3452 2964 3506 super
2993 3442 3241 3490 terram:
3284 3439 3372 3490 vir
3411 3437 3645 3507 simplex
3680 3442 3730 3490 et
3774 3438 3923 3487 rectas

2241 3543 2304 3582 ac
2335 3529 2530 3581 timens
2565 3526 2752 3589 Deum,
2797 3531 2851 3580 et
2889 3529 3140 3580 recedens
3179 3542 3213 3578 a
3244 3527 3400 3581 malo
3445 3530 3626 3597 (νει-ε.
3660 3524 3753 3594 8)?
3782 3520 3868 3577 Cui
3902 3535 3927 3572 a

2241 3616 2470 3672 diabolo
2529 3632 2660 3669 mox
2710 3615 3134 3685 respondetur:
3167 3615 3444 3687 Nunquid
3489 3618 3662 3685 gratis
3690 3614 3780 3669 Job
3819 3609 3926 3664 colit

2243 3708 2453 3762 Deum!
2484 3707 2671 3761 Nonne
2701 3711 2758 3759 tu
2791 3705 3016 3768 vallasti
3036 3720 3159 3759 eum
3180 3713 3553 3778 cunctamque
3585 3705 3653 3775 (c)
3681 3702 3929 3774 familiam

2241 3802 2361 3869 ejus
2384 3801 2410 3851 ?
2440 3796 2545 3852 Sed
2575 3799 2726 3850 mitte
2755 3811 2978 3850 manum
3008 3799 3183 3860 tuam,
3217 3803 3270 3850 et
3302 3799 3480 3869 lange
3510 3811 3655 3860 eum,
3688 3795 3736 3848 si
3761 3806 3857 3845 non
3883 3791 3927 3839 in

2240 3892 2438 3959 faciem
2489 3888 2838 3942 benedixerit
2887 3888 2988 3941 tibi
3018 3887 3187 3957 (Vers.
3243 3888 3350 3956 lO).
3409 3887 3613 3943 Hostis
3662 3885 3843 3953 itaque
3882 3878 3932 3932 in

2242 3979 2405 4033 beato
2430 3977 2538 4032 Job
2586 3977 2735 4032 vires
2781 3993 2920 4031 suas
2970 3976 3246 4044 exercuit,
3283 3978 3383 4032 sed
3421 3982 3619 4030 tamen
3672 3978 3929 4028 certamen

2242 4072 2439 4122 contra
2462 4067 2554 4120 11
2612 4065 2794 4120 Deum
2828 4067 3174 4135 assumpsit.
3228 4066 3385 4120 Inter
3445 4067 3631 4121 Deum
3685 4064 3864 4132 itaque
3890 4061 3935 4111 et

2243 4155 2534 4211 diabolum
2567 4156 2770 4210 beatus
2820 4155 2928 4210 Job
2978 4157 3037 4210 in
3091 4155 3282 4209 medio
3328 4155 3584 4211 materia
3628 4147 3934 4209 certaminis

2244 4244 2352 4299 iuit
2395 4245 2533 4315 [Vet.
2587 4244 2688 4314 Vl).
2736 4243 3011 4314 Quisquis
3070 4259 3204 4315 ergo
3250 4249 3530 4299 sanctum
3583 4242 3769 4297 virum
3810 4239 3937 4291 inter

2245 4333 2471 4404 ﬂagella
2525 4333 2802 4404 positum,
2846 4333 3024 4388 dictis
3073 4333 3197 4388 suis
3233 4349 3516 4404 peccasse
3563 4332 3788 4393 asserit,
3820 4326 3936 4398 quid

2244 4424 2423 4490 aliud,
2457 4440 2633 4495 quam
2668 4424 2873 4488 Deum,
2910 4425 3005 4494 qui
3051 4440 3152 4495 pro
3183 4422 3284 4478 illo
3328 4428 3743 4496 proposuerat,
3775 4415 3940 4491 perdi-

2162 4528 2210 4592 υ
2242 4514 2398 4568 disse
2431 4510 2847 4584 reprehendit?
2880 4515 3001 4583 Ipse
3032 4512 3246 4584 quippe
3275 4511 3334 4567 in
3382 4529 3448 4568 se
3483 4513 3687 4569 lentati
3737 4519 3939 4565 causam

2246 4602 2535 4674 suscipere
2567 4601 2766 4667 voluit,
2795 4602 2892 4672 qui
2924 4617 3058 4656 eum
3092 4605 3148 4656 et
3180 4611 3312 4656 ante
3336 4601 3578 4673 ﬂagella
3611 4597 3867 4672 praetulit,
3895 4595 3939 4646 et

2244 4693 2556 4764 praeferens
2613 4691 2826 4745 tentari
2886 4707 2984 4761 per
3043 4689 3271 4760 ﬂagella
3321 4691 3626 4762 permisit.
3704 4690 3760 4744 Si
3829 4697 3942 4751 ergo

2245 4781 2563 4838 excessisse
2610 4781 2719 4835 Job
2769 4779 3002 4845 dicitur,
3054 4779 3323 4835 laudator
3369 4779 3539 4834 illius
3585 4773 3944 4833 succubuisse

2245 4869 2598 4941 perhibetur,
2638 4869 2896 4938 quamvis
2927 4884 3057 4923 eum
3081 4867 3419 4923 nullatenus
3443 4867 3771 4940 deliquisse
3795 4861 3943 4917 etiam

2245 4961 2394 5015 dona
2423 4963 2726 5015 testantur.
2761 4958 2899 5021 Quis
2941 4958 3096 5012 enim
3147 4959 3372 5013 nesciat
3406 4958 3569 5028 quod
3615 4954 3798 5026 culpis
3846 4963 3942 5004 non

2248 5048 2625 5121 praemia,sed
2660 5064 2838 5119 paena:
2870 5047 3230 5102 debeantur?
3257 5046 3364 5109 Qui
3411 5062 3556 5118 ergo
3590 5041 3838 5118 duplicia
3877 5054 3947 5092 re-

2245 5139 2433 5203 cipere
2464 5154 2589 5208 quae
2621 5137 2898 5191 amiserat
2937 5136 3168 5202 meruit,
3203 5151 3268 5190 ex
3299 5136 3791 5190 remuneratione
3820 5127 3942 5182 edo—

2247 5227 2365 5281 cuit
2395 5227 2531 5297 quia
2575 5241 2943 5296 nequaquam
2997 5225 3199 5279 vitium
3250 5224 3349 5279 scd
3395 5224 3594 5280 virtus
3646 5221 3752 5278 fuit
3798 5227 3946 5274 omne

2247 5317 2400 5387 quod
2433 5316 2593 5371 dixit.
2623 5314 2941 5371 Assertioni
2965 5330 3192 5386 quoque
3215 5313 3347 5368 huic
3373 5314 3579 5370 adhuc
3606 5309 3942 5382 adjungitur,

2246 5529 2382 5602 ﬁcat
2413 5529 2664 5602 litigare.

2316 5601 2388 5673 (c)
2439 5586 2588 5656 Eciiti
2641 5614 2789 5673 cum
2834 5595 3093 5667 Vulgata,
3148 5595 3534 5664 Cunctamque
3584 5586 3947 5648 substantiam.

2245 5670 2381 5729 Mss.
2417 5689 2570 5743 vero,
2604 5670 2903 5743 faniiliam.
