4086 6166
216 208 320 268 521

1309 205 1520 268 LIBRI
1567 201 2005 266 MORALIUM.
2055 233 2126 245 —
2173 201 2614 265 PR/EFATIO.

3624 213 3742 272 522

217 343 363 414 quod
414 343 540 414 ipse
591 359 690 416 pro
736 343 939 398 amicis
981 340 1460 413 delinquentibus
1499 340 1821 397 intercedit.
1856 339 1916 393 In
1946 341 2002 406 Α
2036 336 2495 395 deinterioribus
2520 340 2867 396 sentiamus.
2892 338 3170 396 Inimicus
3197 357 3452 412 namque
3473 344 3738 414 saaviens,

217 432 484 504 gravibus
518 450 773 505 namque
798 432 1048 504 peccatis
1078 431 1211 503 quis
1235 431 1458 502 positus
1492 432 1690 499 (Causa
1713 431 1764 499 3,
1790 446 1842 500 q.
1865 433 1918 494 7,

217 527 342 578 c.1n
371 524 678 594 gravibus),
713 524 851 578 dum
885 522 1008 576 suis
1041 523 1347 593 premitur,
1381 522 1564 576 aliena
1589 539 1699 577 non
1728 519 1918 574 diluit.

217 613 464 668 Mundus
508 629 642 684 ergo
700 611 1033 667 ostenditur
1082 627 1205 666 esse
1255 612 1323 665 de
1360 629 1443 678 se,
1485 612 1581 683 qui
1642 609 1922 665 emunda-

218 696 426 755 tionem
464 700 654 771 potuit
685 699 945 755 obtinere
977 714 1079 769 pro
1111 698 1262 753 aliis.
1295 698 1352 753 Si
1385 715 1516 753 vero
1546 698 1656 753 hoc
1685 697 1919 767 quibus-

216 789 337 844 dam
367 788 664 862 displicet,
689 788 841 860 quod
867 788 1020 842 bona
1040 804 1146 842 sua
1169 787 1292 858 ipse
1319 787 1592 852 narravit,
1617 787 1918 842 sciendum

215 885 296 934 est
343 877 487 949 quia
543 877 695 933 inter
754 881 836 933 tot
897 892 1090 930 rerum
1150 875 1384 942 damna,
1444 877 1595 931 inter
1653 884 1734 931 tot
1791 891 1917 931 cor-

215 967 361 1040 poris
394 968 657 1032 vulnera,
691 967 845 1022 inter
876 971 962 1022 tot
994 967 1302 1038 pignorum
1338 966 1564 1032 funera,
1600 965 1802 1021 amicis
1848 965 1917 1019 ad

213 1057 669 1114 consolationem
743 1056 1130 1124 venientibus,
1209 1063 1262 1111 et
1320 1056 1390 1110 ad
1464 1054 1918 1126 increpationem

216 1145 751 1217 prorumpentibus,
797 1146 868 1201 de
907 1146 1027 1199 vita
1067 1162 1174 1200 sua
1222 1145 1527 1217 desperare
1566 1145 1916 1215 cogebatur;

214 1240 260 1290 et
289 1251 464 1306 quem
499 1240 584 1290 tot
614 1234 965 1290 detrimenta
1002 1234 1345 1295 afﬂixerant,
1372 1234 1792 1290 contumeliosa
1828 1234 1920 1288 in-

209 1341 382 1397 super
424 1325 858 1395 increpantium
889 1324 1059 1379 verba
1092 1325 1398 1380 feriebant.
1436 1326 1515 1394 (a)
1546 1323 1610 1378 Hi
1645 1339 1918 1396 namque,

208 1414 300 1484 qui
338 1415 406 1468 ad
447 1413 873 1469 consolandum
905 1418 1202 1482 venerant,
1237 1414 1376 1468 dum
1410 1413 1578 1485 quasi
1609 1415 1735 1484 ejus
1766 1413 1923 1483 inju-

210 1504 374 1558 stitiie
429 1503 884 1575 exprobrabant,
943 1504 1252 1574 desperare
1300 1518 1432 1558 eum
1493 1502 1564 1558 de
1611 1503 1922 1574 semetipso

207 1593 476 1649 funditus
509 1592 957 1663 compellebant.
983 1595 1143 1659 Quod
1168 1610 1300 1663 ergo
1332 1594 1484 1648 bona
1513 1610 1620 1648 sua
1653 1593 1724 1647 ad
1759 1608 1922 1647 men-

207 1691 316 1738 tem
349 1686 609 1748 revocat,
643 1698 752 1737 non
790 1698 847 1737 se
879 1697 981 1753 per
1012 1681 1358 1752 jactantiam
1393 1683 1602 1742 elevat;
1631 1683 1728 1737 sed
1756 1681 1923 1752 quasi

207 1773 531 1844 collapsum
583 1772 736 1827 inter
784 1773 956 1828 verba
1000 1779 1056 1826 et
1103 1772 1341 1827 vulnera
1371 1773 1439 1826 ad
1473 1788 1635 1843 spem
1662 1772 1922 1827 animum

208 1863 502 1919 reformat.
539 1862 704 1917 Gravi
727 1862 881 1916 enim
906 1862 982 1932 (b)
1017 1861 1440 1932 desperationis
1464 1861 1578 1916 telo
1603 1877 1766 1916 mens
1797 1878 1922 1932 per-

208 1953 517 2019 cutitur,(c)
547 1967 677 2006 cum
710 1968 975 2024 superum
1000 1951 1094 2005 ira;
1118 1951 1594 2006 tribulationibus
1618 1952 1924 2023 premitur,

213 2047 268 2096 et
299 2041 440 2097 foris
478 2040 814 2110 linguarum
864 2040 1192 2112 opprobriis
1224 2045 1480 2112 urgetur.
1515 2045 1718 2095 Beatus
1751 2041 1927 2111 igitur

209 2132 310 2187 Job
342 2137 432 2186 tot
479 2132 748 2186 dolorum
775 2130 1127 2202 jaculatione
1165 2133 1487 2197 confossus,
1535 2134 1676 2186 dum
1721 2132 1927 2186 labefa-

213 2222 347 2276 ctari
383 2237 488 2292 per
539 2221 847 2292 opprobria
895 2220 1106 2286 timuit,
1158 2223 1225 2274 ad
1261 2225 1475 2276 statum
1508 2238 1569 2276 se
1602 2222 1828 2276 fiduciis
1860 2238 1926 2276 ex

219 2315 483 2365 anteacta
546 2310 660 2364 vita
720 2309 1122 2364 confirmando
1177 2309 1482 2365 revocavit.
1541 2309 1923 2380 Nequaquam

217 2413 348 2468 ergo
377 2397 454 2467 (rt)
490 2396 549 2451 in
583 2397 929 2469 arrogantia:
962 2397 1165 2451 vitium
1199 2397 1424 2465 cecidit,
1457 2398 1592 2468 quia
1623 2404 1816 2452 contra
1847 2398 1928 2451 in-

220 2493 447 2543 ternum
474 2487 898 2559 desperationis
923 2487 1265 2556 impulsum,
1293 2503 1392 2556 per
1415 2487 1697 2542 exteriora
1715 2504 1928 2557 praeco-

224 2581 448 2634 niorum
504 2594 743 2634 suorum
781 2578 954 2632 verba
987 2578 1299 2648 pugnavit;
1335 2582 1400 2631 ut
1431 2578 1571 2631 dum
1617 2577 1768 2631 bona
1800 2594 1926 2647 quis

224 2671 431 2724 fecerat
473 2669 707 2733 diceret,
760 2684 1131 2740 nequaquam
1191 2669 1260 2722 de
1293 2669 1443 2724 bono
1476 2670 1548 2736 (e)
1575 2669 1728 2738 quod
1764 2685 1926 2739 qum-

231 2758 398 2814 sierat
429 2759 785 2830 desperaret.

753 2890 989 2948 CAPUT
1013 2891 1084 2946 1v
1119 2892 1256 2963 [νει.
1285 2893 1410 2963 VII].

282 3022 335 3077 9.
378 3023 575 3078 Umnia
633 3020 863 3079 Satanae
891 3021 1344 3078 machinamenta
1375 3031 1568 3079 contra
1597 3025 1691 3079 Job
1718 3028 1922 3080 erecta.

222 3109 406 3165 -—Sed
449 3112 574 3179 jam
635 3126 792 3166 nunc
839 3111 1037 3183 ipsum
1093 3113 1355 3166 ordinem
1417 3113 1756 3168 tentationis
1791 3114 1918 3181 ejus
1951 3095 1994 3165 C

220 3208 615 3266 exsequamur.
652 3195 931 3250 Inimicus
956 3198 1216 3263 saeviens,
1241 3202 1298 3252 et
1330 3197 1517 3253 sancti
1553 3199 1659 3253 viri
1693 3199 1924 3254 validis-

220 3283 424 3337 simum
461 3289 662 3353 pectus
693 3284 984 3340 debellare
1027 3288 1410 3354 contendens,
1441 3293 1683 3342 cunctas
1716 3295 1925 3342 contra

221 3386 345 3426 eum
379 3374 769 3428 tentationum
805 3374 1103 3430 machinas
1125 3377 1343 3444 erexit;
1369 3377 1613 3431 abstulit
1645 3379 1921 3432 substan-

227 3461 381 3528 tiam,
441 3463 738 3518 interfecit
798 3463 966 3530 ﬁlios,
1018 3466 1306 3536 percussit
1363 3482 1594 3534 corpus,
1631 3467 1926 3537 instigavit

227 3565 470 3619 uxorem,
523 3555 742 3608 amicos
784 3554 853 3607 ad
906 3553 1360 3610 consolationem
1398 3554 1684 3621 adduxit;
1719 3557 1819 3610 sed
1867 3558 1922 3610 in

221 3642 580 3712 asperitatem
631 3643 1050 3714 increpationis
1099 3645 1414 3712 excitavit;
1465 3647 1640 3700 alium
1693 3662 1924 3717 quoque

219 3731 458 3786 amicum
516 3732 724 3787 durius
771 3733 1189 3803 increpantem,
1235 3735 1291 3788 in
1325 3738 1582 3789 extrema
1627 3739 1682 3789 et
1713 3737 1924 3791 acriori

217 3819 533 3878 invectione
567 3825 839 3890 servavit,
889 3829 950 3878 ut
999 3823 1200 3879 saltem
1253 3826 1511 3880 crebrius
1545 3827 1799 3881 feriendo
1828 3844 1926 3882 cor

217 3911 541 3983 attingeret,
586 3914 740 3983 quod
790 3929 935 3968 novo
977 3913 1208 3970 vulnere
1239 3930 1468 3985 semper
1497 3915 1749 3972 iteraret.
1781 3917 1925 3980 Quia

217 3999 361 4056 enim
411 4002 468 4056 in
523 4002 736 4058 seculo
780 4007 1072 4072 potentem
1120 4003 1282 4070 vidit,
1316 4005 1547 4059 damnis
1580 4005 1922 4060 substantiae

215 4105 340 4145 eum
391 4092 604 4146 moveri
653 4092 918 4156 credidit,
942 4109 1118 4163 quem
1144 4109 1257 4147 non
1301 4109 1648 4148 concussum
1682 4111 1747 4148 ex
1781 4095 1921 4149 filio-

215 4192 337 4233 rum
383 4186 572 4236 morte
622 4179 886 4250 pulsavit.
919 4181 1130 4236 Videns
1163 4185 1355 4235 autem
1384 4184 1511 4252 quia
1541 4183 1611 4237 ad
1645 4200 1922 4251 augmen-

217 4274 329 4322 tum
379 4269 588 4324 divina:
631 4269 821 4325 laudis
870 4271 1041 4325 etiam
1077 4287 1144 4325 ex
1172 4271 1410 4326 vulnere
1433 4273 1922 4340 crevitorbitatis,

217 4359 370 4426 petiit
402 4360 719 4414 feriendam
744 4360 988 4415 salutem
1011 4360 1293 4431 corporis.
1320 4364 1555 4416 Intuens
1578 4362 1752 4416 etiam
1787 4363 1921 4434 quia

214 4458 307 4513 per
347 4446 606 4501 dolorem
637 4447 894 4517 corporis
928 4448 1223 4518 pervenire
1248 4449 1577 4518 nequiverit
1605 4451 1673 4503 ad
1701 4451 1919 4520 passio-
1952 4471 1998 4535 D

221 4549 336 4589 nem
389 4538 627 4602 mentis,
676 4536 976 4608 instigavit
1013 4552 1274 4592 uxorem.
1329 4537 1632 4593 Civitatem
1683 4539 1918 4610 quippe,

219 4638 378 4692 quam
436 4641 770 4696 expugnare
806 4625 1069 4696 appetiit,
1118 4627 1292 4680 nimis
1343 4629 1624 4682 munitam
1662 4629 1924 4695 vidit;et

217 4711 420 4770 idcirco
444 4714 699 4770 exterius
730 4718 813 4769 tot
844 4713 1049 4786 plagas
1073 4716 1347 4781 inferens,
1382 4717 1551 4787 quasi
1584 4718 1732 4771 foras
1765 4734 1921 4773 exer-

221 4806 388 4860 citum
434 4805 734 4871 admovit;
767 4807 1032 4861 animum
1065 4823 1198 4862 vero
1232 4808 1426 4862 uxoris
1457 4808 1512 4862 in
1537 4809 1723 4863 verbis
1754 4811 1918 4864 malae

221 4895 604 4964 persuasionis
637 4895 739 4951 12
774 4897 1117 4957 accendens,
1143 4897 1307 4966 quasi
1332 4899 1493 4953 intus
1514 4900 1722 4953 civium
1746 4900 1922 4956 corda

220 4985 482 5055 corrupit.
530 4985 609 5039 Ex
664 4983 832 5040 bellis
863 4985 1017 5040 enim
1049 4986 1430 5042 exterioribus
1470 4988 1752 5043 discimus
1784 4987 1920 5058 quid

276 5195 374 5272 (a)_
409 5193 658 5250 Additur
696 5195 772 5272 in_
797 5199 900 5251 Ms.
924 5196 1174 5272 _Carnu_t.
1219 5199 1526 5254 amicorum
1572 5199 1670 5272 qui
1697 5201 1768 5257 ad
1795 5218 1920 5258 eum

216 5268 524 5341 veniebant,
561 5267 713 5341 quod
749 5267 893 5341 forte
920 5269 1149 5340 irrepsit
1179 5286 1247 5326 ex
1288 5273 1569 5341 margine.

276 5340 347 5408 (b)
376 5338 439 5415 la
465 5337 759 5408 Vulgatis,
791 5339 998 5410 desper.
1032 5337 1277 5409 Stimula,
1314 5337 1568 5414 protelo
1616 5345 1770 5415 quod
1823 5345 1920 5401 ha-

214 5410 344 5466 bent
376 5409 519 5463 Mss.
554 5425 700 5479 pene
731 5409 957 5466 omnes.

273 5485 335 5548 (c)
369 5481 646 5546 Colbert.,
689 5497 812 5534 cum
857 5499 1088 5553 superne
1119 5485 1364 5541 tributat.
1410 5503 1582 5552 prem.
1615 5488 1648 5539 ‘2
1681 5487 1914 5541 Vimloc.

207 5568 454 5630 surripi-9
489 5555 642 5630 b93323
672 5555 950 5630 malorum
984 5557 1438 5612 retributionibus
1466 5562 1763 5630 premitur.

298 5625 352 5700 ά)
384 5624 481 5700 Sic
516 5623 840 5700 biss._Editi
870 5643 1024 5692 vero,
1058 5631 1116 5682 in
1145 5631 1459 5700 jactantix.

298 5697 352 5769 ε)
408 5698 494 5751 Ita
536 5695 788 5753 Barthol.
833 5713 966 5754 cum
1003 5695 1158 5756 Mssf
1186 5701 1251 5758 lo
1283 5702 1463 5759 Vatic.
1498 5706 1553 5758 et
1583 5702 1752 5759 Guss.
1783 5701 1924 5774 quod

545 5794 826 5860 PATROL.
875 5798 1106 5863 LXXV.

1957 1727 2004 1792 B

2024 432 2080 482 et
2135 428 2328 483 urbem
2381 431 2754 486 circumfusis
2812 430 3157 486 exercitibus
3215 430 3455 500 vallans,
3506 435 3554 489 si
3613 435 3740 505 ejus

2027 517 2360 572 munimina
2413 519 2628 574 invicta
2669 520 3054 591 conspexerit,
3107 521 3175 576 ad
3211 520 3324 576 alia
3355 538 3415 575 se
3447 525 3741 592 pugnandi

2025 612 2369 677 argumenta
2428 608 2728 676 convertit,
2784 619 2844 663 ut
2897 609 3056 663 intus
3116 609 3291 664 etiam
3347 613 3742 682 quorumdam

2026 696 2237 752 civium
2273 700 2444 753 corda
2476 707 2810 770 corrumpat
2845 703 3171 770 ;quatenus
3218 717 3344 755 cum
3385 701 3744 760 extrinsecus

2025 786 2466 859 impugnatores
2499 791 2833 855 admoverit,
2860 790 3118 846 internos
3151 808 3382 864 quoque
3406 793 3615 849 habeat
3637 795 3744 849 ad-

2018 875 2266 946 jutores,
2327 882 2502 948 atque
2553 880 2914 934 increscente
2960 879 3271 934 belliforas
3303 885 3639 948 certamine,
3673 883 3745 939 de

2027 980 2273 1034 quorum
2330 967 2487 1022 intus
2527 968 2638 1023 fide
2678 969 3009 1031 conliditur,
3048 984 3249 1023 eorum
3307 971 3550 1040 perfidia
3603 974 3743 1028 urbs

2026 1054 2302 1110 destituta
2336 1059 2620 1128 capiatur.

2102 1145 2184 1199 10.
2221 1145 2375 1200 Foris
2426 1146 2657 1214 bellum,
2700 1148 2972 1202 virulenta
3034 1149 3184 1202 intus
3209 1149 3436 1204 consilia
3458 1149 3742 1207 adhibuit.

2025 1235 2319 1304 -—1taque
2370 1237 2626 1292 euterius
2671 1237 2836 1306 quasi
2884 1237 3060 1292 ariete
3115 1239 3449 1304 constituto,
3502 1255 3741 1297 murum

2025 1322 2278 1378 civitatis
2324 1323 2497 1379 istius
2529 1330 2612 1380 tot
2660 1326 2872 1380 ictibus
2903 1325 3169 1396 perculit,
3215 1331 3355 1397 quot
3386 1327 3611 1385 vicibus
3641 1331 3744 1385 ad-

2026 1429 2190 1468 versa
2226 1415 2536 1469 nuntiavit.
2574 1416 2734 1471 Intus
2765 1424 2958 1470 autem
2984 1417 3145 1484 quasi
3171 1416 3379 1471 civium
3416 1418 3588 1473 corda
3618 1436 3744 1474 cor-

2027 1503 2206 1572 rupit,
2242 1505 2382 1557 dum
2419 1505 2586 1560 fortia
2621 1505 2780 1559 urbis
2805 1505 2979 1574 hujus
3012 1506 3341 1560 munimina
3374 1509 3744 1576 persuasione

2027 1592 2332 1648 destruere
2389 1594 2656 1665 conjugis
2716 1593 2955 1649 studuit.
3010 1595 3186 1650 Foras
3237 1595 3429 1665 itaque
3489 1599 3748 1652 admovit

2036 1680 2316 1752 impetum
2352 1682 2509 1751 belli,
2543 1683 2701 1737 intus
2741 1699 2961 1737 venena
2992 1681 3249 1738 consilii:
3286 1688 3349 1737 ut
3381 1689 3541 1740 tanto
3572 1685 3747 1741 citius

2038 1770 2241 1825 urbem
2277 1779 2522 1841 caperet,
2559 1777 2776 1843 quanto
2798 1789 2924 1827 eam
2954 1773 3202 1827 exterius
3235 1774 3597 1845 interiusque
3620 1778 3747 1830 tur-

2033 1860 2209 1914 baret.
2271 1861 2408 1928 [νει.
2477 1862 2634 1932 VIII].
2688 1861 2835 1926 Quia
2893 1866 3087 1914 autem
3150 1877 3570 1932 nonnunquam
3619 1862 3748 1934 plus

2033 1949 2384 2006 conturbant
2432 1951 2604 2005 verba
2646 1967 2821 2021 quam
2874 1949 3133 2018 vulnera,
3176 1951 3515 2019 amicorum,
3559 1957 3622 2007 ut
3661 1953 3752 2007 di-

2033 2046 2192 2096 ctum
2223 2046 2331 2106 est,
2356 2041 2651 2111 selinguis
2674 2041 3051 2106 armavit.Qui
3077 2041 3310 2112 quidem
3338 2043 3473 2112 quia
3492 2044 3750 2098 seniores

2033 2137 2216 2197 erant,
2249 2131 2316 2187 de
2341 2147 2537 2187 eorum
2574 2131 2758 2186 verbis
2792 2134 2985 2186 minus
3021 2133 3264 2186 fortasse
3287 2132 3356 2202 (Γ)
3379 2132 3563 2187 doleri
3593 2139 3752 2203 pote-

2035 2229 2139 2274 ral.
2175 2221 2558 2291 Heliujunior
2585 2222 2958 2292 subrogatur,
2986 2227 3042 2275 ut
3065 2232 3328 2274 sanctum
3356 2226 3558 2292 pectus
3589 2228 3748 2275 tanto

2034 2310 2238 2364 acriori
2282 2313 2515 2365 vulnere
2564 2315 2912 2380 percuteret,
2958 2314 3171 2379 quanto
3203 2309 3567 2364 contraillud
3603 2311 3750 2364 ictus

2035 2399 2257 2452 brachii
2288 2401 2363 2468 (g)
2390 2399 2606 2454 vilioris
2635 2399 2929 2454 excitaret.
2952 2399 3090 2452 Ecce
3118 2397 3190 2451 ad
3223 2398 3540 2453 feriendum
3563 2397 3752 2453 invic-

2036 2487 2332 2541 tissimum
2368 2489 2543 2542 robur
2585 2487 2857 2542 inimicus
2889 2488 3144 2552 sreviens,
3188 2495 3328 2558 quot
3360 2488 3750 2542 tentationum

2027 2575 2223 2645 jacula
2251 2575 2508 2644 invenit;
2542 2591 2671 2630 ecce
2705 2581 2838 2646 quot
2877 2577 3246 2631 obsidionum
3283 2576 3752 2631 machinamenta

2036 2667 2452 2736 circumposuit
2495 2683 2507 2732 ;
2560 2682 2691 2721 ecce
2731 2671 2866 2736 quot
2915 2666 3360 2736 percussionum
3397 2667 3505 2720 tela
3564 2671 3752 2720 trans-

2039 2757 2236 2811 misit:
2272 2757 2368 2810 sed
2402 2756 2460 2810 in
2494 2755 2584 2810 his
2603 2755 2878 2811 omnibus
2903 2757 3116 2810 mansit
3150 2771 3310 2810 mens
3342 2756 3749 2826 imperterrita,

2039 2847 2197 2902 stetit
2227 2845 2433 2901 civitas
2457 2845 2822 2900 inconcussa.

2731 2979 2962 3034 CAPUT
2991 2979 3059 3033 Υ.

2106 3110 2194 3169 11.
2246 3109 2520 3162 Patientia
2563 3107 2658 3161 Job
2697 3108 2753 3160 in
2808 3105 3076 3161 adversis.
3118 3135 3188 3147 —
3236 3105 3480 3160 Student
3536 3105 3753 3161 hostes.

2035 3216 2164 3254 cum
2199 3203 2396 3253 contra
2439 3198 2645 3251 faciem
2697 3197 2958 3263 veniunt,
3004 3195 3149 3250 alios
3180 3212 3247 3250 ex
3287 3194 3514 3250 occulto
3560 3200 3758 3250 trans-

2038 3289 2285 3355 mittere,
2320 3286 2419 3358 qui
2445 3303 2508 3341 eo
2535 3286 2804 3341 licentius
2837 3287 3154 3358 pugnantis
3187 3287 3336 3340 latus
3370 3286 3600 3350 feriant,
3635 3300 3755 3355 quo

2036 3378 2086 3432 is
2119 3379 2217 3449 qui
2247 3381 2465 3446 pugnat
2484 3375 2765 3429 intentius
2788 3375 3086 3428 venientes
3107 3375 3308 3428 hostes
3331 3377 3532 3428 contra
3553 3372 3754 3427 faciem

2035 3471 2320 3537 aspectat.
2356 3465 2501 3536 [Rea
2543 3465 2620 3533 V].
2676 3465 2855 3532 Igitur
2897 3465 3023 3529 Job,
3075 3465 3134 3517 in
3187 3463 3365 3532 hujus
3417 3462 3755 3518 certaminis

2036 3555 2186 3610 bello
2247 3553 2670 3623 deprehensus,
2729 3553 2982 3622 suscepit
3034 3553 3268 3617 damna,
3327 3552 3494 3620 quasi
3556 3551 3753 3605 hostes

2034 3647 2236 3700 contra
2270 3641 2472 3695 faciem
2505 3658 2518 3704 ;
2546 3641 2828 3694 sustinuit
2873 3641 3049 3694 verba
3098 3640 3549 3705 consolantium,
3587 3639 3756 3710 quasi

2034 3736 2230 3789 hostes
2287 3749 2355 3787 ex
2407 3734 2621 3786 latere:
2665 3732 2762 3786 sed
2824 3731 2879 3784 in
2944 3731 3034 3785 his
3085 3733 3361 3786 omnibus
3405 3732 3756 3787 circumacto

2033 3820 2334 3892 gravitatis
2387 3837 2503 3873 sua:
2550 3819 2771 3889 clypeo,
2809 3818 3018 3886 ubique
3051 3818 3313 3872 munitus
3348 3819 3552 3883 astitit,
3588 3817 3757 3871 undi-

2033 3928 2145 3981 que
2179 3909 2540 3964 venientibus
2572 3908 2778 3978 gladiis
2810 3907 3115 3975 vigilanter
3145 3905 3434 3960 obviavit:
3473 3907 3754 3960 amissam

2032 3999 2425 4055 substantiam
2458 3997 2628 4051 tacite
2660 3996 2926 4063 despicit,
2960 4011 3189 4049 carnem
3217 3996 3272 4047 in
3298 3994 3435 4046 filiis
3461 3999 3751 4048 mortuam

2032 4087 2439 4156 :equanimiter
2464 4086 2632 4152 dolet,
2665 4100 2891 4138 carnem
2920 4085 2975 4137 in
3011 4101 3071 4137 se
3097 4098 3428 4152 percussam
3466 4083 3756 4151 patienter

2033 4178 2261 4246 tolerat,
2294 4193 2529 4232 carnem
2555 4177 2612 4230 in
2637 4176 2886 4245 conjuge
2919 4175 3070 4230 male
3101 4175 3440 4229 suadentem
3465 4172 3754 4242 sapienter

2033 4270 2220 4323 docet.
2274 4268 2461 4338 Super
2507 4266 2627 4320 haec
2669 4265 2839 4318 amici
2893 4264 2950 4316 in
3009 4279 3275 4334 asperam
3329 4264 3750 4331 correptionem

2033 4357 2348 4426 prosiliunt
2394 4371 2406 4419 ;
2450 4364 2502 4409 et
2552 4369 2653 4423 pro
2710 4353 2966 4405 sedando
3007 4351 3204 4405 dolore
3264 4350 3581 4418 venientes,
3641 4351 3754 4404 vim

2033 4443 2246 4497 doloris
2288 4443 2632 4512 adjungunt.
2685 4439 2890 4494 Omnia
2910 4455 3047 4508 ergo
3081 4437 3544 4493 machinamenta
3566 4443 3757 4492 tenta—

2031 4532 2259 4586 tionum
2305 4535 2506 4584 sancto
2542 4530 2661 4583 viro
2685 4537 2982 4583 vertuntur
3015 4529 3072 4582 in
3103 4537 3419 4598 augmenta
3450 4528 3758 4583 virtutum.

2031 4623 2136 4675 Per
2195 4622 2436 4675 vulnera
2491 4618 2708 4689 quippe
2769 4619 3047 4688 probatur
3105 4619 3231 4686 ejus
3284 4618 3600 4685 patientia;
3655 4633 3757 4686 per

2029 4711 2202 4765 verba
2253 4726 2386 4765 vero
2427 4715 2726 4762 exercetur
2747 4707 2873 4775 ejus
2913 4706 3219 4774 sapientia.
3257 4705 3481 4776 Ubique
3536 4706 3757 4760 fortiter

2032 4800 2301 4866 occurrit,
2335 4800 2474 4870 quia
2522 4803 2578 4853 et
2636 4797 2864 4869 ﬂagella
2923 4798 3148 4862 robore,
3193 4803 3247 4850 et
3307 4798 3476 4850 verba
3533 4796 3753 4849 ratione

2032 4890 2342 4959 superavit.
2386 4888 2572 4943 Amici
2619 4903 2750 4942 vero
2807 4885 2962 4955 ejus,
3015 4887 3114 4956 qui
3176 4886 3246 4938 ad
3300 4881 3754 4938 consolationem

2032 4980 2269 5051 quidem
2311 4981 2570 5046 veniunt,
2617 4977 2717 5032 sed
2770 4992 2957 5044 usque
3003 4977 3072 5029 ad
3125 4973 3298 5028 verba
3341 4970 3754 5039 increpationis

2069 5200 2372 5258 nescierat.
2425 5198 2548 5253 Vet.
2602 5197 2702 5251 Ed.
2749 5194 2927 5250 Paris.
2984 5196 3040 5248 et
3071 5189 3242 5247 Basil.
3278 5205 3412 5247 cum
3444 5189 3617 5247 Gilot.
3653 5191 3757 5248 ha-

2072 5278 2172 5330 ent
2193 5277 2503 5340 utramque
2533 5268 2663 5323 lect.

2099 5344 2172 5414 (1)
2207 5343 2296 5395 Al.
2340 5334 2562 5414 petere,
2599 5347 2683 5414 ut__
2717 5337 2932 5414 habent
2980 5334 3174 5414 Gilot.,
3205 5334 3414 5403 Vatic.,
3468 5335 3754 5414 Gus_sa_n_v.

2099 5408 2172 5484 (ll)
2223 5415 2306 5466 lta
2338 5412 2474 5464 Mss.
2519 5408 2766 5484 Anglic.,
2798 5410 2996 5462 Norm.
3031 5413 3086 5461 et
3119 5424 3261 5484 pene
3291 5423 3515 5462 omnes.
3549 5409 3754 5484 _Editio

2030 5479 2203 5538 Ba'sil.
2244 5485 2394 5535 15H.
2440 5487 2494 5533 et
2544 5482 2667 5533 aliae
2702 5495 2848 5550 seq.,
2902 5485 3136 5548 excepta
3184 5480 3489 5542 Gussanv.,
3544 5479 3757 5534 brachii

2029 5556 2332 5611 validioris.
2387 5555 2610 5622 ltemig.
2653 5551 2800 5605 alter
2849 5551 3041 5616 habet,
3076 5552 3288 5606 brachii
3324 5552 3583 5621 juniOris.
3621 5553 3755 5606 For-

2031 5633 2182 5684 tasse
2215 5628 2448 5700 propter
2479 5623 2642 5679 Heliu
2671 5623 2992 5695 juniorem,
3019 5624 3089 5679 de
3111 5640 3226 5696 quo
3257 5623 3426 5696 paulo
3459 5631 3643 5678 antea.
