4086 6166
289 278 408 340 523

1587 268 1862 333 SANCTI
1907 267 2280 330 GREGORII
2329 272 2571 334 MAGNI

3715 283 3834 340 524

280 418 584 486 excedunt,
615 413 946 490 ignorantia
967 409 1155 484 magis
1177 409 1446 467 credendi
1470 412 1627 477 sunt,
1652 422 1828 479 quam
1859 421 1988 461 ma-
2018 402 2071 470 Α
2102 409 2242 461 sunt
2265 408 2333 464 de
2355 408 2646 480 injustitia
2669 411 2976 482 reprobare
3002 429 3013 479 ;
3042 413 3364 471 nescientes
3385 415 3832 489 videlicetquod

276 509 406 566 litia
439 507 774 580 deliquisse.
822 507 1016 576 Neque
1059 503 1214 558 enim
1257 503 1484 555 tantum
1539 499 1730 554 virum
1782 497 1998 552 amicos

275 600 510 674 iniquos
531 600 807 656 habuisse
837 593 1186 653 credendum
1220 599 1305 648 est
1332 607 1345 648 :
1372 591 1472 647 sed
1504 590 1646 646 dum
1670 589 1996 644 discernere

277 707 513 748 causam
580 688 941 762 ﬂagellorum
1017 685 1333 754 nequeunt,
1412 681 1470 736 in
1548 680 1778 752 culpam
1852 677 1998 734 dila-

274 780 509 943 ὺυῧξὲῗ.
537 869 648 940 IX.]
700 867 786 923 l2.
848 866 1009 922 Varia
1051 862 1462 934 percussionum
1508 875 1726 929 genera.
1763 890 1828 898 —
1863 858 1998 913 Per-

277 960 617 1018 cussionum
649 956 866 1028 quippe
895 951 1120 1008 diversa
1146 954 1284 1007 sunt
1313 965 1545 1021 genera.
1579 948 1707 1004 Alia
1745 964 2000 1018 namque

275 1056 362 1106 est
406 1047 725 1120 percussio,
759 1061 874 1117 qua
915 1048 1177 1116 peccator
1221 1040 1563 1110 percutitur,
1619 1044 1683 1093 ut
1741 1038 1864 1092 sine
1905 1052 2000 1092 re-

273 1136 614 1194 tractatione
656 1132 972 1206 puniatur;
1021 1129 1156 1198 alia,
1202 1145 1318 1200 qua
1363 1131 1626 1198 peccator
1660 1128 2000 1199 percutitur,

278 1232 345 1284 ut
374 1225 734 1297 corrigatur;
768 1223 902 1292 alia,
931 1237 1043 1292 qua
1065 1235 1490 1289 nonnunquam
1525 1218 1771 1290 quisque
1803 1233 2000 1289 percu-

279 1320 449 1386 titur,
473 1335 588 1374 ncn
617 1321 677 1373 ut
703 1314 990 1388 praeterita
1022 1311 1288 1383 corrigat,
1323 1309 1425 1367 sed
1460 1325 1531 1365 ne
1561 1314 1806 1366 ventura
1838 1324 2000 1363 com-

279 1411 476 1468 mittat
502 1430 516 1477 ;
541 1407 656 1464 alia
686 1423 800 1479 qua
824 1405 922 1460 18
947 1403 1292 1477 plerumque
1317 1402 1658 1472 percutitur,
1691 1417 1794 1472 per
1823 1415 1999 1472 quam

273 1515 378 1555 nec
401 1497 690 1571 praeterita
710 1497 884 1567 culpa
905 1494 1236 1565 corrigitur,
1264 1507 1368 1547 nec
1393 1493 1590 1546 futura
1614 1490 1955 1562 prohibetur
1982 1507 1995 1558 ;

279 1589 383 1645 sed
419 1594 502 1654 ut,
537 1587 679 1643 dum
721 1584 1024 1657 inopinata
1053 1581 1210 1638 salus
1244 1581 1679 1652 percussionem
1714 1579 1998 1651 sequitur,

280 1676 562 1733 salvantis
609 1675 790 1729 virtus
838 1673 1070 1744 cognita
1115 1670 1415 1726 ardentius
1456 1677 1720 1736 ametur;
1755 1683 1999 1737 cumque

2108 492 2324 558 idcirco
2357 502 2684 574 ﬂagellatus
2719 505 2924 573 fuerat,
2959 511 3023 562 ut
3067 525 3169 578 pro
3201 507 3433 580 ﬂagello
3465 509 3590 580 ejus
3623 511 3832 565 divina

2111 589 2303 659 gloriae
2357 592 2481 648 laus
2539 597 2840 660 cresceret,
2900 612 3014 651 non
3073 601 3267 652 autem
3328 602 3386 652 ut
3445 615 3547 670 per
3605 598 3840 670 ﬂagella

2109 684 2344 750 peccata
2407 698 2532 753 quae
2610 699 2976 756 nequaquam
3055 687 3426 742 commiserat
3481 689 3840 748 emendaret.

2109 766 2272 824 Unde
2304 773 2360 824 et
2385 770 2455 824 ad
2487 771 2714 826 veniam
2740 771 2913 827 citius
2937 774 3206 841 redeunt,
3227 775 3362 844 quia
3385 776 3708 844 ignorantia
3741 794 3836 848 po~

2109 857 2230 912 tius
2280 875 2448 928 quam
2499 859 2718 916 malitia
2769 867 3168 933 peccaverunt.
3215 864 3472 929 Quorum
3503 867 3841 937 superbiam

2111 946 2561 1019 divinajustitia
2618 966 2684 1005 eo
2731 951 3101 1007 vehementer
3132 951 3426 1020 humiliat,
3476 970 3591 1025 quo
3627 972 3845 1027 nequa-

2111 1053 2288 1107 quam
2322 1037 2451 1094 illos
2472 1039 2540 1094 ad
2585 1056 2743 1095 suam
2777 1041 3047 1112 gratiam,
3075 1042 3185 1097 nisi
3211 1059 3310 1115 per
3331 1060 3464 1098 eum
3499 1061 3672 1116 quem
3707 1044 3839 1100 des-

2110 1132 2400 1196 pexerant,
2447 1128 2744 1185 reformat.
2773 1129 2949 1186 Valde
3007 1131 3226 1204 quippe
3276 1132 3420 1189 elata
3451 1151 3613 1189 mens
3637 1140 3837 1191 retun-

2109 1216 2289 1280 ditur,
2326 1217 2373 1271 si
2410 1217 2520 1287 ipsi
2555 1234 2730 1290 super
2763 1234 2933 1290 quem
2957 1237 3018 1275 se
3049 1222 3256 1276 extulit
3286 1227 3674 1295 supponatur.

2645 1307 2877 1363 CAPUT
2917 1309 2989 1364 v1
3031 1311 3164 1382 [Vet.
3199 1312 3279 1382 X].

2187 1394 2268 1447 13.
2297 1394 2484 1450 Sancti
2516 1412 2698 1451 omnes
2728 1398 2889 1468 quasi
2915 1398 3105 1464 stella},
3141 1403 3346 1455 noctem
3378 1403 3504 1456 vita
3548 1405 3842 1474 praesentis

2109 1483 2461 1540 illuminant.
2506 1518 2573 1525 —
2613 1485 2723 1541 Sed
2768 1487 2910 1542 libet
2959 1488 3108 1543 inter
3156 1489 3275 1544 hac
3309 1489 3457 1546 mira
3487 1491 3840 1550 divinaedis-

2110 1575 2472 1644 pensationis
2505 1590 2680 1647 opera
2701 1591 2936 1632 cernere
2960 1580 3252 1648 quomodo
3281 1581 3348 1636 ad
3382 1579 3833 1639 illuminandam

2109 1668 2338 1721 noctem
2390 1665 2514 1721 vita:
2558 1667 2862 1737 praesentis
2908 1673 3065 1723 astra
3097 1685 3342 1741 quaeque
3365 1670 3489 1727 suis
3521 1671 3745 1729 vicibus
3777 1674 3837 1729 in

278 1764 554 1822 innoxius
585 1762 810 1832 ﬂagello
856 1760 1138 1826 atteritur,
1173 1759 1223 1814 ei
1257 1774 1358 1831 per
1388 1757 1732 1830 patientiam
1768 1756 1997 1812 merito-
2037 1773 2082 1839 Β
2113 1753 2241 1809 coeli
2287 1755 2489 1810 faciem
2544 1754 2793 1824 veniant,
2835 1773 3143 1828 quousque
3194 1759 3252 1814 in
3305 1759 3477 1816 linem
3513 1763 3698 1819 noctis
3731 1765 3840 1820 Re-

282 1870 416 1911 rum
466 1869 697 1910 summa
745 1851 1096 1907 cumulatur.
1146 1848 1472 1919 Aliquando
1521 1847 1680 1902 enim
1739 1850 2006 1918 peccator

283 1929 630 2016 percutitur,
683 1945 749 1998 ut
781 1941 1006 2011 absque
1046 1936 1453 1994 retractatione
1493 1936 1792 2008 puniatur,
1855 1935 2012 1991 sicut

283 2037 551 2107 periturae
585 2033 792 2104 judaue
845 2031 1097 2086 dicitur:
1144 2031 1316 2100 Plaga
1365 2027 1584 2083 inimici
1636 2027 1883 2098 percussi
1937 2030 2008 2092 te,

283 2123 644 2195 castigatione
687 2121 907 2177 crudeli
956 2121 1084 2188 (Jer.
1133 2135 1268 2189 xxx,
1313 2118 1418 2186 14).
1455 2118 1520 2172 Et
1561 2133 1831 2172 rursum:
1871 2116 2010 2184 Quid

279 2215 489 2268 clamas
535 2211 604 2266 ad
650 2226 757 2274 me,
808 2223 970 2280 super
1015 2207 1345 2264 contritione
1394 2203 1896 2261 tuaHnsanabilis
1928 2215 2010 2260 est

281 2302 441 2358 dolor
462 2305 586 2355 tuus
633 2299 818 2370 (lbid.,
854 2299 961 2367 15).
997 2297 1320 2369 Aliquando
1353 2300 1616 2368 peccator
1665 2295 2007 2368 percutitur,

286 2393 353 2446 ut
409 2385 757 2458 corrigatur,
817 2384 969 2440 sicut
1008 2382 1238 2438 cuidam
1286 2383 1344 2437 in
1399 2382 1704 2454 Evangelia
1753 2381 2006 2438 dicitur:

289 2477 422 2532 Ecce
465 2492 632 2532 sanus
657 2478 838 2546 [actus
868 2490 944 2543 es,
977 2474 1090 2542 iam
1117 2473 1236 2528 noli
1262 2487 1506 2543 peccare,
1537 2487 1604 2527 ne
1635 2470 1737 2526 tibi
1767 2471 2007 2525 deterius

281 2565 505 2638 aliquid
554 2565 836 2635 contingat
888 2564 1067 2631 (Joan.
1113 2579 1162 2634 ν,
1201 2563 1308 2633 14).
1338 2562 1524 2618 Verba
1550 2562 1703 2616 enim
1730 2562 2008 2618 salvantis

283 2654 572 2722 indicant,
606 2654 744 2726 quia
773 2657 1009 2724 peccata
1036 2652 1413 2723 praecedentia
1441 2650 1624 2707 habiti
1648 2651 1762 2706 vim
1788 2649 2006 2706 doloris

286 2744 614 2817 exigebant.
641 2743 970 2815 Aliquando
990 2742 1236 2814 quisque
1255 2756 1365 2796 non
1401 2757 1501 2812 pro
1527 2743 1814 2811 prazterita
1833 2740 2006 2812 culpa

282 2833 581 2900 diluenda,
627 2832 728 2887 sed
777 2847 877 2901 pro
922 2832 1120 2886 futura
1167 2831 1400 2885 vitanda
1450 2829 1798 2900 percutitur;
1847 2831 1998 2901 quod

282 2926 481 2993 aperte
531 2920 744 2975 Paulus
807 2919 1102 2990 apostolus
1149 2919 1220 2972 de
1270 2919 1582 2988 semetipso
1630 2922 1891 2985 testatur,
1921 2919 2003 2972 di-

285 3026 423 3067 cens
458 3012 572 3066 :Ne
617 3011 944 3082 magnitudo
996 3009 1395 3064 revelationum
1445 3007 1671 3063 extollat
1708 3023 1813 3076 me,
1848 3008 2002 3063 datus

281 3109 361 3158 est
400 3098 542 3154 mihi
571 3100 827 3156 stimulus
857 3099 1042 3154 carnis
1073 3115 1227 3166 meas,
1261 3096 1491 3166 angelus
1518 3097 1770 3164 Satanae,
1793 3100 1890 3170 qui
1917 3115 2000 3153 me
2030 3127 2072 3194 Ο

280 3189 585 3260 colaphth
635 3190 705 3260 (Il
757 3189 877 3244 Cor.
929 3205 1031 3257 xu,
1061 3190 1139 3259 7).
1191 3188 1296 3253 Qui
1345 3188 1500 3242 enim
1549 3203 1662 3242 non
1718 3188 1818 3253 ait,
1862 3188 1998 3259 quia

289 3280 516 3348 extulit,
554 3280 655 3336 sed
690 3295 760 3334 ne
791 3279 1048 3348 extollat,
1083 3286 1280 3350 aperte
1324 3277 1542 3334 indicat
1571 3277 1724 3348 quod
1761 3294 1994 3348 percus-

273 3371 437 3426 sione
469 3369 588 3437 illa,
623 3384 695 3426 ne
743 3368 988 3438 eveniat,
1031 3366 1434 3438 compescitur,
1479 3383 1591 3423 non
1643 3372 1836 3422 autem
1870 3384 1993 3438 qua:

269 3458 462 3516 evenit
515 3459 686 3531 culpa
745 3462 1042 3529 purgatur.
1096 3457 1533 3528 Nonnunquam
1573 3472 1706 3512 vero
1747 3457 1994 3529 quisque

267 3565 378 3608 nec
400 3566 501 3622 pro
547 3548 854 3622 praeterita,
898 3564 1003 3604 nec
1051 3564 1151 3620 pro
1188 3548 1382 3603 futura
1427 3547 1731 3619 iniquitate
1786 3564 1992 3620 percu-

268 3630 452 3709 titur;
479 3641 580 3696 sed
615 3646 678 3696 ut
699 3640 822 3695 sola
862 3638 1072 3694 divinas
1103 3637 1338 3692 virtutis
1369 3638 1643 3708 polentia,
1677 3652 1745 3692 ex
1775 3655 1992 3710 ampu-

265 3734 388 3786 tata
437 3729 816 3802 percussione
861 3731 1239 3784 monstretur.
1277 3726 1440 3783 Unde
1470 3743 1604 3784 cum
1643 3726 1890 3783 Domino
1929 3729 1988 3783 in

267 3819 578 3893 Evangelio
622 3821 694 3876 de
740 3835 888 3876 ceco
929 3823 1065 3875 nato
1096 3819 1423 3874 diceretur:
1456 3818 1535 3889 (α)
1584 3819 1688 3874 Hic
1725 3820 1988 3889 peccavit,

266 3916 364 3966 aut
401 3913 653 3982 parentes
690 3911 828 3979 eius,
879 3913 938 3965 ut
970 3924 1144 3966 circus
1175 3915 1496 3964 nasceretur
1536 3907 1744 3978 (Joan.,
1781 3925 1861 3976 ix,
1892 3909 1989 3980 2)?

263 4000 570 4072 respondit
599 3999 886 4055 Dominus
925 3997 1126 4054 dicens
1149 4015 1162 4053 :
1185 3998 1366 4069 Neque
1395 3997 1482 4052 hic
1506 3995 1783 4067 peccavit,
1815 4012 1989 4068 neque

257 4096 510 4160 parentes
555 4089 674 4159 eius
710 4105 731 4149 ,'
781 4087 872 4144 sed
919 4092 979 4142 ut
1036 4086 1469 4156 manifestentur
1521 4101 1692 4156 opera
1743 4087 1820 4157 (b)
1896 4087 1990 4142 Dei

260 4186 422 4257 (Ibid.
472 4186 578 4253 3)?
611 4188 672 4241 In
713 4203 830 4256 qua
862 4184 1332 4241 manifestatione
1363 4184 1502 4255 quid
1534 4183 1743 4252 agitur,
1778 4183 1894 4239 nisi
1929 4189 1990 4240 ut

263 4291 332 4331 ex
377 4276 601 4345 ﬂagello
643 4275 982 4330 meritorum
1015 4275 1198 4331 virtus
1221 4277 1537 4345 augeatur;
1572 4277 1627 4328 et
1658 4288 1789 4328 cum
1824 4273 1983 4329 nulla

264 4364 558 4435 praeterita
594 4363 874 4434 iniquitas
923 4365 1186 4432 tergitur,
1222 4381 1429 4434 magna
1469 4364 1538 4420 de
1562 4364 1838 4436 patientia
1870 4365 1984 4421 for-

258 4452 450 4509 titudo
496 4458 818 4522 generetur.
872 4454 1033 4509 Unde
1079 4454 1234 4510 idem
1285 4456 1490 4510 beatus
1537 4454 1646 4510 Job
1681 4453 1983 4526 praefertur

255 4542 421 4615 prius
470 4557 606 4598 voce
651 4543 887 4611 judicis,
937 4547 994 4598 et
1035 4552 1164 4612 post
1213 4545 1410 4599 manui
1442 4544 1833 4600 committitur
1865 4553 1982 4600 ten-

254 4633 498 4688 tatoris:
533 4647 705 4703 quem
750 4637 880 4703 post
912 4632 1206 4704 ﬂagellum
1237 4633 1388 4689 Deus
1431 4635 1568 4689 dum
1605 4650 1980 4690 remunerans

254 4721 610 4778 familiarius
673 4721 1015 4793 alloquitur,
1068 4727 1257 4792 aperte
1307 4728 1587 4794 quantum
1641 4725 1709 4779 de
1747 4726 1980 4780 verbere

262 4811 509 4869 creverit
557 4810 866 4867 indicatur.
916 4811 1102 4866 Amici
1151 4827 1284 4882 ergo
1337 4813 1488 4867 beati
1519 4813 1649 4874 Job.
1685 4815 1818 4870 dum
1849 4831 1979 4885 per-

257 4901 598 4956 cussionum
651 4915 861 4972 genera
901 4897 1260 4971 distinguere
1303 4900 1591 4965 nesciunt,
1636 4917 1978 4972 percussum

260 5005 366 5060 pro
399 4990 570 5061 culpa
600 4991 1006 5046 crediderunt:
1040 4993 1096 5044 et
1126 4990 1264 5044 dum
1296 4988 1723 5058 Deumjustum
1757 4992 1813 5047 in
1850 5008 1981 5063 per-

260 5079 533 5136 cussione
563 5096 671 5136 sua
701 5083 982 5135 conantur
1001 5093 1284 5145 asserere,
1305 5078 1538 5135 beatum
1560 5079 1664 5135 Job
1691 5080 1983 5151 compulsi

332 5327 404 5396 (α)
443 5325 538 5402 S_ic
583 5331 694 5382 vet.
739 5327 883 5384 Edit.
911 5345 1039 5402 cum
1083 5329 1277 5395 Corb.,
1314 5329 1543 5394 Rhem.,
1582 5328 1980 5402 Remig.,Col-

261 5399 409 5454 bert.
460 5396 732 5474 German.
775 5416 839 5456 ac
876 5401 1022 5474 pler.
1073 5403 1137 5474 lin,
1163 5402 1409 5458 Ebroic.:
1447 5403 1542 5458 Hic
1568 5403 1708 5472 quod
1743 5396 1985 5474 peccavit

261 5474 632 5540 autparentes
680 5471 796 5534 eius
820 5477 846 5522 Ρ
868 5469 1030 5528 Cocc.
1065 5473 1215 5527 Edit.
1248 5479 1304 5528 et
1335 5490 1436 5544 seq
1465 5517 1475 5528 .
1504 5493 1520 5526 :
1554 5469 1687 5539 Quis
1713 5469 1984 5545 peccavit,

264 5542 352 5596 hic
383 5545 478 5593 aut
507 5547 765 5596 carentes
791 5540 907 5596 eius
928 5545 954 5594 ?

303 5557 352 5596 ιε
383 5556 478 5593 ααι
507 5556 765 5596 parentes
791 5556 907 5596 eius

327 5557 352 5596 c
383 5557 478 5593 aut
505 5557 765 5610 parentes
791 5557 907 5610 ejus
928 5557 954 5594 τ

327 5610 406 5681 (b)
458 5613 519 5666 In
566 5613 599 5664 2
624 5609 854 5681 Rhem.,
880 5611 1054 5665 duob.
1082 5612 1245 5668 Rem.
1280 5619 1335 5668 et
1368 5615 1604 5680 Vind.2,
1633 5619 1737 5672 Dei
1767 5618 1824 5672 in
1858 5615 1980 5670 illo.

331 5685 400 5745 (c)
418 5681 616 5746 Guss.,
641 5680 712 5734 ad
730 5681 1453 5752 repetendam.Emendatur
1477 5704 1543 5741 ex
1564 5688 1636 5742 al.
1663 5688 1744 5742 Ed
1766 5693 1820 5743 et
1846 5687 1979 5742 Mss.

335 5753 411 5826 (ἀ)
445 5752 746 5815 Exciderat
766 5753 824 5809 in
858 5752 1142 5810 Gussanv.
1177 5770 1359 5810 verus.
1393 5759 1576 5822 Quam
1611 5775 1808 5815 vocem
1841 5775 1984 5832 sup-

2125 1845 2393 1915 demptor
2425 1845 2670 1901 humani
2699 1847 3137 1919 generis,quasi
3159 1865 3326 1905 verus
3358 1850 3584 1922 lucifer,
3608 1859 3836 1925 surgat.

2121 1933 2481 1989 Nocturnum
2516 1951 2771 2007 namque
2803 1937 3082 2007 spatium,
3108 1939 3246 1992 dum
3281 1939 3686 1997 decedentium
3710 1961 3841 1999 suc-

2122 2022 2572 2095 cedentiumque
2618 2024 2918 2081 stellarum
2962 2027 3230 2083 cursibus
3255 2028 3603 2098 illustratur,
3628 2049 3839 2104 magno

2121 2111 2247 2167 caeli
2281 2112 2484 2168 decore
2514 2115 2829 2185 peragitur.
2865 2115 2934 2171 Ut
2957 2132 3090 2188 ergo
3116 2118 3302 2174 noctis
3326 2127 3529 2175 nostra:
3562 2123 3839 2180 tenebras

2121 2219 2224 2258 suo
2267 2206 2528 2274 tempore
2558 2204 2765 2274 editus,
2813 2204 3193 2278 vicissimque
3243 2212 3598 2279 permutatos
3628 2211 3840 2268 stella-

2121 2306 2246 2345 rum
2285 2291 2481 2346 radius
2513 2298 2794 2363 tangeret,
2857 2295 2927 2349 ad
2948 2296 3371 2352 ostendendam
3419 2298 3838 2369 innocentiam,

2119 2379 2274 2434 venit
2317 2380 2598 2449 Abel;ad
2651 2383 2970 2438 docendam
3014 2387 3114 2439 14
3168 2387 3417 2442 actionis
3471 2389 3838 2460 munditiam,

2117 2470 2272 2524 venit
2293 2469 2484 2524 Enoch
2513 2486 2526 2536 ;
2555 2471 2624 2525 ad
2650 2471 3059 2528 insinuandam
3092 2473 3596 2546 longanimitatem
3628 2478 3755 2549 spei
3785 2489 3845 2535 et

2116 2557 2329 2629 operis,
2374 2559 2529 2614 venit
2571 2560 2684 2617 Noe
2730 2577 2742 2628 ;
2794 2562 2861 2616 ad
2904 2562 3382 2619 manifestandam
3417 2565 3832 2636 obedientiam,

2115 2647 2273 2703 venit
2301 2647 2633 2717 Abraham;
2670 2651 2740 2705 ad
2791 2651 3297 2708 demonstrandam
3331 2656 3656 2727 conjugalis
3697 2657 3823 2711 vitae

2115 2737 2543 2805 castimoniam,
2566 2739 2722 2794 venit
2745 2741 2934 2807 Isaac;
2959 2743 3028 2796 ad
3055 2743 3466 2800 insinuandam
3492 2746 3705 2801 laboris
3735 2751 3822 2802 to-

2112 2827 2438 2894 lerantiam,
2472 2829 2625 2884 venit
2654 2830 2862 2898 Jacob;
2885 2832 2954 2903 (c)
2989 2833 3059 2887 ad
3085 2834 3511 2903 rependendam
3538 2853 3638 2907 pro
3664 2837 3818 2892 malo

2111 2917 2275 2973 bona:
2309 2919 2708 2977 retributionis
2740 2923 3016 2994 gratiam,
3048 2923 3204 2978 venit
3234 2925 3446 2996 Joseph
3477 2943 3489 2992 ;
3522 2927 3591 2980 ad
3623 2931 3820 2984 osten-

2109 3006 2361 3064 dendam
2387 3012 2916 3080 mansuetudinem,
2941 3014 3095 3069 venit
3125 3017 3372 3086 Moyses;
3398 3015 3470 3070 ad
3503 3015 3820 3073 informan-

2112 3097 2238 3150 dum
2273 3103 2472 3153 contra
2502 3100 2742 3157 adversa
2774 3102 3074 3169 ﬁduciam,
3097 3103 3251 3160 venit
3280 3106 3485 3171 Josue;
3519 3106 3586 3162 ad
3618 3111 3818 3163 osten-

2109 3187 2355 3244 dendam
2373 3189 2525 3244 inter
2544 3190 2772 3262 ﬂagella
2788 3193 3320 3263 patientiam,venit
3338 3195 3468 3251 Job.
3485 3200 3623 3252 Ecce
3637 3214 3816 3270 quam

2108 3278 2391 3351 fulgentes
2419 3279 2616 3335 stellas
2650 3281 2708 3336 in
2740 3282 2881 3338 coelo
2913 3283 3229 3350 cernimus,
3263 3289 3327 3341 ut
3359 3287 3641 3344 inoﬂ'enso
3673 3292 3819 3359 pede

2107 3370 2298 3440 cperis
2329 3367 2434 3425 iter
2468 3374 2674 3425 nostras
2711 3373 2896 3428 noctis
2928 3373 3310 3430 ambulemus.
3335 3375 3479 3430 Nam
3505 3378 3816 3446 cognitioni

2106 3457 2408 3514 hominum
2463 3459 2658 3516 divina
2724 3461 3082 3534 dispensatio
3134 3468 3274 3535 quot
3311 3465 3503 3535 justos
3531 3467 3815 3534 exhibuit,

2105 3550 2272 3622 quasi
2305 3553 2390 3605 tot
2419 3554 2577 3605 astra
2599 3565 2773 3622 super
2795 3553 3161 3624 peccantium
3184 3554 3455 3611 tenebras
3476 3555 3687 3612 cmlum
3712 3559 3819 3614 mi-

2102 3639 2198 3705 sit,
2225 3639 2301 3710 (d)
2326 3656 2631 3711 quousque
2655 3657 2822 3698 verus
2855 3642 3061 3699 lucifer
3089 3651 3374 3716 surgeret,
3400 3645 3500 3716 qui
3531 3651 3814 3704 internum

2102 3729 2270 3785 nobis
2293 3746 2464 3785 mane
2485 3731 2786 3800 nuntians,
2812 3732 2999 3788 stellis
3031 3734 3254 3790 caeteris
3276 3735 3494 3791 clarius
3516 3751 3580 3792 ex
3597 3737 3814 3793 divini-

2101 3822 2219 3874 tate
2247 3820 2516 3875 radiaret.

2173 3909 2259 3965 14.
2311 3909 2504 3964 Cuncti
2532 3911 2806 3966 Christum
2824 3914 3303 3981 praenuntiarunt,
3325 3916 3569 3970 maxime
3597 3918 3718 3972 Job.
3746 3949 3813 3959 —

2100 3998 2279 4062 Quem
2329 3999 2490 4055 electi
2539 4017 2743 4057 omnes
2791 4003 2931 4057 durn
2964 4004 3110 4059 bene
3165 4005 3407 4061 vivendo
3441 4013 3720 4076 praeeunt,
3756 4014 3814 4063 et

2097 4088 2272 4143 rebus
2329 4096 2379 4143 et
2427 4089 2664 4146 vocibus
2699 4092 3095 4163 prophetando
3146 4095 3560 4166 promiserunt.
3603 4097 3816 4154 Nullus

2096 4178 2310 4233 etenim
2355 4180 2556 4248 justus
2583 4181 2708 4246 fuit,
2735 4182 2827 4250 qui
2864 4200 2977 4238 non
3009 4185 3136 4253 ejus
3170 4201 3267 4254 per
3289 4187 3537 4257 ﬁguram
3565 4189 3814 4244 nuntius

2095 4269 2662 4341 exstiterit.Dignum
2681 4271 2895 4343 quippe
2918 4279 3117 4329 eratut
3139 4273 3196 4329 in
3231 4276 3560 4347 semetipsis
3593 4278 3812 4334 bonum

2096 4373 2296 4413 omnes
2338 4361 2731 4426 ostenderent,
2775 4363 2843 4416 de
2871 4379 2982 4432 quo
3005 4367 3059 4418 et
3091 4380 3293 4420 omnes
3325 4366 3458 4420 boni
3493 4372 3710 4433 essent,
3753 4373 3814 4422 et

2095 4447 2248 4518 quod
2302 4449 2579 4519 prodesse
2626 4451 2903 4506 omnibus
2931 4453 3167 4508 scirent.
3193 4453 3355 4509 Unde
3384 4459 3441 4509 et
3461 4455 3586 4510 sine
3617 4471 3809 4511 cessa-

2094 4537 2249 4594 tione
2281 4538 2538 4608 promitti
2571 4539 2770 4595 debuit
2789 4541 2943 4611 quod
2970 4547 3026 4595 et
3055 4541 3181 4598 sine
3210 4542 3597 4600 aestimatione
3626 4546 3812 4600 daba-

2091 4631 2188 4680 tur
2216 4627 2456 4697 pereipi,
2480 4631 2536 4682 et
2566 4628 2692 4684 sine
2724 4629 2838 4685 fine
2870 4631 3104 4685 retineri
3132 4648 3144 4685 :
3175 4639 3234 4685 ut
3266 4631 3439 4688 simul
3465 4634 3664 4688 omnia
3702 4651 3810 4689 sas-

2093 4716 2217 4770 cula
2250 4717 2318 4787 (e)
2340 4717 2595 4772 dicerent
2618 4719 2757 4789 quid
2791 4719 2848 4774 in
2879 4720 3277 4791 redemptione
3308 4721 3588 4777 communi
3620 4739 3811 4779 saecu-

2091 4804 2282 4861 lorum
2333 4806 2464 4861 finis
2506 4807 2818 4863 exhiberet.
2857 4809 3014 4865 Unde
3044 4813 3101 4864 et
3131 4826 3368 4866 necesse
3392 4810 3500 4866 fuit
3531 4815 3596 4866 ut
3631 4812 3808 4869 etiam

2095 4897 2302 4952 beatus
2330 4897 2574 4967 Job,qui
2608 4903 2768 4953 tanta
2788 4899 3201 4955 incarnationis
3224 4901 3272 4972 ej
3285 4917 3351 4956 us
3382 4901 3654 4973 mysteria
3673 4921 3809 4974 pro-

2094 4984 2251 5052 tulit,
2284 4999 2414 5040 cum
2449 5001 2621 5056 quem
2655 5002 2790 5040 voce
2822 4987 3035 5042 diceret
3056 4989 3574 5043 exconversatione
3606 4991 3806 5060 signa-

2095 5080 2216 5141 ret;
2259 5087 2310 5132 et
2370 5093 2469 5148 per
2517 5091 2584 5131 ea
2650 5093 2779 5149 quae
2836 5077 3090 5147 pertulit,
3144 5095 3271 5150 quae
3318 5095 3605 5150 passurus
3651 5090 3809 5137 esset

2100 5327 2383 5399 plevimus
2413 5343 2480 5383 ex
2509 5327 2644 5384 Mss.
2679 5331 2734 5384 et
2756 5327 2827 5383 al.
2849 5327 3150 5400 rVulgatis.

2169 5401 2239 5468 (ε)
2274 5401 2378 5455 Ed.
2424 5415 2556 5453 cum
2609 5401 2711 5453 Ms.
2765 5398 3009 5455 Colbert'.
3062 5398 3301 5470 aliisque
3323 5400 3645 5467 nonnullis,
3678 5419 3797 5457 stre.

2095 5471 2381 5526 discerent.
2418 5471 2784 5526 Praeferimus
2815 5471 3210 5526 dicerentcum
3235 5473 3410 5527 duob.
3432 5473 3661 5534 Rhem.,
3697 5474 3798 5528 Re-

2097 5543 2260 5613 mig.,
2306 5560 2420 5596 uno
2469 5543 2734 5608 Vindoc.,
2785 5543 2950 5597 Corb.
2995 5543 3210 5610 Germ.,
3251 5544 3498 5598 maxime
3549 5561 3683 5599 cum
3735 5549 3798 5600 de

2094 5615 2196 5668 Job
2233 5631 2358 5669 mox
2390 5614 2651 5684 legatur:
2681 5630 2994 5686 qucmgvoce
3023 5613 3248 5681 diceret,
3280 5631 3350 5670 ex
3387 5620 3798 5671 conversatione

2093 5687 2352 5754 signaret.
2378 5687 2499 5749 Quo
2532 5685 2820 5758 postremo
2853 5685 2977 5742 loco
3011 5687 3162 5756 apud
3190 5687 3385 5754 Guss.,
3412 5688 3710 5759 mendose,
3731 5703 3796 5742 ex

2093 5773 2189 5814 con
2199 5773 2470 5817 versione.
