4086 6166
239 317 358 375 525

1343 307 1550 372 LIBRI
1599 308 2046 370 MORALIUM.
2095 340 2171 356 —
2217 311 2657 376 PREFATIO.

3641 338 3758 400 526

237 453 870 521 ostenderet;tantoque
890 449 1084 507 verius
1104 447 1393 545 passionis
1414 446 1571 503 illius
1585 451 1952 504 sacramenta
1982 467 2033 535 Α
2064 449 2435 545 exprimitur,
2458 452 2912 545 quas-multiplici
2935 465 3235 530 praesentis
3265 467 3395 525 vitae
3424 469 3760 545 fatigatione

236 545 595 617 praediceret,
629 547 846 614 quanto
897 542 1014 596 hinc
1045 557 1159 596 non
1195 540 1484 611 loquendo
1517 541 1943 606 tantummodo,

239 638 341 692 sed
385 635 561 690 etiam
615 631 885 704 patiendo
935 631 1328 701 prophetaret.
1371 630 1506 699 [Vet.
1539 629 1644 698 XI.)
1671 629 1778 684 Sed
1811 628 1950 699 quia

236 726 589 797 Redemptor
635 727 827 779 noster
880 737 1056 776 unam
1109 736 1170 776 se
1220 736 1523 790 personam
1573 734 1702 775 cum
1747 724 1949 773 sancta

237 817 519 884 Ecclesia,
539 817 616 888 (a)
639 829 813 886 quam
837 813 1174 882 assumpsit,
1198 810 1500 876 exhibuit;
1532 810 1601 865 de
1632 810 1758 881 ipso
1789 810 1946 865 enim

233 910 474 974 dicitur,
510 907 618 974 Qui
647 913 723 960 est
745 909 906 975 caput
928 904 1180 959 omnium
1195 900 1675 971 nostrum(Ephes.
1710 916 1785 968 iv,
1822 900 1944 965 15);

232 1004 291 1055 et
321 999 395 1054 de
425 996 678 1052 Ecclesia
707 995 836 1064 ejus
861 992 1139 1064 scriptum
1165 994 1286 1046 est:
1325 991 1528 1060 Corpus
1555 989 1776 1056 Christi,
1809 988 1948 1059 quod

227 1094 307 1146 est
360 1085 602 1143 Ecclesia
649 1084 843 1153 (Catos.
904 1098 942 1149 ι,
972 1083 1100 1154 2i);
1161 1080 1432 1151 quisquis
1489 1096 1621 1134 eum
1664 1079 1723 1133 in
1757 1094 1944 1133 seme-

230 1179 391 1252 tipso
413 1176 724 1248 significat,
752 1175 922 1230 modo
944 1173 1101 1227 hunc
1118 1187 1186 1226 ex
1208 1172 1413 1241 capite,
1434 1171 1604 1225 modo
1624 1186 1688 1226 ex
1712 1184 1948 1238 corpore

234 1269 534 1340 designat,
567 1274 627 1321 ut
656 1281 768 1320 non
799 1264 989 1320 solum
1020 1277 1214 1317 vocem
1248 1261 1594 1332 capitis,sed
1627 1259 1795 1316 etiam
1827 1274 1949 1313 cor-

233 1359 399 1430 poris
420 1360 638 1412 teneat.
664 1353 827 1409 Unde
847 1357 903 1408 et
925 1351 1102 1407 Isaias
1126 1350 1407 1422 prOpheta
1421 1349 1684 1420 ejusdem
1716 1347 1946 1403 Domini

231 1450 416 1504 verba
463 1446 815 1517 exprimens,
866 1444 945 1498 ait
982 1442 1190 1509 :Quasi
1226 1457 1422 1512 sponso
1465 1441 1644 1510 posuit
1673 1439 1817 1494 mihi
1843 1439 1948 1490 mi-

228 1543 404 1604 tram,
451 1545 501 1594 et
540 1537 698 1607 quasi
735 1549 993 1605 sponsam
1026 1532 1243 1589 ornavit
1273 1547 1357 1586 me
1411 1537 1730 1585 ornamento
1771 1529 1950 1595 (Isaiae

229 1643 346 1694 ιιι,
388 1627 476 1696 10)
511 1668 524 1681 .
554 1624 696 1689 Quia
727 1623 906 1693 igitur
935 1621 1057 1692 ipse
1087 1621 1145 1674 in
1177 1619 1365 1689 capite
1405 1633 1676 1689 sponsus,
1709 1616 1834 1686 ipse
1863 1630 1952 1686 es;

226 1718 291 1775 in
330 1731 576 1787 corpore
615 1729 850 1784 sponsa,
886 1726 1119 1766 necesse
1150 1716 1239 1764 est
1271 1713 1334 1763 ut
1363 1724 1495 1762 cum
1531 1719 1946 1776 nonnunquam

229 1807 460 1880 aliquid
514 1807 584 1861 de
615 1805 800 1874 capite
832 1803 1061 1867 dicitur,
1096 1800 1316 1856 sensim
1350 1815 1414 1854 ac
1447 1797 1652 1906 subito)
1670 1797 1842 1852 etiam
1876 1795 1946 1848 ad
1984 1840 2030 1906 Β

226 1914 438 1956 vocem
473 1894 732 1966 corporis
762 1892 1086 1959 derivetur;
1121 1895 1176 1944 et
1207 1905 1436 1944 rursum
1461 1903 1591 1945 cum
1623 1889 1690 1941 de
1717 1901 1954 1956 corpore

228 1989 456 2059 aliquid
491 1985 722 2054 dicitur,
756 1988 989 2054 repente
1020 1981 1087 2036 ad
1122 1996 1319 2036 vocem
1343 1978 1549 2048 capitis
1583 1976 1951 2032 ascendatur.

230 2080 377 2151 ενοι.
408 2077 546 2147 ΧΙΙ.]
581 2075 789 2131 Beatus
829 2089 960 2142 ergo
991 2071 1099 2126 Job
1131 2069 1357 2125 venturi
1391 2083 1518 2122 cum
1582 2084 1688 2123 suo
1719 2082 1954 2135 corpore

233 2176 441 2239 typum
497 2161 894 2232 Redemptoris
944 2160 1247 2226 insinuat;
1284 2174 1424 2212 uxor
1465 2173 1596 2212 vero
1641 2157 1789 2225 ejus,
1824 2171 1954 2225 quae

231 2275 379 2315 eum
403 2257 472 2312 ad
499 2253 964 2310 maledicendum
989 2254 1280 2321 provocat,
1302 2249 1478 2302 vitam
1503 2245 1824 2302 carnalium
1859 2246 1953 2299 de-

234 2349 445 2420 signat
471 2363 488 2415 ;
521 2344 621 2417 qui
650 2344 803 2398 intra
833 2346 1089 2397 sanctam
1117 2337 1423 2394 Ecclesium
1458 2335 1796 2391 inoorrectis
1829 2351 1952 2388 mo-

233 2440 410 2495 ribus
461 2435 653 2508 positi,
685 2449 794 2501 quo
834 2446 935 2502 per
960 2431 1134 2485 fidem
1175 2428 1343 2484 bonis
1366 2427 1534 2496 juxta
1563 2431 1720 2491 sunt,
1754 2441 1819 2479 eo
1852 2441 1952 2495 per

227 2530 416 2584 vitam
451 2524 661 2580 durius
685 2525 994 2592 premunt;
1024 2518 1163 2589 quia
1194 2518 1330 2572 dum
1357 2515 1525 2586 quasi
1559 2513 1756 2568 fideles
1779 2513 1949 2567 vitari

225 2635 354 2674 non
389 2617 652 2686 possunt,
685 2629 718 2667 a
751 2608 1020 2666 fidelibus
1040 2613 1199 2664 tanto
1231 2605 1507 2671 deterius,
1531 2607 1749 2673 quanto
1781 2609 1834 2657 et
1864 2602 1950 2656 in-

225 2706 428 2764 terius
452 2704 790 2759 tolerantur.

303 2799 400 2852 15.
432 2793 607 2849 Amici
634 2794 728 2849 Job
779 2791 1059 2849 haereticos
1099 2787 1448 2842 adumbrant.
1480 2815 1548 2825 —
1580 2781 1766 2838 Amici
1817 2798 1948 2837 vero

221 2890 385 2960 ejus,
413 2884 515 2957 qui
558 2885 697 2938 dum
756 2880 1066 2937 consulunt
1122 2877 1492 2941 invehuntur,
1549 2871 1946 2928 haereticorum

222 2978 481 3048 figuram
515 2970 869 3044 exprimunt,
901 2969 1000 3040 qui
1033 2968 1140 3023 sub
1174 2965 1363 3036 specie
1393 2961 1735 3019 consulendi
1770 2963 1948 3032 agunt

221 3064 540 3136 negotium
594 3058 929 3117 seducendi.
989 3057 1148 3113 Unde
1178 3062 1231 3110 et
1270 3056 1340 3112 ad
1374 3055 1601 3108 beatum
1636 3051 1744 3106 Job
1777 3050 1946 3121 quasi

2058 537 2368 593 cruciatur.
2410 539 2594 594 Amici
2637 558 2870 614 quoque
2911 547 3040 617 ejus
3081 568 3148 608 ex
3187 557 3466 615 vocabulo
3507 537 3761 619 nvominis

2057 627 2336 718 meritum
2355 645 2472 718 sua:
2506 628 2768 686 indicant
2795 636 3062 693 actionis.
3095 640 3239 698 Nam
3282 646 3517 718 Eliphaz
3554 651 3760 709 Latina

2057 713 2252 805 lingua
2275 715 2496 805 dicitur
2528 719 2754 774 Domini
2780 731 3168 798 contemptus.
3195 733 3263 787 Et
3293 713 3432 805 quid
3456 738 3612 794 aliud
3639 741 3759 797 hie-

2059 803 2219 858 retici
2263 804 2500 871 faciunt,
2535 805 2648 860 nisi
2681 811 2855 878 quod,
2881 813 3017 867 dum
3055 817 3196 873 falsa
3227 803 3442 880 deiDeo
3473 829 3764 884 sentiunt.

2057 907 2187 989 eum
2213 893 2598 989 superbiendo
2626 901 3002 989 contemnunt
3024 905 3051 958 ?
3081 907 3150 978 (c)
3185 909 3401 966 Baldad
3425 915 3763 989 interpreta-

2056 986 2150 1037 tur
2181 989 2441 1038 vetustas
2473 985 2610 1040 sola.
2649 986 2800 1043 Bene
2831 997 3022 1048 autem
3057 1012 3262 1054 omnes
3296 1001 3548 1061 haretici
3580 985 3638 1063 in
3673 1011 3764 1066 his

2058 1088 2181 1142 qua:
2206 1073 2274 1127 de
2299 1074 2412 1127 Deo
2443 1073 2787 1148 loquuntur,
2813 1081 2951 1138 dum
2976 1101 3091 1139 non
3117 1085 3443 1148 intentione
3462 1100 3635 1163 recta,
3661 1102 3760 1154 sed

2058 1162 2414 1259 appetitione
2449 1166 2782 1259 temporalis
2803 1170 2997 1239 glorise
3022 1174 3202 1231 videri
3236 1162 3637 1249 praedicatores
3661 1204 3765 1259 ap-

2058 1257 2284 1346 petunt,
2337 1260 2596 1346 vetustas
2645 1258 2768 1313 sola
2817 1263 3210 1323 nominantur.
3260 1273 3344 1326 Ad
3403 1257 3762 1346 loquendum

2060 1341 2275 1438 quippe
2306 1360 2420 1398 non
2454 1344 2575 1400 zelo
2609 1349 2739 1403 novi
2771 1349 3050 1423 hominis,
3091 1360 3189 1413 sed
3224 1360 3347 1415 vite
3379 1341 3586 1420 veteris
3635 1385 3765 1438 pra-

2059 1432 2237 1487 vitate
2267 1435 2651 1491 concitantur.
2706 1439 2932 1512 Sophar
2980 1462 3208 1518 quoque
3257 1452 3455 1508 Latino
3503 1432 3769 1514 sermone

2060 1522 2272 1576 dicitur
2295 1524 2600 1596 dissipatio
2625 1531 2892 1600 speculae,
2914 1534 2989 1604 (d)
3014 1537 3097 1592 vel
3120 1541 3576 1609 speculationem
3597 1546 3769 1602 dissi-

2060 1627 2228 1682 pans.
2265 1613 2488 1670 Mentes
2520 1633 2776 1689 namque
2806 1622 3069 1680 fidelium
3095 1629 3163 1682 ad
3188 1634 3640 1702 contemplanda
3663 1653 3762 1692 su-

2061 1717 2239 1772 perna
2262 1719 2322 1757 se
2345 1704 2611 1775 erigunt;
2635 1710 2730 1762 sed
2756 1711 2895 1766 dum
2922 1712 3329 1775 haereticorum
3353 1723 3522 1778 verba
3541 1740 3772 1796 perver-

2061 1794 2180 1845 tere
2212 1797 2365 1846 recta
2397 1796 2861 1867 contemplantes
2893 1810 3196 1873 appetunt,
3248 1794 3558 1879 speculam
3599 1813 3769 1870 dissi-

2063 1897 2201 1950 pare
2232 1891 2535 1937 conantur.
2570 1885 2706 1955 [Vet.
2741 1889 2899 1961 XIII.]
2925 1891 2983 1945 In
3021 1895 3210 1951 tribus
3241 1897 3771 1969 itaqueamicorum

2059 1970 2170 2024 Job
2188 1971 2543 2034 nominibus.
2566 1979 2684 2030 tres
2703 1976 3111 2038 haereticarum
3131 1988 3413 2044 mentium
3433 1991 3774 2061 perditionis

2062 2074 2233 2114 casus
2264 2063 2686 2131 exprimuntur.
2722 2066 2842 2120 Nisi
2893 2071 3045 2126 enim
3085 2072 3263 2130 Deum
3310 2084 3772 2150 contemnerent,

2061 2164 2427 2240 nequaquam
2463 2153 2532 2206 de
2564 2153 2660 2209 illo
2687 2172 2950 2226 perversa
2975 2163 3289 2232 sentirent;
3315 2175 3370 2220 et
3393 2168 3502 2222 nisi
3526 2171 3596 2240 (ε)
3618 2176 3775 2226 vetu-

2063 2238 2228 2292 statis
2261 2256 2359 2293 cor
2390 2240 2703 2309 traherent,
2740 2246 2797 2299 in
2844 2265 2998 2303 novas
3050 2252 3176 2305 vitae
3223 2238 3609 2327 intelligentia
3655 2276 3771 2314 non

2061 2333 2359 2395 errarent;
2395 2331 2536 2399 (net
2566 2332 2673 2387 nisi
2707 2338 3160 2404 speculationem
3187 2342 3474 2399 bonorum
3507 2347 3772 2402 destrue-

2064 2425 2212 2481 rent,
2242 2434 2614 2488 nequaquam
2651 2438 2748 2478 eos
2780 2441 3032 2493 superna
3077 2430 3295 2498 judicia
3342 2438 3460 2488 tam
3514 2435 3772 2493 districto

2061 2508 2326 2562 examine
2357 2525 2458 2578 pro
2499 2513 2806 2569 verborum
2858 2532 3092 2573 suorum
3144 2521 3318 2593 culpa
3366 2525 3769 2596 reprobarent.

2060 2597 2492 2655 Contemnendo
2525 2603 2705 2672 igitur
2734 2605 2940 2674 Deum,
2974 2611 3033 2664 in
3065 2617 3348 2669 vetustate
3379 2633 3441 2671 se
3473 2618 3767 2678 retinent:

2057 2687 2152 2741 sed
2188 2686 2244 2740 in
2287 2693 2575 2745 vetustate
2619 2693 2942 2764 retinendo,
2994 2701 3182 2768 pravis
3231 2703 3354 2759 suis
3398 2707 3761 2765 sermonibus

2055 2777 2436 2846 speculationi
2479 2784 2770 2838 rectorum
2804 2792 3034 2842 nocent.

2691 2873 2916 2930 CAPUT
2966 2877 3112 2936 VIII.

2130 2956 2215 3009 l7.
2251 2958 2308 3011 In
2341 2960 2650 3014 amicorum
2693 2964 2794 3018 Job
2863 2970 3313 3028 reconciliatione
3373 2973 3758 3033 hereticorum

2051 3043 2331 3097 conversio
2352 3044 2644 3113 ﬁguratur.
2679 3079 2746 3088 —
2778 3051 2922 3114 Quia
2944 3069 3079 3110 vero
3110 3072 3536 3129 nonnunquam
3569 3060 3757 3119 haere-

221 3129 336 3229 pro
370 3153 620 3208 Domino
642 3150 979 3221 loquuntur,
1012 3147 1110 3202 sed
1146 3151 1335 3200 tamen
1358 3162 1390 3198 a
1420 3143 1666 3198 Domino
1699 3156 1945 3229 nonap-
1975 3213 2019 3229 ﬁ
2051 3129 2378 3229 Eci‘divina:
2402 3133 2882 3229 gratielargitate
2900 3143 3116 3210 perfusi
3139 3146 3209 3199 ad
3231 3147 3515 3202 unitatem
3535 3156 3753 3207 sancta:

221 3213 592 3317 probantur;
619 3238 756 3310 quia
776 3236 1036 3292 videlicet
1059 3249 1262 3289 omnes
1287 3231 1534 3289 haeretici
1567 3232 1768 3297 Deum,
1802 3228 1940 3282 dum
1971 3213 2020 3278 Ο
2051 3218 2316 3317 ξοοξεείεε
2350 3222 2612 3317 ζθάθυηΐ,
2650 3226 2789 3280 bene
2831 3227 2939 3285 hoc
2963 3230 3088 3300 ipsa
3132 3234 3454 3291 ainicorum
3501 3241 3756 3294 reconci-

219 3333 544 3390 defendere
591 3329 689 3385 15
729 3329 1017 3392 nituntur,
1066 3325 1386 3380 offendunt.
1440 3322 1599 3378 Unde
1642 3322 1723 3375 eis
1755 3328 1942 3390 aperte

216 3429 273 3480 et
303 3423 385 3479 ab
438 3421 637 3476 eodem
667 3426 866 3475 sancto
899 3417 1020 3471 viro
1057 3415 1270 3470 dicitur
1304 3431 1317 3467 :
1355 3415 1645 3482 Disputare
1683 3427 1806 3464 cum
1840 3409 1941 3462 Deo

215 3514 430 3583 cupio:
479 3511 634 3580 prius
681 3524 773 3564 vos
816 3507 1102 3563 ostendens
1149 3504 1518 3573 fabricatores
1559 3500 1850 3562 mendacii,
1892 3501 1940 3552 et

214 3603 468 3659 cultores
498 3615 879 3672 perversorum
900 3599 1209 3667 dogmatum
1241 3595 1377 3664 (Job,
1400 3609 1523 3656 xiii,
1547 3592 1580 3644 3
1610 3595 1660 3644 et
1691 3591 1766 3659 4).
1792 3591 1941 3644 Con-

213 3698 342 3749 stat
392 3707 526 3761 ergo
556 3707 655 3746 eos
704 3687 1110 3744 haereticorum
1159 3690 1359 3757 typum
1420 3681 1661 3738 errando
1722 3694 1938 3750 gerere,

211 3798 371 3854 quos
423 3785 661 3836 sanctus
691 3780 779 3833 vir
827 3775 1122 3848 redarguit
1160 3772 1341 3829 cultui
1377 3784 1770 3840 perversorum
1807 3769 1943 3836 dog-

216 3876 456 3928 metum
501 3868 805 3926 deservire.
851 3869 992 3938 [Rea
1055 3865 1189 3935 γη]
1243 3863 1444 3918 Omnis
1474 3877 1603 3915 vero
1638 3859 1940 3914 haereticus

217 3963 278 4018 in
318 3976 390 4014 eo
435 3960 589 4030 quod
642 3959 817 4012 Deum
870 3955 1174 4011 defendere
1229 3951 1506 4018 cernitur,
1539 3947 1760 4003 veritati
1788 3946 1942 4000 illius

215 4054 594 4117 adversatur,
629 4047 937 4103 Psalmista
968 4047 1295 4109 attestante,
1319 4042 1417 4113 qui
1441 4041 1518 4096 ait
1547 4057 1561 4094 ε
1599 4041 1658 4096 Ut
1695 4037 1943 4092 destruas

219 4142 528 4196 inimicum
574 4143 626 4194 et
672 4139 1012 4207 defensorem
1069 4135 1296 4206 (Psalm.
1359 4147 1482 4196 νηί,
1548 4131 1625 4197 3).
1661 4127 1942 4182 Inimicus

218 4232 452 4304 quippe
473 4232 530 4283 et
550 4227 819 4284 defensor
841 4234 945 4288 est,
971 4225 1044 4295 (b)
1069 4224 1162 4294 qui
1189 4223 1370 4278 Deum
1396 4237 1509 4292 quo
1534 4218 1799 4290 praedicat
1824 4217 1940 4269 im-

217 4338 295 4393 pu
306 4323 471 4391 gnat.

887 4403 1120 4459 CAPUT
1159 4400 1284 4455 VII.

297 4499 391 4554 16.
443 4495 766 4553 Nominibus
796 4497 909 4550 suis
944 4496 1038 4551 Job
1087 4491 1385 4558 Christum,
1431 4486 1598 4543 amici
1627 4487 1744 4558 ejus
1774 4485 1946 4539 haere-

2049 3307 2285 3362 liatione
2318 3309 2602 3378 signatur.
2637 3314 2744 3369 Pro
2778 3317 2991 3386 quibus
3025 3326 3218 3376 tamen
3251 3323 3456 3379 beatus
3478 3326 3587 3381 Job
3620 3344 3754 3384 exo-

2048 3412 2177 3487 rare
2211 3399 2565 3469 praecipitur,
2592 3403 2729 3471 quia
2761 3404 3163 3464 haereticorum
3198 3413 3477 3468 sacrificia
3520 3421 3754 3487 accepta

2049 3486 2164 3540 Deo
2197 3503 2320 3542 esse
2353 3497 2664 3560 nequeunt,
2702 3494 2813 3548 nisi
2849 3512 2948 3566 pro
2980 3498 3062 3553 eis
3096 3500 3442 3558 universalis
3487 3486 3753 3561 Ecclesia

2051 3577 2326 3630 manibus
2349 3578 2694 3648 offerantur;
2723 3589 2784 3636 ut
2805 3585 2934 3653 ejus
2960 3588 3180 3644 meritis
3207 3591 3528 3647 remedium
3549 3594 3757 3651 salutis

2050 3664 2365 3730 inveniant,
2395 3683 2570 3737 quam
2598 3672 2904 3728 verborum
2924 3676 3140 3744 jaculis
3166 3679 3566 3752 impugnando
3587 3686 3759 3740 ferie-

2049 3752 2206 3806 bant.
2244 3752 2405 3809 Unde
2435 3762 2490 3809 et
2521 3764 2735 3827 septem
2770 3778 2871 3832 pro
2905 3765 2988 3818 eis
3030 3767 3312 3823 sacrificia
3357 3779 3754 3828 memorantur

2050 3840 2268 3907 oblata;
2303 3845 2436 3912 quia
2467 3845 2604 3900 dum
2638 3852 2994 3919 septiformis
3025 3857 3224 3924 gratias
3257 3859 3538 3928 Spiritum
3573 3864 3751 3917 conﬁ-

2050 3934 2237 3985 tentes
2253 3933 2566 4003 accipiunt,
2592 3940 2759 4006 quasi
2776 3948 2992 4010 septem
3015 3945 3405 4001 oblationibus
3421 3949 3726 4018 expiantur
3741 3991 3756 4006 .

2051 4020 2194 4074 Hinc
2225 4026 2313 4075 est
2342 4025 2492 4091 quod
2517 4028 2572 4080 in
2603 4027 2843 4084 Joannis
2873 4032 3219 4103 Apocalypsi
3255 4052 3353 4105 per
3384 4046 3603 4104 septem
3647 4039 3757 4092 Ec-

2050 4111 2360 4166 clesiarum
2395 4131 2703 4172 numerum
2742 4120 3085 4177 universalis
3116 4125 3375 4180 Ecclesia
3420 4128 3759 4200 designatur

2051 4202 2232 4272 (Apoc.
2269 4221 2306 4272 ι,
2350 4205 2456 4276 lt).
2494 4208 2638 4265 Hinc
2669 4227 2770 4280 per
2800 4212 3168 4269 Salomonem
3205 4218 3274 4270 de
3297 4217 3592 4288 Sapientia
3615 4219 3757 4274 dici-

2051 4297 2146 4345 tur
2169 4311 2179 4346 :
2213 4294 2498 4365 Sapientia
2521 4301 2818 4369 aediﬁcavit
2842 4302 2951 4357 sibi
2978 4305 3220 4371 domum,
3246 4307 3454 4362 excidit
3471 4309 3759 4364 columnas

2050 4392 2253 4452 septem
2284 4386 2469 4454 (Prov.
2507 4405 2579 4455 ix,
2619 4392 2689 4460 1).
2725 4392 2856 4460 Ipso
2887 4410 3019 4458 ergo
3057 4397 3478 4452 sacrificiorum
3515 4415 3757 4455 numero

2054 4474 2407 4530 reconciliati
2451 4477 2725 4547 hasretici,
2771 4483 2907 4553 quid
2963 4485 3062 4538 18
3114 4485 3273 4556 prius
3315 4489 3529 4544 fuerint
3571 4491 3758 4561 expri-

217 4591 361 4645 ticos
393 4585 735 4657 signiﬁcant.
768 4617 837 4625 ——
869 4585 1013 4641 Nam
1047 4582 1184 4653 quia
1218 4581 1419 4635 beatus
1450 4576 1552 4632 Job
1574 4573 1803 4630 venturi
1839 4574 1944 4627 Re-
1977 4582 2021 4645 ι)
2055 4567 2247 4657 linunt:
2279 4566 2376 4657 qui
2412 4569 2749 4636 perfectioni
2782 4573 3143 4644 septiformis
3167 4576 3368 4647 gratize
3393 4595 3503 4633 non
3535 4579 3644 4634 nisi
3675 4597 3760 4634 re-

218 4673 545 4743 demptoris
576 4674 830 4744 speciem
863 4675 1077 4736 teneat,
1106 4671 1278 4724 etiam
1306 4667 1540 4722 nomine
1563 4665 1942 4718 demonstrat.

215 4763 337 4820 Job
386 4763 602 4834 quippe
651 4763 1061 4833 interpretatur
1105 4757 1328 4813 dolens.
1363 4757 1484 4820 Quo
1530 4751 1809 4809 nimirum
1843 4750 1944 4803 do-

218 4851 372 4911 lore,
406 4851 495 4906 vel
515 4851 847 4907 Mediatoris
879 4849 1094 4920 passio,
1124 4847 1212 4902 vel
1240 4850 1449 4902 sanctae
1486 4841 1750 4900 Ecclesia:
1781 4838 1943 4894 labor

302 5105 380 5176 (a)
412 5103 601 5176 Corb.,
635 5118 795 5174 quam
827 5103 1081 5172 sumpsit.

299 5172 380 5246 (ὁ)
410 5172 656 5230 Coccius
706 5190 879 5244 quem
905 5172 1134 5246 _secuti_
1166 5177 1313 5246 sunt
1350 5174 1692 5243 posteriores
1741 5191 1942 5231 omnes

221 5243 379 5304 Edit.
412 5246 588 5302 nullis
618 5243 748 5300 Mss.
787 5243 1259 5318 praelucentibus;
1288 5245 1394 5318 Qui
1420 5247 1590 5300 Deum
1618 5262 1776 5317 quem
1803 5265 1941 5318 prx-

228 5320 379 5376 dicat
405 5319 649 5372 moribus
681 5319 988 5388 impugnat.
1022 5317 1168 5389 Sane
1198 5317 1293 5389 hic
1326 5317 1396 5370 de
1439 5320 1730 5389 corruptis
1763 5321 1938 5376 mori-

229 5392 349 5448 bus
379 5406 492 5445 non
527 5389 736 5459 agitur,
768 5387 867 5445 sed
903 5390 972 5444 de
1012 5388 1166 5443 mala
1193 5387 1422 5461 illorum
1459 5390 1570 5445 fide
1602 5387 1698 5460 qui
1720 5395 1944 5461 speciem

230 5467 448 5536 gerunt
463 5461 828 5536 consulendi,
849 5465 899 5516 et
930 5464 1104 5536 agunt
1131 5459 1411 5536 negotium
1440 5459 1749 5536 seducendi.

308 5536 379 5606 (ε)
412 5532 916 5606 ﬂbemlﬂemig,
968 5533 1151 5606 Co_lb.,
1180 5532 1406 5606 Baldag.
1451 5533 1640 5599 Corb.,
1684 5533 1938 5588 Baltlach.

309 5603 380 5672 (ά)
412 5604 572 5658 Unus
605 5603 832 5671 Rhem,
855 5621 1008 5658 unus
1030 5604 1254 5673 Remig.
1280 5612 1331 5658 et
1356 5603 1516 5674 Reg,
1541 5608 1624 5660 vet
1645 5607 1938 5675 speculam.

228 5677 266 5732 2
291 5677 872 5747 νὶηόοοηυιηωᾳυθ
902 5675 1209 5730 lectionem
1239 5675 1486 5731 exhibet.

310 5748 381 5817 (e)
412 5748 493 5802 lla
543 5746 682 5802 Mss.
739 5746 973 5814 Bellov.,
1024 5747 1359 5818 Compend.,
1391 5749 1582 5813 Corb.,
1629 5749 1852 5802 Ebroic.
1888 5750 1938 5815 1,

234 5819 463 5892 Remig.
504 5822 551 5887 1,
576 5818 806 5892 Rhem.,
830 5820 1096 5876 German.
1129 5819 1390 5875 Proxime
1421 5821 1640 5875 accedit
1669 5820 1939 5889 Colbert.,

2057 4651 2286 4706 deundo
2311 4654 2662 4726 junguntur.

2128 4743 2218 4801 18.
2257 4742 2484 4799 Illorum
2512 4751 2808 4804 mactanda
2837 4753 3120 4822 superbia,
3158 4762 3214 4809 ut
3254 4757 3508 4812 Ecclesia!
3535 4758 3633 4813 hoc
3660 4775 3757 4812 sa-

2050 4838 2259 4908 criﬁcio
2299 4838 2681 4894 restituantur.
2719 4871 2784 4880 ——
2820 4842 2972 4897 Bene
3013 4848 3206 4899 autem
3240 4848 3439 4900 tauros
3479 4862 3581 4915 pro
3612 4863 3674 4901 se
3705 4852 3760 4901 et

2050 5099 2107 5153 in
2135 5111 2242 5165 quo
2276 5094 2574 5163 mendose,
2609 5093 2890 5148 vetustatis
2911 5092 3315 5148 contraherent.
3341 5091 3402 5165 In
3439 5093 3716 5165 unoReg.
3749 5110 3763 5150 :

2057 5163 2337 5227 Vetustatis
2375 5174 2569 5227 vitium
2600 5167 2985 5220 contraherent
3005 5181 3023 5224 ;
3075 5165 3130 5217 in
3182 5165 3304 5230 alt.,
3352 5163 3505 5218 sicut
3549 5163 3608 5219 in
3659 5167 3762 5220 Ed.

2053 5242 2309 5299 Barthol.
2364 5261 2374 5298 :
2436 5241 2731 5299 Vetustates
2780 5237 3192 5293 contraherent.
3248 5235 3394 5290 Utic.
3450 5239 3765 5309 utramque

2052 5315 2182 5369 lect.
2220 5316 2467 5384 praefert,
2500 5313 2789 5384 vetustatis
2810 5326 2902 5364 cor
2923 5309 3233 5384 traherent,
3262 5313 3316 5361 et
3337 5311 3627 5384 vetustate:
3645 5326 3766 5364 con-

2054 5380 2353 5442 traherent.
2389 5380 2462 5441 In'
2483 5386 2586 5440 Ed.
2623 5381 2796 5436 Basil.
2837 5383 2988 5446 1514,
3025 5384 3082 5434 et
3130 5380 3260 5434 aliis
3311 5394 3459 5450 seq.,
3505 5381 3614 5435 nisi
3658 5385 3762 5437 vet.

2047 5474 2220 5528 prava
2252 5459 2412 5512 verba
2445 5459 2584 5512 elate
2612 5455 2871 5528 loquendo
2902 5452 3309 5528 contraherent.

2123 5530 2187 5597 (/)
2221 5529 2355 5582 Mss.
2393 5545 2532 5597 pene
2567 5539 2770 5578 omnes
2812 5526 2898 5597 sic,
2924 5525 3228 5593 legendum
3264 5525 3493 5578 docent.
3516 5523 3760 5597 AVngati

2051 5595 2409 5668 antiquiores
2443 5597 2837 5652 consentiunt.
2873 5596 3045 5650 Gilot.
3081 5612 3211 5649 vero
3253 5601 3308 5649 et
3349 5611 3469 5665 seq.
3515 5595 3764 5660 habent;

2052 5671 2113 5724 Et
2144 5676 2253 5724 nisi
2284 5674 2344 5725 in
2375 5687 2431 5725 se
2466 5714 2474 5722 .
2515 5711 2525 5722 .
2557 5709 2567 5721 .
2601 5668 2749 5720 destr
2777 5709 2788 5720 .
2821 5710 2830 5722 .
2871 5705 2883 5720 .
2922 5708 2931 5718 .
2973 5708 2984 5719 .
3015 5682 3252 5736 superna
3281 5668 3498 5732 iustitia
3536 5707 3545 5720 .
3587 5705 3597 5717 .
3637 5710 3648 5722 .
3683 5681 3762 5720 re-

2049 5743 2322 5815 probaret.
