4086 6166
371 277 492 340 32‘1-

1639 258 1921 322 SANCTI
1965 257 2340 320 GREGOBII
2385 261 2631 323 MAGNI

3720 275 3818 334 528

367 413 577 471 arietes
605 408 892 468 obtulisse
919 403 1351 462 describuntur.
1377 399 1438 456 in
1459 405 1623 454 tauro
1647 395 1861 468 quippe
1883 392 2074 448 cervix
2102 394 2156 460 Α
2186 393 2515 461 verborum,
2547 395 2762 468 duplici
2811 397 3273 455 remuneratione
3313 401 3660 472 sublevatur;
3705 406 3824 476 quia

369 503 678 577 superbiae,
695 502 758 558 in
776 499 954 556 ariete
973 501 1168 553 autem
1185 494 1424 548 ducatus
1441 501 1685 561 gregum
1703 484 2075 557 sequentium

369 573 730 667 designatur.
763 589 910 656 Quid
942 593 1029 642 est
1058 599 1194 655 ergo
1226 597 1328 654 pro
1368 579 1452 634 eis
1499 582 1703 632 tauros
1753 573 2077 644 arietesque

369 665 642 752 mactare,
675 682 787 739 nisi
828 692 1026 736 eorum
1065 673 1382 745 superbum
1417 669 1690 724 ducatum
1724 665 2077 728 interficere;

371 782 434 834 ut
462 780 533 834 de
563 792 625 833 se
653 771 901 830 humilia
925 766 1204 832 sentiant,
1236 767 1293 819 et
1332 763 1462 834 post
1501 775 1563 816 se
1599 758 1773 815 corda
1802 759 2080 811 innocen-

372 867 517 923 tium
542 880 656 922 non
680 856 1004 919 seducunt?
1027 848 1692 912 Cerviceenimtumenti
1715 847 1785 901 ab
1807 845 2078 901 Ecclesiae

371 956 596 1013 unitate
625 950 974 1016 resilierant,
1007 950 1064 1001 et
1093 943 1360 998 infirmos
1391 946 1513 1010 post
1545 953 1608 993 se
1641 934 1885 1007 populos
1907 933 2077 1006 quasi

369 1045 684 1116 sequentes
699 1053 904 1113 greges
923 1034 1257 1091 trahebant.
1281 1026 1727 1097 Veniantigitur
1749 1027 1816 1080 ad
1841 1025 2078 1079 beatum

369 1112 497 1201 Iob,
528 1131 587 1187 id
618 1112 730 1197 est,
778 1128 1138 1184 revertantur
1167 1122 1238 1178 ad
1281 1116 1624 1180 Ecclesium,
1657 1119 1714 1170 et
1753 1112 2079 1184 septenario

372 1221 655 1280 sacriﬁcio
676 1223 878 1276 tauros
899 1220 957 1273 et
981 1214 1190 1272 arietes
1214 1207 1555 1268 mactandos
1577 1205 1851 1271 oderant;
1877 1203 1953 1274 (a)
1979 1201 2081 1274 qui

374 1320 436 1370 ut
458 1308 770 1368 universali
789 1305 1051 1363 Ecclesiae
1077 1304 1527 1373 conjungantur,
1548 1293 1883 1350 humilitate
1906 1294 2081 1347 inter-

371 1401 638 1460 veniente
667 1396 1026 1456 interﬂciant
1065 1389 1354 1466 quidquid
1387 1386 1546 1459 prius
1578 1384 1868 1441 tumidum
1900 1383 1970 1438 de
1991 1398 2085 1437 su-

371 1493 550 1566 perbo
581 1493 798 1547 ducatu
830 1485 1156 1559 sepiebant.

1050 1574 1285 1632 CAPUT
1312 1572 1405 1629 IX.

447 1675 538 1730 19.
569 1671 868 1744 Superbus,
903 1667 1028 1724 licet
1057 1668 1200 1722 recte
1229 1661 1489 1731 sentiens,
1519 1657 1915 1730 increpandus.
1966 1657 2084 1720 Qua

2183 483 2456 540 nimirum
2489 490 2689 541 sancta
2720 486 2998 554 Ecclesia,
3030 487 3222 544 adhuc
3251 489 3414 546 etiam
3435 492 3490 547 in
3508 493 3605 548 hac
3625 494 3724 549 vita
3743 511 3829 565 po-

2181 572 2311 640 sita,
2348 590 2449 644 pro
2481 573 2782 631 laboribus
2813 592 2959 647 quos
2983 576 3248 647 sustinet,
3279 578 3523 650 duplicia
3547 582 3830 653 (c)munera

2181 662 2422 732 recipit;
2454 678 2587 719 cum
2620 666 2905 736 susceptis
2938 665 3105 736 plene
3133 666 3421 737 gentibus,
3445 669 3502 724 in
3525 669 3629 725 ﬁne
3655 673 3830 727 mundi

2179 751 2512 807 Judaorum
2544 753 2716 809 etiam
2750 755 2821 810 ad
2853 770 2914 810 se
2963 757 3136 811 corda
3183 757 3477 812 convertit.
3523 758 3656 814 Hinc
3697 760 3830 816 enim

2182 843 2460 912 scriptum
2490 847 2575 898 est
2609 862 2621 899 :
2657 845 2832 901 Donec
2859 845 3144 917 plenitudo
3171 849 3416 914 gentium
3445 849 3686 916 intraret,
3709 859 3752 906 et
3769 853 3836 906 sic

2181 934 2359 987 omnis
2401 933 2566 990 Israel
2610 936 2793 991 salvus
2843 936 2997 1006 ﬁeret
3047 938 3220 1005 (Rom.
3254 956 3330 1008 ιι,
3362 940 3476 1011 25).
3525 940 3766 1012 Duplicia
3793 947 3840 998 et

2185 1023 2558 1094 postmodum
2615 1025 2900 1096 recipiet:
2953 1026 3093 1097 quia
3137 1026 3298 1082 Ilnito
3342 1027 3532 1084 labore
3581 1031 3839 1101 praesentis

2184 1114 2610 1183 temporis,non
2627 1115 2814 1172 solum
2838 1117 2908 1171 ad
2932 1117 3262 1173 animarum
3282 1120 3681 1190 gaudium,sed
3698 1121 3844 1177 etiam

2185 1203 2253 1256 ad
2284 1202 2702 1261 beatitudinem
2735 1223 3042 1278 corporum
3075 1207 3356 1264 ascendit.
3391 1209 3548 1265 Unde
3594 1211 3722 1266 bene
3755 1227 3842 1282 per

2188 1293 2529 1364 prophetam
2563 1296 2777 1352 dicitur
2809 1313 2821 1351 :
2863 1299 2918 1352 'n
2949 1305 3098 1354 terra
3127 1314 3226 1354 sua
3262 1299 3506 1370 duplicia
3539 1299 3842 1370 possidebunt

2186 1381 2338 1453 (Isai.
2373 1401 2483 1452 ιιι,
2523 1385 2596 1454 7).
2638 1387 2834 1443 Sancti
2875 1386 3094 1460 quippe
3130 1387 3190 1442 in
3230 1393 3383 1443 terra
3420 1389 3715 1444 viventium
3753 1390 3841 1442 du-

2187 1472 2362 1544 plicia
2393 1475 2710 1545 possident,
2733 1476 2870 1547 quia
2895 1476 3172 1534 nimirum
3195 1478 3547 1534 beatitudine
3567 1477 3759 1534 mentis
3774 1478 3841 1533 si-

2187 1563 2310 1663 mul
2330 1567 2386 1618 et
2407 1565 2667 1663 corporis
2690 1567 2965 1663 gaudent.
2987 1568 3152 1623 Unde
3167 1568 3422 1624 Joannes
3445 1569 3504 1623 in
3521 1567 3847 1640 Apocalypsi,

2189 1656 2330 1722 quia
2359 1661 2489 1710 ante
2521 1656 3009 1712 resurrectionem
3040 1673 3348 1728 corporum
3391 1657 3689 1713 clamantes
3726 1673 3835 1711 san.

374 1769 590 1824 ratione
618 1780 725 1821 non
757 1762 970 1834 indiget
999 1757 1501 1829 sacriﬁcia—Per
1532 1751 1698 1809 Heliu
1731 1754 1951 1820 autem,
1987 1749 2084 1820 qui
2115 1763 2162 1828 Β
2191 1746 2420 1834 ctorum
2461 1745 2692 1800 animas
2732 1745 2896 1812 vidit,
2937 1746 3231 1817 accepisse
3270 1763 3368 1803 eas
3407 1746 3580 1802 stolas
3621 1745 3846 1817 singulas

374 1854 550 1912 rectis
581 1850 817 1923 quidem
851 1845 1124 1904 sensibus
1153 1842 1434 1915 loquitur,
1457 1840 1557 1896 sed
1582 1838 1652 1893 ad
1672 1836 1856 1894 stulta
1877 1835 2079 1891 elatio-

376 1946 470 2002 nis
499 1941 674 1999 verba
693 1939 1006 2003 derivatur,
1041 1949 1291 2008 persona
1313 1929 1778 2000 uniuscujusque
1800 1941 2081 1997 arrogan-

376 2034 455 2090 tis
476 2029 841 2103 exprimitur.
862 2025 1028 2083 Multi
1049 2039 1299 2095 namque
1319 2022 1470 2077 intra
1483 2023 1742 2075 sanctam
1761 2014 2080 2073 Ecclesium

379 2120 572 2195 positi,
605 2123 760 2175 recta
787 2134 916 2189 quas
943 2115 1182 2188 sapiunt
1211 2116 1360 2168 recte
1393 2110 1646 2181 proferre
1676 2109 2080 2164 contemnunt.

379 2210 544 2267 Unde
573 2213 630 2266 et
659 2207 868 2264 divinis
899 2201 1311 2275 increpationis
1343 2199 1532 2255 verbis
1554 2197 1838 2269 arguitur,
1870 2212 1974 2252 nec
1995 2200 2083 2250 ta-

377 2316 514 2357 men
547 2315 649 2371 pro
679 2297 780 2353 illo
799 2294 1148 2353 sacrificium
1171 2291 1444 2354 oli‘ertur;
1471 2287 1610 2360 quia
1633 2284 1822 2341 fidelis
1845 2285 2083 2357 quidem

379 2394 489 2461 est,
521 2389 621 2446 sed
654 2392 848 2443 tamen
882 2398 1158 2456 arrogans
1185 2397 1199 2435 :
1243 2397 1345 2452 per
1375 2378 1674 2434 veritatem
1721 2373 2086 2430 credulitatis

370 2481 537 2536 intus
559 2481 667 2542 est,
689 2475 788 2534 sed
810 2490 911 2547 per
933 2471 1180 2529 tumoris
1206 2470 1297 2527 sui
1321 2466 1687 2524 obstaculum
1713 2462 2087 2535 acccptabilis

372 2574 496 2626 inon
526 2571 635 2624 est.
669 2565 812 2621 Hinc
843 2579 978 2636 ergo
1008 2559 1326 2632 increpatio
1359 2555 1671 2626 redarguit,
1717 2555 1818 2608 sed
1862 2551 2087 2609 sacriﬁ-

381 2660 538 2716 cium
571 2674 685 2714 non
712 2654 968 2721 reducit;
1001 2650 1142 2724 quia
1168 2650 1227 2704 in
1259 2665 1324 2705 ea
1349 2647 1582 2718 quidem
1617 2645 1729 2699 fide
1759 2647 1849 2700 est
1877 2644 1932 2698 in
1977 2659 2091 2714 qua

385 2766 514 2807 esse
545 2746 769 2813 debuit,
806 2745 907 2800 sed
940 2757 1194 2812 superna
1225 2739 1379 2794 hunc
1404 2735 1637 2808 justitia
1658 2735 1966 2804 increpans
1990 2749 2090 2804 pro

387 2836 701 2911 superﬂuis
721 2833 964 2904 repellit.
991 2831 1152 2886 Unde
1175 2831 1231 2884 et
1252 2829 1398 2884 bene
1415 2825 1579 2882 Heliu
1606 2826 1804 2880 Latino
1824 2838 2092 2879 sermone

388 2928 624 2993 dicitur,
658 2925 810 2980 Deus
843 2938 1009 2977 meus
1040 2920 1170 2987 iste,
1205 2917 1290 2972 vel
1325 2917 1400 2988 (b)
1429 2917 1576 2970 Deus
1599 2913 1902 2970 Dominus.
1927 2915 2093 2969 Arro-

389 3019 589 3086 gantes
620 3013 775 3070 enim
807 3011 913 3067 viri
952 3011 1106 3066 intra
1155 3012 1418 3063 sanctam
1450 3004 1791 3071 Ecclesium,
1825 3003 2092 3074 quamvis

2191 1833 2435 1901 aspexit,
2469 1833 2670 1889 dicens
2709 1852 2722 1889 :
2755 1837 2817 1890 Et
2850 1835 2992 1892 data
3017 1845 3146 1892 sunt
3165 1836 3284 1892 illis
3304 1838 3533 1906 singulae
3551 1837 3685 1891 stolae
3710 1836 3844 1898 alba,

2189 1923 2241 1975 et
2270 1919 2479 1977 dictum
2507 1928 2586 1978 est
2617 1923 2752 1992 illis,
2781 1932 2841 1979 ut
2874 1927 3278 1996 requiescerent
3317 1932 3526 1998 tempus
3568 1924 3660 1981 17
3699 1922 3847 1978 adhuc

2190 2011 2490 2078 modicum,
2533 2012 2700 2069 donec
2751 2015 3076 2086 impleretur
3121 2032 3388 2073 numerus
3424 2029 3772 2072 conservorum
3803 2015 3847 2067 et

2188 2103 2440 2171 fratrum
2469 2118 2656 2159 eorum
2687 2106 2864 2176 (Apoc.
2899 2122 2970 2176 vn,
3007 2107 3116 2176 11).
3142 2107 3220 2178 (d)
3243 2109 3393 2162 Ante
3414 2105 3845 2163 resurrectionem

2195 2192 2410 2264 quippe
2441 2193 2622 2250 stolas
2652 2194 2917 2267 singulas
2946 2197 3236 2268 accepisse
3267 2197 3411 2253 dicti
3435 2205 3583 2261 sunt,
3610 2196 3724 2267 quia
3742 2191 3850 2248 sola

2195 2281 2386 2338 adhuc
2417 2285 2632 2340 mentis
2655 2285 3010 2342 beatitudine
3031 2288 3430 2357 perfruuntur.
3452 2288 3609 2342 Binas
3628 2300 3745 2357 ergo
3769 2297 3848 2338 ac-

2195 2371 2416 2443 cepturi
2450 2382 2604 2438 sunl,
2624 2375 2858 2446 quando
2883 2391 3014 2430 cum
3040 2376 3374 2432 animarum
3399 2377 3633 2447 perfecto
3653 2371 3850 2445 gaudio.

2197 2460 2373 2516 etiam
2405 2479 2708 2533 corporum
2743 2464 3179 2536 incorruptione
3209 2467 3547 2522 vestientur.

2267 2551 2357 2605 21.
2393 2552 2642 2622 Afﬂictio
2669 2554 2756 2609 hic
2785 2562 2974 2615 certa:
3004 2564 3274 2627 quantum
3302 2557 3572 2611 duratura
3598 2553 3685 2622 sit,
3714 2554 3858 2606 incer-

2198 2644 2337 2696 tum.
2370 2672 2435 2681 —
2468 2642 2642 2698 Recte
2671 2647 2862 2699 autem
2894 2645 3130 2701 afﬂictio
3163 2646 3402 2717 quidem
3437 2644 3580 2700 beati
3607 2643 3705 2698 Job
3740 2637 3860 2694 dici-

2199 2734 2299 2786 tur
2327 2731 2428 2786 sed
2459 2731 2757 2802 quantitas
2787 2736 3064 2805 temporis
3100 2735 3160 2790 in
3199 2738 3333 2805 ejus
3365 2734 3664 2791 afﬂictione
3691 2729 3862 2784 retice-

2199 2825 2330 2886 tur;
2359 2821 2495 2891 quia
2525 2827 2737 2878 sanctae
2761 2823 3029 2879 Ecclesiae
3059 2825 3117 2881 in
3151 2825 3262 2880 hac
3298 2827 3414 2881 vita
3453 2821 3726 2879 tribulatio
3759 2834 3863 2873 cer-

2203 2911 2380 2977 nitur,
2416 2912 2516 2967 sed
2547 2918 2761 2983 quanto
2787 2913 2879 2968 hic
2901 2919 3162 2986 tempore
3184 2914 3534 2971 conterenda
3555 2918 3714 2984 atque
3734 2907 3865 2963 ditl‘e-

2204 3001 2384 3055 renda
2409 3000 2506 3068 sit,
2538 3001 2856 3074 ignoratur.
2893 3002 3052 3059 Unde
3081 3009 3136 3059 et
3174 3019 3274 3059 ore
3325 3003 3593 3060 Veritatis
3641 2998 3862 3054 dicitur:

390 3102 573 3159 Deum
607 3101 755 3158 elate
782 3099 1026 3155 vivendo
1057 3096 1372 3166 refugiunt,
1406 3110 1538 3149 eum
1579 3101 1773 3147 tamen
1816 3091 2094 3146 veraciter
2124 3134 2167 3202 Β
2205 3090 2320 3145 Non
2347 3097 2424 3145 est
2453 3100 2688 3146 vestrum
2716 3108 2869 3148 nosse
2899 3101 3162 3164 tempora,
3195 3095 3285 3149 vel
3315 3104 3582 3150 momenta
3608 3089 3741 3162 (18)
3765 3102 3862 3157 qua:

506 3193 522 3202 ι
621 3193 634 3202 ι
818 3190 868 3202 Α.
958 3193 968 3202 .
1105 3190 1142 3202 1‘
1193 3185 1204 3202 9
1229 3185 1243 3202 1
1295 3201 1300 3202 ,
1350 3188 1361 3202 ι
1395 3183 1535 3202 --3Α-
1590 3182 1927 3202 n---__._-__
1962 3181 2064 3202 2-1-
2214 3181 2378 3202 11-4-..
2411 3180 2586 3202 _-_-__'l
2617 3183 2670 3202 _’-_
2711 3197 2748 3202 Α-
2784 3201 2800 3202 κ
2842 3187 3092 3202 ,,41-,.4.-
3120 3191 3128 3202 ι
3161 3186 3174 3202 Δ
3199 3194 3235 3202 κ-
3365 3185 3416 3202 Ωιι
3475 3183 3572 3202 n__
3605 3182 3700 3202 L--
3733 3191 3844 3202 -..ι-ιι

389 3193 675 3252 credendo
699 3190 1069 3247 conﬁtentur.
1101 3185 1246 3248 Quid
1281 3183 1564 3249 estenim,
1590 3182 1743 3236 Deus
1764 3197 1929 3236 meus
1962 3181 2091 3247 iste,

393 3285 629 3342 nomine
658 3281 871 3346 dicere,
906 3277 1018 3333 nisi
1051 3291 1203 3335 eum.
1239 3272 1331 3329 cui
1359 3271 1624 3339 credidit,
1659 3275 1856 3341 aperta
1884 3270 2101 3340 profes-

392 3375 553 3433 sione
583 3369 953 3428 monstrare?
983 3364 1069 3420 vel
1101 3363 1242 3435 quid
1273 3366 1382 3428 est,
1423 3361 1610 3416 Deum
1653 3359 1964 3416 Dominum
2008 3359 2098 3414 di-

393 3480 543 3533 cere,
574 3460 689 3517 nisi
719 3458 874 3514 hunc
905 3459 960 3511 et
994 3459 1170 3510 Deum
1203 3467 1305 3524 per
1335 3449 1702 3506 divinitatem
1749 3448 2002 3516 credere,
2044 3453 2100 3505 et

392 3552 706 3612 Dominum
747 3563 815 3604 ex
845 3543 1239 3601 incarnatione
1269 3538 1572 3613 perbibere
1597 3538 1624 3592 ‘t

891 3632 1124 3689 CAPUT
1161 3629 1227 3686 x.
1263 3631 1406 3701 [νει.
1440 3627 1600 3700 XIV.)

462 3732 554 3788 20.
585 3729 683 3787 Job
731 3724 976 3798 duplicia
1032 3721 1302 3792 recipiens
1332 3716 1465 3789 quid
1509 3717 1822 3788 praesignet.
1875 3717 2099 3773 Sancto-

391 3839 518 3880 rum
546 3823 677 3876 ante
697 3814 1155 3873 resurrectionem
1185 3825 1299 3865 una
1323 3806 1594 3864 beatitudo
1615 3824 1636 3868 ;
1661 3811 1780 3878 post
1801 3807 2101 3878 duptpx,_

391 3917 545 3972 Bene
565 3914 757 3968 autem
780 3909 908 3978 post
928 3904 1144 3959 damna
1162 3914 1352 3955 rerum
1376 3901 1530 3969 ,post
1544 3898 1744 3952 funera
1767 3897 2097 3968 pignorum,

390 4008 522 4078 post
549 4001 850 4061 cruciatus
882 3995 1212 4057 vulnerum,
1248 3993 1377 4060 post
1407 3987 1728 4043 certamina
1752 4003 2099 4059 pugnasque

461 4187 537 4255 (a)
571 4185 595 4237 1
631 4180 854 4255 Remig.
890 4193 904 4231 :
941 4175 1078 4244 Quia
1112 4181 1168 4228 ut
1315 4168 1740 4240 conjungantur,
1774 4182 1990 4224 necesse
2023 4175 2102 4224 est

391 4263 451 4312 ut
473 4252 821 4311 humilitate.

488 4309 540 4393 b)
582 4323 747 4394 Apud
789 4318 1068 4394 Barthol.,
1111 4314 1340 4380 Remb.,
1382 4311 1536 4378 Coc.,
1579 4314 1636 4366 et
1673 4310 1730 4366 in
1772 4309 1876 4366 Ed.
1925 4311 2098 4370 Basil.

463 4327 540 4451 Sb)
582 4327 747 4404 Apud
790 4327 1068 4404 Barthol.,
1114 4327 1148 4370 tt

391 4400 460 4454 15
498 4397 551 4460 4,
585 4394 680 4448 hic
713 4393 945 4447 additur
974 4404 1148 4460 meus:

457 4456 548 4538 (c)‘
574 4465 863 4521 Umissam
895 4460 953 4514 in
988 4459 1089 4514 Ed.
1122 4456 1304 4512 Vatic.
1337 4458 1392 4511 et
1420 4456 1699 4510 Gussanv.
1743 4469 1941 4510 vocem
1973 4471 2098 4509 mu-

2208 3181 2378 3235 Pater
2406 3180 2586 3250 posuit
2615 3183 2675 3235 in
2703 3197 2805 3237 sua
2834 3187 3095 3254 potestate
3117 3186 3256 3253 (Act.
3293 3202 3335 3252 ι,
3365 3185 3441 3253 7).
3474 3183 3576 3237 Per
3605 3182 3703 3236 hoc
3730 3191 3861 3246 ergo,

2209 3271 2363 3340 quod
2393 3271 2540 3326 beati
2571 3271 2682 3327 Job
2723 3274 2916 3344 passio
2956 3275 3188 3340 dicitur,
3231 3275 3512 3331 docemur
3546 3270 3688 3344 quod
3722 3281 3863 3337 expe-

2209 3358 2407 3414 riendo
2440 3359 2728 3416 novimus.
2777 3362 2884 3416 Per
2913 3363 3022 3419 hoc
3061 3379 3193 3419 vero
3234 3365 3391 3435 quod
3431 3361 3715 3434 quantitas
3748 3362 3866 3411 tem-

2209 3447 2366 3518 poris
2398 3449 2455 3504 in
2489 3450 2759 3521 passione
2789 3451 3078 3519 reticetur,
3107 3455 3389 3509 docemur
3409 3452 3546 3524 quid
3573 3449 3776 3507 nescire
3793 3444 3866 3499 de-

2210 3538 2471 3595 beamus.

2281 3631 2345 3684 In
2378 3629 2615 3702 longum
2649 3632 3003 3703 praefationis
3034 3634 3204 3689 verba
3235 3632 3710 3704 protraximus,ut
3732 3621 3868 3698 quasi

2210 3723 2400 3775 totum
2435 3720 2681 3776 breviter
2720 3722 3162 3793 perstringendo
3206 3723 3599 3796 loqueremur.
3631 3719 3731 3775 Sed
3759 3713 3870 3786 quia

2211 3809 2278 3862 ad
2313 3808 2588 3879 loquendi
2623 3811 2878 3877 initium,
2913 3811 3010 3866 diu
3043 3811 3360 3883 loquendo,
3390 3810 3754 3883 pervenimus,
3789 3805 3871 3857 de-

2210 3896 2410 3952 bemus
2459 3899 2616 3968 prius
2649 3899 2902 3954 historiae
2948 3901 3201 3956 radicem
3255 3903 3453 3974 ﬁgere,
3507 3909 3567 3955 ut
3610 3897 3868 3953 valeamus

2211 3993 2464 4042 mentem
2499 3989 2872 4059 postmodum
2905 3991 2974 4043 de
3002 3990 3412 4061 allegoriarum
3447 3992 3631 4046 fructu
3668 3984 3866 4042 satiare.

2208 4184 2363 4240 nera,
2394 4166 2767 4240 _restituimus
2805 4182 2873 4222 ex
2908 4168 3046 4223 Mss.
3079 4172 3136 4224 et
3163 4169 3592 4240 antiquioribus
3622 4159 3864 4232 Vulgalis-

2285 4238 2572 4319 (dthqcus
2604 4244 2804 4319 notatu
2839 4240 3059 4319 «lignus
3079 4241 3148 4294 ad
3183 4238 3544 4319 probandam
3578 4241 3866 4319 structorum

2211 4300 2651 4382 beatitudinem,
2686 4317 2819 4382 ante
2862 4300 3063 4382 juvdicii
3103 4300 3348 4368 extremi
3391 4314 3564 4367 diem.
3597 4310 3682 4364 Sic
3716 4300 3864 4381 exp“:

2209 4386 2345 4437 cant
2375 4381 2526 4436 hunc
2562 4372 2734 4453 Apoc.
2771 4372 2961 4438 locum
2999 4383 3328 4439 Bernardus
3361 4392 3414 4439 et
3447 4383 3541 4439 alii
3573 4397 3678 4436 non
3709 4372 3865 4449 pauci.

392 4563 3862 4624 Μ

1765 4676 1800 4715 ⁸
1830 4667 2100 4799 pars
2175 4668 2517 4795 prima,

1507 4830 1783 4892 LIBROS
1831 4829 2183 4902 QUINQUE
2227 4832 2802 4893 COMPI.ECTENS

1894 4938 2402 4988 —-¢-§-a-—-——

1697 5052 2036 5139 LIBER
2113 5053 2586 5143 PRIMUS.

707 5202 942 5282 Capitis
969 5195 1160 5280 primi
1191 5194 1338 5256 libri
1364 5189 1478 5253 Job
1514 5188 1747 5269 priores
1775 5205 1971 5282 versus
2006 5194 2270 5268 primum
2311 5188 2622 5282 bistorieo,
2657 5189 2862 5250 deinde
2901 5189 3256 5268 allegorieo,
3285 5197 3579 5269 postremo

1745 5267 1966 5329 morali
2004 5267 2172 5330 sensu
2209 5270 2522 5349 explanat.

945 5435 1186 5493 CAPUT
1227 5431 1540 5490 PRIMUM.

455 5532 628 5588 Vsus.
666 5528 716 5585 1.
753 5556 816 5566 -
852 5527 940 5580 Vir
985 5531 1105 5580 erat
1147 5527 1203 5580 in
1252 5536 1402 5579 terra
1447 5523 1570 5586 (Ius,
1604 5520 1830 5574 nomine
1871 5521 1984 5574 Job.

386 5626 732 5683 Hts'rontcus
764 5631 1064 5672 sensus.-—
1099 5616 1146 5668 1.
1177 5614 1277 5670 Job
1311 5615 1457 5665 inter
1479 5612 1648 5665 malos
1675 5612 1841 5666 bonus
1863 5610 2089 5675 dicitur,

2127 5435 2172 5498 Ι)
2202 5430 2342 5502 quod
2372 5447 2592 5487 summa
2623 5432 2744 5486 laus
2765 5437 2940 5487 est.—-
2965 5430 3181 5486 Idcirco
3199 5431 3438 5486 sanctus
3461 5425 3548 5479 vir
3569 5422 3659 5478 ubi
3681 5413 3863 5502 habita-

2203 5520 2350 5574 verit
2368 5521 2601 5588 dicitur,
2627 5526 2688 5574 ut
2708 5520 2832 5588 ejus
2847 5519 3122 5574 meritum
3142 5517 3369 5574 virtutis
3385 5514 3746 5584 exprimatur.
3764 5501 3861 5557 Hus

2206 5628 2453 5683 namque
2468 5612 2599 5682 quis
2620 5611 3006 5682 nesciatquod
3022 5611 3098 5666 sit
3115 5615 3266 5667 terra
3279 5606 3580 5681 gentilium
3607 5590 3862 5657 ’26611ιὶιί-

459 5754 538 5826 (a)
571 5755 633 5813 In
664 5747 808 5809 Mss.
842 5745 938 5802 hic
957 5741 1166 5800 titulus
1187 5739 1440 5798 occurrit
1473 5755 1485 5792 :
1519 5739 1752 5796 Moratia
1779 5739 1922 5796 beati
1953 5741 2197 5810 Gregorii
2219 5761 2318 5818 per
2346 5745 2867 5818 contemplationem
2890 5745 3205 5818 sumpta.ln
3220 5743 3383 5801 Corb.
3415 5738 3692 5798 omittitur
3733 5726 3858 5786 ὺϐαιί
