4086 6166
319 245 437 304 529

1251 244 1664 306 MORALIUM
1717 244 1858 304 LIB.
1909 246 1956 304 Ι.
2009 278 2082 289 —
2128 246 2206 305 IN
2254 245 2505 305 CAPUT
2551 247 2573 305 Ι
2624 246 2688 305 Β.
2737 245 2900 306 JOB.

3719 247 3842 311 530

311 385 404 435 tas
437 386 633 436 autem
664 394 732 435 eo
763 378 1017 450 obligata
1046 377 1202 435 vitiis
1223 378 1463 445 exstitit,
1487 395 1602 450 quo
1627 378 2019 450 cognitionem
2050 380 2103 447 Α
2134 379 2290 436 ditur
2321 381 2458 451 (Act.
2492 396 2554 448 ιι,
2593 380 2647 450 3)
2682 392 2698 434 :
2730 379 2865 450 quia
2885 377 3223 449 quicunque
3251 377 3350 434 illo
3382 377 3538 450 pleni
3572 382 3728 446 sunt,
3751 379 3837 436 sic

311 470 402 524 sui
424 468 747 525 conditoris
765 467 1513 540 ignoravit.Dicaturitaque
1536 468 1632 524 ubi
1661 468 2023 539 habitaverit,

309 568 372 615 ut
396 560 508 617 hoc
528 561 653 630 ejus
690 559 964 616 laudibus
989 559 1274 631 proﬁciat,
1308 560 1461 630 quod
1496 559 1678 615 bonus
1709 559 1861 614 inter
1904 576 2024 616 ma-

304 650 397 707 los
429 651 561 706 fuit.
591 650 788 722 Neque
815 651 971 707 enim
995 649 1162 706 valde
1185 651 1474 705 laudabile
1502 655 1591 705 est
1636 650 1854 705 bonum
1897 665 2022 706 esse

305 757 447 797 cum
470 740 664 807 bonis,
699 742 797 796 sed
831 742 1050 797 bonum
1073 757 1201 796 esse
1247 756 1376 795 cum
1429 739 1621 794 malis.
1655 739 1817 794 Sicut
1863 740 2020 795 enim

301 831 593 902 gravioris
611 831 794 902 culpae
825 839 930 901 est,
962 831 1114 887 inter
1143 832 1325 887 honos
1359 831 1575 887 bonum
1609 847 1723 886 non
1746 846 1872 886 esse
1904 829 2023 899 ;ita

300 919 588 976 immensi
620 924 708 976 est
738 921 1031 991 praeconii,
1066 920 1283 976 bonum
1316 920 1490 976 etiam
1521 919 1672 976 inter
1704 921 1886 976 malos
1919 935 2022 974 ex-

298 1008 555 1064 stitisse.
590 1008 734 1065 Hinc
765 1013 854 1065 est
877 1010 1027 1082 quod
1053 1008 1237 1065 isdem
1272 1009 1469 1064 beatus
1490 1008 1594 1066 Job
1618 1009 1852 1065 sibimet
1875 1012 2018 1064 atte-

296 1101 517 1165 statur,
551 1098 752 1154 dicens
786 1114 797 1152 :
831 1100 1024 1154 Frater
1050 1100 1135 1168 fui
1164 1098 1488 1166 draconum,
1544 1108 1595 1156 et
1647 1099 1823 1154 socius
1863 1103 2018 1153 stru-

294 1187 563 1243 thionum
609 1188 750 1259 (Job.
801 1205 932 1256 xxx,
988 1188 1102 1259 29).
1156 1188 1302 1244 Hinc
1343 1190 1546 1245 Petrus
1606 1189 1836 1260 magnis
1871 1186 2017 1243 Loth

294 1278 586 1335 laudibus
617 1279 844 1346 extulit,
877 1280 1031 1350 quod
1058 1279 1274 1334 bonum
1296 1279 1448 1336 inter
1483 1278 2018 1350 reprobosinvenit,

294 1369 554 1426 dicens:
619 1371 677 1424 Et
745 1371 950 1438 justum
1006 1369 1138 1424 Loth
1187 1385 1498 1440 oppressum
1553 1387 1588 1425 a
1657 1368 2017 1438 nefandorum

296 1461 384 1529 (a)
419 1459 630 1530 injusta
651 1461 1062 1516 conversatione
1081 1461 1306 1530 eripuit.
1341 1462 1570 1531 Aspectu
1597 1461 1745 1515 enim
1763 1457 2020 1515 etauditu

290 1550 479 1616 iustus
511 1551 647 1617 erat,
697 1549 950 1605 habitans
984 1549 1129 1620 apud
1158 1565 1265 1616 eos,
1299 1551 1394 1620 qui
1423 1550 1486 1605 de
1515 1549 1601 1605 die
1633 1549 1687 1604 in
1722 1549 1865 1604 diem
1897 1548 2021 1602 ani-

293 1654 454 1692 mam
478 1639 867 1710 justiiniquis
903 1640 1152 1710 operibus
1188 1639 1506 1694 cruciabant
1545 1638 1613 1709 (11
1643 1640 1756 1693 Pet.
1792 1640 1918 1704 11,7,
1943 1638 2017 1706 8).

2132 470 2568 526 mansuetudini
2583 468 2974 541 simplicitatis
2993 467 3401 535 inserviunt,ut
3414 471 3618 524 contra
3632 469 3837 540 culpas

2130 563 2597 635 delinquentium
2657 561 2834 618 etiam
2863 560 2986 616 zelo
3020 559 3386 617 rectitudinis
3419 559 3833 617 accendantur.

2130 653 2408 726 Sequitur
2439 668 2453 710 :

2803 740 3038 798 CAPUT
3071 741 3161 798 Ill.

2201 831 2338 887 lam.
2373 862 2441 874 —
2472 834 2677 888 Timens
2707 832 2896 898 Deum,
2924 835 2976 886 et
3005 830 3257 887 recedens
3285 845 3323 886 a
3352 831 3517 888 malo.

2199 923 2251 976 3.
2300 928 2472 978 Deum
2520 924 2714 978 timere
2755 921 2887 994 quid
2917 924 3009 978 sit.
3067 922 3216 977 Bona
3273 921 3437 977 malis
3493 921 3731 978 admista
3760 935 3841 977 re-

2124 1011 2448 1083 probantur.
2482 1045 2551 1053 —
2581 1013 2762 1068 Deum
2813 1012 3015 1067 timere
3061 1014 3150 1067 est
3197 1009 3378 1078 nulla,
3412 1026 3539 1081 qua
3578 1010 3840 1066 facienda

2126 1104 2264 1156 sunt
2294 1101 2447 1156 bona
2479 1101 2791 1173 praterire.
2825 1098 2987 1156 Unde
3017 1115 3119 1170 per
3151 1099 3524 1157 Salomonem
3574 1099 3790 1155 dicitur
3821 1116 3836 1156 :

2128 1190 2234 1259 Qui
2263 1191 2431 1246 Deum
2487 1192 2663 1259 timet,
2692 1191 2836 1246 nihil
2888 1190 3116 1261 negligit
3173 1190 3367 1260 (Eccle.
3417 1205 3514 1255 vu,
3567 1189 3677 1258 19).
3725 1189 3837 1244 Sed

2126 1281 2265 1351 quia
2297 1278 2565 1337 nonnulli
2599 1281 2681 1336 sic
2715 1280 2864 1335 bona
2890 1279 3160 1350 quasdam
3187 1279 3429 1349 faciunt,
3459 1281 3525 1334 ut
3573 1280 3769 1334 tamen
3804 1294 3839 1333 a

2126 1371 2474 1442 quibusdam
2510 1372 2685 1428 malis
2720 1370 2961 1426 minime
2989 1370 3450 1441 suspendantur,
3484 1370 3632 1426 bene
3682 1376 3838 1442 post-

2127 1479 2300 1535 quam
2332 1462 2548 1518 timens
2583 1463 2761 1518 Deum
2796 1460 3028 1528 dicitur,
3054 1460 3330 1518 recedens
3353 1474 3584 1531 quoque
3609 1477 3642 1516 a
3682 1458 3836 1516 malo

2127 1552 2481 1623 perhibetur.
2525 1551 2818 1621 Scriptum
2851 1551 3063 1622 quippe
3091 1554 3221 1606 est:
3258 1549 3482 1606 Declina
3511 1567 3546 1604 a
3583 1550 3750 1618 malo,
3783 1558 3838 1606 et

2123 1644 2212 1711 fac
2255 1643 2455 1696 bonum
2505 1639 2685 1712 (Psal.
2736 1656 2924 1708 xxxvr,
2954 1640 3066 1710 27).
3101 1639 3301 1710 Neque
3349 1639 3504 1694 enim
3541 1638 3687 1695 bona
3717 1639 3832 1696 Deo

293 1727 411 1792 Qui
449 1727 730 1783 nimirum
762 1728 1005 1784 cruciari
1040 1745 1153 1785 non
1187 1734 1400 1801 posset,
1435 1728 1548 1784 nisi
1581 1745 1754 1800 prava
1788 1728 2016 1800 propin-
2050 1753 2097 1819 Β
2127 1739 2356 1802 accepta
2387 1735 2546 1796 sunt,
2579 1732 2679 1786 19
2711 1745 2836 1801 quae
2868 1732 3002 1785 ante
3027 1730 3154 1798 ejus
3177 1728 3376 1784 oculos
3408 1727 3694 1784 malorum
3727 1729 3837 1784 ad-

290 1831 556 1887 quorum
616 1835 787 1890 opera
843 1822 900 1874 et
955 1819 1200 1889 audiret,
1251 1823 1308 1874 et
1365 1824 1646 1876 cerneret.
1707 1819 1772 1873 Et
1824 1824 2018 1874 tamen

286 1916 540 1979 aspectu
567 1913 622 1964 et
645 1907 844 1965 auditu
871 1909 1074 1980 justus
1099 1909 1333 1977 dicitur,
1356 1909 1494 1981 quia
1524 1910 1861 1982 iniquorum
1883 1910 2017 1989 vita,

287 2014 415 2052 non
471 1997 813 2053 delectando
864 1999 1014 2068 justi
1061 2015 1231 2055 aures
1290 2004 1461 2070 atque
1506 2003 1728 2065 oculos,
1773 2001 1872 2055 sed
1929 2001 2016 2055 te-

283 2087 502 2142 riendo
526 2088 606 2158 (b)
640 2089 930 2159 tangebat.
977 2088 1121 2146 Hinc
1153 2089 1371 2144 Paulus
1403 2089 1710 2159 discipulis
1741 2089 1916 2144 dicit:
1955 2091 2014 2145 1η

281 2175 473 2232 medio
528 2176 773 2232 nationis
829 2194 1011 2249 prava
1044 2183 1093 2234 et
1117 2193 1406 2249 perversae,
1441 2179 1586 2234 inter
1644 2195 1776 2250 quos
1823 2180 2014 2234 lucetis

275 2266 438 2322 sicut
475 2265 795 2322 luminaria
828 2268 883 2321 in
917 2268 1122 2324 mundo
1146 2267 1378 2340 (Philip.
1415 2285 1474 2337 ιι,
1513 2269 1620 2339 15).
1657 2268 1883 2339 Hinc(c)
1909 2285 2012 2323 an-

278 2355 416 2424 gelo
459 2355 726 2427 Pergami
755 2355 1010 2413 ecclesia':
1043 2358 1296 2414 dicitur:
1326 2357 1448 2414 Scio
1497 2357 1592 2413 ubi
1622 2357 1856 2424 habitas,
1918 2359 2014 2413 ubi

276 2445 444 2501 sedes
473 2450 554 2501 est
586 2446 806 2503 Satanae
835 2463 857 2508 ,·
887 2456 937 2502 et
968 2455 1114 2503 tenes
1135 2464 1333 2505 nomen
1363 2464 1565 2516 meum,
1591 2453 1642 2504 et
1671 2466 1780 2503 non
1802 2449 2014 2519 negasti

275 2536 467 2605 ﬁdem
497 2553 677 2592 meam
699 2537 888 2608 (Apoc.
912 2538 1101 2610 11.13).
1136 2538 1281 2593 Hinc
1313 2544 1514 2594 sancta
1535 2538 1786 2594 Ecclesia
1809 2539 2008 2610 sponsi

275 2641 431 2682 voce
461 2625 894 2695 laudatur,cum
925 2627 975 2682 ei
996 2627 1055 2684 in
1077 2630 1293 2684 amoris
1316 2629 1550 2684 Cantico
1575 2627 1787 2683 dicitur
1814 2644 1826 2682 :
1860 2627 2012 2683 Sicut

275 2715 484 2770 lilium
510 2716 656 2771 inter
682 2716 889 2787 spinas,
922 2716 1003 2772 sic
1031 2720 1210 2772 amica
1237 2733 1359 2773 mea
1391 2719 1538 2773 inter
1567 2717 1712 2788 ﬁlias
1727 2717 1912 2788 (Cant.
1944 2735 2006 2787 ιι,

272 2807 357 2875 2).
399 2805 560 2861 Bene
595 2822 726 2877 ergo
758 2806 964 2862 beatus
994 2808 1123 2874 Job,
1157 2813 1480 2864 memorata
1505 2813 1651 2865 terra
1681 2808 1905 2880 gentili,
1928 2809 2015 2864 in-

272 2900 367 2952 ter
403 2897 648 2967 iniquos
678 2896 885 2952 vixisse
915 2898 1306 2968 describitur;
1333 2903 1415 2966 ut,
1445 2899 1607 2970 juxta
1639 2898 1833 2970 sponsi
1867 2916 2008 2970 pra-

269 2985 553 3050 conium,
574 2985 723 3042 inter
740 2986 939 3058 spinas
963 2987 1146 3043 lilium
1167 2989 1416 3046 crevisse
1441 2994 1816 3047 monstretur.
1843 2989 2007 3046 Unde

268 3084 441 3135 recte
473 3091 609 3132 mox
632 3076 903 3133 subditur
937 3094 950 3133 ε

926 3169 1154 3225 CAPUT
1186 3170 1252 3226 Il.

341 3262 502 3315 IBID.
538 3289 605 3299 --
634 3258 901 3330 Simplex,
936 3265 988 3315 et
1019 3270 1215 3316 rectus.

327 3349 390 3403 2.
430 3348 527 3404 Job
558 3348 893 3416 simplicitas
925 3357 974 3405 et
1040 3350 1320 3407 rectitudo.
1387 3351 1622 3423 Utraque
1669 3356 1997 3410 necessaria.

263 3469 329 3481 —
367 3437 658 3494 Nonnulli
710 3455 958 3511 namque
999 3439 1080 3495 ita
1119 3444 1260 3496 sunt
1308 3441 1625 3512 simplices,
1663 3448 1726 3497 ut
1777 3449 1997 3500 rectum

270 3529 422 3600 quid
458 3529 535 3584 sit
584 3528 869 3599 ignorent.
927 3529 1032 3586 Sed
1076 3547 1141 3586 eo
1193 3547 1333 3586 verae
1380 3531 1777 3603 simplicitatis
1827 3533 1997 3589 inno-

268 3617 533 3674 centiam
567 3618 862 3689 deserunt,
894 3635 1008 3690 quo
1040 3619 1108 3673 ad
1143 3620 1417 3675 virtutem
1469 3619 1832 3677 rectitudinis
1884 3639 1996 3677 non

268 3710 609 3778 assurgunt
642 3724 655 3774 ;
683 3708 818 3779 quia
840 3709 976 3764 dum
1003 3709 1161 3764 cauti
1183 3726 1307 3766 esse
1337 3727 1437 3784 per
1459 3711 1864 3767 rectitudinem
1900 3728 1997 3766 ne-

266 3797 496 3866 sciunt,
532 3813 899 3870 nequaquam
931 3799 1268 3857 innocentes
1299 3804 1608 3873 persistere
1633 3819 1736 3875 per
1766 3803 1998 3875 simpli-

265 3889 517 3945 citatem
555 3892 817 3958 possunt.
844 3889 989 3944 Hinc
1011 3893 1100 3945 est
1121 3891 1272 3960 quod
1307 3891 1520 3947 Paulus
1553 3890 1871 3964 discipulos
1895 3893 1996 3947 ad-

266 3981 482 4033 monet
513 3977 755 4034 dicens:
812 3978 940 4035 Volo
995 3996 1086 4036 vos
1133 3982 1400 4053 sapientes
1428 3997 1538 4038 esse
1582 3984 1645 4038 in
1678 3982 1831 4049 bono,
1872 3985 1996 4040 sim-

259 4070 450 4140 plices
498 4076 679 4122 autem
728 4070 786 4122 in
815 4071 964 4126 malo
1022 4072 1188 4140 (Rom.
1249 4089 1362 4140 xw,
1425 4073 1533 4143 19).
1583 4072 1724 4128 Hinc
1761 4090 1993 4130 rursum

261 4158 418 4213 dicit
445 4173 459 4211 :
484 4156 667 4213 Nolite
692 4158 852 4229 pueri
881 4162 1034 4231 eﬂici
1061 4162 1326 4232 sensibus,
1357 4162 1451 4217 sed
1492 4163 1717 4220 malitia
1771 4166 1995 4235 parvuli

258 4253 442 4304 estote
489 4246 544 4315 (Ι
569 4247 690 4301 (lor.
740 4265 854 4316 xiv,
884 4249 997 4321 20).
1034 4251 1177 4306 Hinc
1218 4267 1319 4322 per
1368 4254 1739 4324 semetipsam
1772 4253 1994 4312 Veritas

261 4334 586 4408 discipulis
641 4338 921 4411 praecipit,
978 4339 1226 4397 dicens:
1281 4343 1457 4398 Estote
1503 4344 1801 4414 prudentes
1853 4347 1994 4402 sicut

260 4431 578 4497 serpentes,
611 4434 663 4482 et
693 4427 970 4500 simplices
1014 4430 1156 4487 sicut
1187 4431 1459 4488 columba:
1507 4433 1712 4503 (Matth.
1763 4451 1843 4502 x.,
1881 4435 1987 4505 l6).

2133 1820 2402 1876 mistione
2433 1820 2821 1876 maculantur.
2856 1818 3002 1874 Hinc
3034 1833 3288 1888 namque
3318 1833 3420 1889 per
3464 1817 3833 1874 Salomonem

2130 1911 2345 1968 dicitur
2376 1927 2390 1966 :
2424 1911 2526 1978 Qui
2582 1912 2642 1965 in
2692 1925 2802 1964 uno
2857 1907 3163 1980 oﬂenderit,
3214 1907 3391 1963 multa
3448 1906 3594 1964 bona
3650 1909 3841 1979 perdet

2130 2001 2420 2073 (Eccle.1x,
2440 2001 2548 2073 t8).
2569 2001 2711 2058 Hinc
2739 2000 2819 2072 (ά)
2843 1999 3090 2056 Iacobus
3117 2001 3423 2054 attestatur
3444 1998 3676 2056 dicens:
3697 2000 3837 2068 Qui-

2124 2107 2338 2164 cunque
2366 2099 2535 2147 totam
2563 2093 2735 2162 legem
2765 2090 3080 2156 servaverit,
3131 2089 3368 2160 oﬂendat
3397 2097 3585 2146 autem
3613 2091 3673 2145 in
3703 2107 3832 2162 uno,

2122 2185 2306 2253 [actus
2349 2186 2427 2236 est
2454 2182 2703 2236 omnium
2741 2195 2864 2236 reus
2896 2181 3028 2249 (Jac.
3065 2195 3127 2248 ιι,
3162 2179 3269 2247 10).
3302 2178 3447 2233 Hinc
3477 2178 3692 2236 Paulus
3725 2180 3830 2236 ait:

2121 2271 2388 2327 Modicum
2424 2271 2755 2339 fermentum
2804 2275 2970 2324 totam
3027 2282 3263 2321 massam
3299 2269 3603 2338 corrumpit
3633 2268 3677 2338 (l
3711 2268 3830 2324 Cor.

2121 2381 2174 2432 v,
2242 2363 2320 2429 6).
2355 2363 2494 2432 [νει.
2535 2360 2651 2430 HL]
2705 2360 2913 2415 Beatus
2971 2357 3147 2428 igitur
3199 2356 3331 2417 Job.
3367 2361 3430 2412 ut
3485 2358 3833 2414 ostendatur

2122 2467 2298 2525 quam
2357 2451 2615 2506 mundus
2673 2449 2734 2505 in
2783 2449 2949 2506 bonis
2978 2447 3220 2517 exstitit,
3271 2446 3831 2506 solerterindicatur

2121 2558 2292 2613 quam
2328 2541 2554 2597 alienus
2585 2557 2618 2596 a
2649 2539 2820 2594 malis
2851 2539 2980 2594 fuit.

2192 2633 2243 2685 4.
2281 2632 2390 2687 Cur
2417 2630 2648 2685 virtutes
2684 2630 2781 2684 Job
2810 2628 2876 2683 ab
2905 2628 3135 2685 exordio
3173 2627 3574 2684 describantur.
3607 2661 3677 2670 —
3705 2633 3826 2688 Mos

2118 2738 2249 2778 vero
2277 2737 2406 2777 esse
2453 2719 2813 2776 narrantium
2850 2717 3014 2786 solet,
3057 2723 3123 2773 ut
3152 2733 3286 2774 cum
3320 2717 3603 2788 palaestra
3641 2729 3828 2778 certa-

2119 2826 2253 2866 men
2282 2809 2604 2876 insinuanl,
2634 2807 2796 2878 prius
2829 2807 3175 2862 luctantium
3203 2806 3462 2862 membra
3491 2807 3826 2865 describant

2119 2915 2294 2971 quam
2342 2899 2528 2954 latum
2575 2896 2948 2967 validumque
2993 2895 3069 2952 sit
3099 2899 3320 2967 pectus,
3369 2911 3542 2967 quam
3592 2914 3824 2969 sanum,

2119 3006 2294 3062 quam
2328 2989 2482 3060 pleni
2505 2991 2772 3044 tumeant
2793 2986 3014 3054 lacerti,
3038 3002 3212 3057 quam
3237 2987 3663 3058 subterpositus
3685 3004 3823 3044 ven-

2115 3089 2205 3139 ter
2235 3097 2337 3136 neo
2370 3079 2520 3136 mole
2563 3081 2781 3150 gravet,
2815 3093 2920 3134 nec
2959 3076 3370 3133 extenuatione
3422 3075 3681 3133 debilitet
3714 3092 3727 3144 ;
3763 3081 3826 3134 ut

2033 3133 2082 3201 ο
2114 3189 2246 3229 cum
2281 3171 2440 3242 prius
2472 3173 2639 3241 aptos
2681 3166 2984 3224 certamini
3034 3170 3195 3222 artus
3243 3165 3627 3237 ostenderint,
3681 3171 3823 3224 tunc

2111 3265 2348 3319 demum
2383 3277 2605 3333 magna:
2636 3258 2998 3316 fortitudinis
3038 3257 3188 3316 ictus
3219 3261 3475 3314 narrent.
3513 3256 3660 3323 Quia
3689 3273 3823 3329 ergo

2111 3355 2331 3410 athleta
2379 3356 2577 3409 noster
2619 3355 2819 3408 contra
2872 3349 3170 3406 diabolum
3220 3349 3410 3405 fuerat
3474 3352 3820 3418 certaturus,

2111 3445 2274 3517 quasi
2305 3449 2437 3500 ante
2469 3460 2655 3499 arenae
2683 3441 3098 3516 spectaculum,
3125 3457 3301 3497 sacras
3345 3439 3591 3512 scriptor
3634 3439 3820 3496 histo-

2110 3537 2204 3591 riae
2226 3535 2281 3590 in
2306 3533 2521 3589 athleta
2550 3533 2658 3588 hoc
2680 3532 2975 3605 spiritales
2995 3531 3240 3586 virtutes
3263 3545 3635 3596 enumerans,
3664 3544 3818 3584 men-

2107 3624 2184 3680 tis
2217 3620 2479 3679 membra
2508 3618 3026 3690 describit,dicens
3051 3637 3064 3674 :
3089 3621 3221 3674 Erat
3247 3621 3336 3674 vir
3358 3617 3460 3673 ille
3481 3615 3742 3688 simplex,
3762 3622 3818 3672 et

2109 3717 2302 3777 rectus,
2335 3725 2398 3763 ac
2442 3710 2641 3763 timens
2693 3707 2884 3774 Deum,
2917 3710 2970 3760 et
3002 3702 3250 3759 recedens
3280 3717 3315 3756 α
3335 3702 3506 3771 malo,
3557 3706 3640 3771 ut,
3673 3702 3815 3757 dum

2107 3801 2508 3857 membrorum
2542 3804 2751 3873 positio
2784 3820 2994 3873 magna
3028 3800 3418 3875 cognoscitur,
3449 3814 3517 3854 ex
3555 3798 3663 3854 hac
3694 3798 3820 3868 ipsa

2097 3894 2224 3965 jam
2260 3895 2388 3949 forti
2421 3893 2706 3966 positione
2737 3894 3103 3965 subsequens
3133 3892 3307 3948 etiam
3330 3889 3566 3946 victoria
3598 3901 3816 3958 pramo-

2105 3989 2319 4043 scatur.
2351 3984 2628 4056 Sequitur
2657 4001 2671 4042 :

2813 4074 3046 4132 CAPUT
3077 4073 3170 4130 ιν.

2173 4169 2347 4226 Vens.
2407 4169 2461 4223 2.
2522 4198 2588 4211 —
2646 4168 2880 4239 Natique
2931 4172 3061 4222 sunt
3112 4165 3164 4219 ei
3219 4165 3421 4235 septem
3443 4159 3554 4230 ﬁlii
3599 4163 3649 4216 et
3706 4167 3814 4216 tres

2101 4261 2241 4403 ﬁt:
2272 4348 2544 4405 Filiorum
2588 4346 2880 4404 multitudo
2927 4362 3053 4402 eum
3091 4343 3161 4400 ad
3207 4341 3512 4400 avaritiam
3554 4356 3664 4396 non
3698 4338 3816 4411 pel-

2103 4439 2257 4497 lexit.
2288 4471 2354 4483 —
2385 4444 2543 4512 Saepe
2573 4439 2646 4494 ad
2676 4437 2980 4495 avaritiam
3004 4451 3103 4494 cor
3132 4432 3388 4506 parentis
3414 4430 3580 4487 illicit
3611 4431 3815 4487 fecun-

267 4515 533 4588 Utraque
562 4515 717 4572 enim
749 4519 1078 4576 necessario
1102 4521 1162 4576 in
1194 4522 1592 4578 admonitione
1639 4524 1939 4594 conjunxit
1971 4546 1985 4596 ;
2020 4517 2069 4580 D
2102 4532 2251 4587 ditas
2284 4531 2480 4603 prolis.
2517 4530 2592 4586 Eo
2623 4529 2780 4586 enim
2827 4529 2896 4584 ad
2931 4528 3217 4584 ambitum
3249 4522 3666 4595 congregandos
3699 4521 3813 4576 he:-

268 4612 430 4663 utet
477 4605 906 4678 simplicitatem
961 4609 1242 4667 columbas
1287 4613 1502 4668 atutia
1563 4615 1848 4685 serpentis
1906 4616 1992 4671 in-

267 4701 550 4764 strueret,
583 4703 640 4754 et
671 4716 901 4756 rursum
937 4703 1226 4774 serpentis
1248 4703 1524 4759 astutiam
1548 4704 1831 4760 columbae
1851 4706 1992 4763 sim-

268 4789 512 4863 plicitas
542 4793 911 4863 temperaret.
945 4792 1090 4850 Hinc
1131 4798 1218 4850 est
1247 4796 1404 4866 quod
1458 4802 1697 4854 sanctus
1748 4799 1994 4871 Spiritus

271 4877 649 4950 praesentiam
683 4895 844 4935 suam
871 4879 1228 4951 hominibus,
1263 4900 1377 4939 non
1399 4884 1456 4939 in
1476 4885 1738 4942 columba
1770 4888 1994 4944 solum-

269 4968 474 5034 modo,
508 4968 608 5024 sed
640 4969 816 5025 etiam
848 4970 906 5027 in
939 4972 1071 5043 igne
1101 4974 1368 5044 patefecit
1399 4976 1618 5044 (Matth.
1650 4994 1730 5044 ιιι,
1757 4979 1841 5045 ll,
1880 4981 1989 5047 16)⁸

270 5059 384 5114 Per
415 5057 747 5114 columbam
799 5060 1016 5133 quippe
1063 5064 1432 5136 simplicitas,
1469 5083 1568 5138 per
1617 5068 1808 5138 ignem
1860 5086 1991 5128 vero

269 5147 439 5205 zelus
471 5146 781 5205 indicatur.
815 5149 878 5206 In
902 5150 1173 5210 columba
1194 5153 1393 5227 igitur,
1428 5163 1479 5211 et
1522 5156 1577 5211 in
1625 5157 1757 5229 igne
1792 5163 1987 5216 osten.

284 5376 294 5384 '
348 5371 996 5457 (a)APle_rique,'injuria
1023 5383 1445 5457 conversatione.
1483 5383 1708 5440 Primus
1738 5385 1985 5456 Remig.,

273 5463 309 5526 ρ
339 5447 716 5526 nefandorum
745 5448 961 5508 iniuria
990 5455 1036 5505 et
1057 5456 1463 5510 conversatione
1493 5459 1710 5526 eripuit.
1749 5457 1810 5512 in
1862 5447 1986 5512 051;

273 5519 443 5584 bert.,
479 5518 759 5584 impudica
785 5535 1024 5578 convers.

345 5591 419 5670 (ἐξ)
450 5588 645 5674 Cor_b.,
677 5605 785 5645 non
816 5595 1108 5674 iungebant
1139 5612 1157 5648 .°
1201 5600 1256 5651 et
1306 5597 1476 5669 paulo
1530 5606 1679 5667 ante,
1714 5599 1984 5657 secundis

280 5677 457 5731 curis,
493 5670 626 5714 vitta
658 5678 758 5731 pro
786 5670 918 5719 vita.

353 5733 430 5807 (c)
451 5731 636 5790 Vatic.
660 5739 711 5788 et
732 5733 1040 5810 Gussanv.,
1064 5745 1117 5795 et
1139 5756 1284 5814 pene
1314 5755 1517 5799 omnes
1540 5742 1680 5800 Mss.
1692 5785 1706 5816 ,
1731 5743 1860 5801 hinc
1884 5760 1984 5802 an-

2100 4623 2365 4681 reditatis
2396 4621 2754 4687 accenditur,
2791 4636 2904 4692 quo
2933 4617 3134 4674 multis
3167 4613 3492 4672 haeredihus
3535 4612 3814 4669 fecunda-

2100 4719 2215 4770 tur.
2264 4712 2336 4769 Ut
2373 4729 2507 4784 ergo
2564 4710 2715 4766 beati
2764 4710 2870 4765 Job
2922 4725 3097 4780 quam
3158 4710 3356 4762 sancta
3398 4718 3563 4758 mens
3621 4700 3807 4767 fuerit,

2101 4803 2460 4872 ostendatur,
2509 4801 2787 4871 etjustus
2829 4799 3062 4864 dicitur,
3096 4803 3148 4853 et
3180 4794 3372 4850 multa:
3421 4789 3599 4863 prolis
3650 4794 3812 4859 pater

2100 4892 2282 4949 fuisse
2301 4891 2656 4964 perhibetur.
2689 4890 2762 4961 (e)
2784 4888 2892 4952 Qui
2922 4889 2980 4942 in
3014 4885 3148 4942 libri
3180 4883 3270 4940 sui
3304 4879 3536 4937 exordio
3566 4877 3808 4932 devotus

2100 4983 2403 5040 sacriﬁciis
2431 4981 2738 5038 oﬁerendis
2762 4979 3059 5045 asseritur,
3094 4980 3388 5047 promptus
3411 4975 3605 5025 autem
3630 4966 3806 5039 largi-

2097 5075 2314 5131 talibue
2337 5075 2507 5130 etiam
2537 5077 2722 5144 posta
2743 5069 3053 5140 semetipso
3078 5068 3453 5120 memoratur.
3486 5063 3807 5114 Pensemus

2097 5181 2230 5237 ergo
2278 5168 2498 5237 quanta
2529 5160 2869 5219 fortitudine
2900 5156 3180 5230 praditus
3223 5150 3462 5218 exstitit,
3517 5163 3691 5220 quem
3733 5147 3803 5205 ad

2093 5383 2210 5453 gelo
2242 5379 2497 5451 Pergami
2526 5376 2806 5453 Ecclesiae.

2165 5454 2248 5521 (d)
2281 5441 2441 5508 Unus
2474 5465 2540 5504 ex
2576 5447 2823 5521 Remig._,
2858 5446 2988 5521 hinc
3003 5443 3248 5521 Jacobus
3280 5441 3579 5521 apostolus.

2164 5509 2243 5593 (e)
2268 5521 2500 5592 Vulgati
2522 5535 2723 5576 omnes
2745 5509 2893 5594 ἴρηξ
2913 5519 2973 5594 in
2996 5515 3128 5594 libri
3151 5509 3332 5587 hujus}
3361 5513 3626 5594 F_ortasse
3643 5509 3801 5594 (λᾳρᾲ

2095 5584 2356 5650 Εᾶὶιὸιέε
2382 5584 2503 5648 non
2535 5584 2836 5648 censerent
2881 5589 2972 5647 hic
3018 5587 3133 5644 dici
3169 5584 3340 5660 posse
3390 5585 3607 5657 Latine,
3665 5584 3799 5640 libri

2092 5668 2199 5738 sui,
2234 5670 2297 5724 ut
2327 5664 2574 5722 habetur
2604 5664 2662 5720 in
2697 5661 2862 5734 Mss.,
2895 5662 2994 5719 sed
3017 5658 3442 5737 scrupulosius.
