4086 6166
343 235 457 294 531

1610 229 1882 288 SANGTI
1928 229 2301 290 GREGORII
2350 227 2595 288 MAGNI

3720 233 3823 293 532

345 365 1002 423 hareditatistenaciam
1037 381 1140 421 nec
1173 369 1256 421 tot
1286 365 1578 421 haeredum
1613 364 1855 421 aﬂ'eotus
1886 364 2050 419 incli-
2080 366 2130 432 Α
2160 379 2392 434 gensque
2437 363 2682 418 diluculo
2731 362 2988 432 oﬁerebat
3047 363 3369 419 holocausta
3421 379 3516 434 per
3567 366 3826 437 singulos.

343 455 522 512 navit.
553 455 826 525 Sequitur
856 469 872 510 :

877 544 1110 601 CAPUT
1150 545 1195 597 v
1235 545 1384 615 [Vet.
1405 542 1512 614 1V}.

415 637 584 691 Vens.
631 637 683 691 3.
737 668 804 675 --
849 638 912 689 Et
961 637 1070 704 fuit
1120 634 1380 705 possessio
1433 635 1548 704 ejus
1594 638 1799 702 septem
1857 632 2046 687 millia

345 729 548 792 ovium,
572 730 621 781 et
647 728 757 781 tria
779 725 961 779 millia
983 725 1334 789 camelorum,
1359 726 1661 795 quingenta
1681 739 1888 794 quoque
1913 724 2046 792 juga

344 818 598 883 boum,et
641 818 963 886 quingentae
999 813 1195 879 asinae,
1237 831 1300 868 ac
1337 813 1558 886 familia
1602 815 1776 867 multa
1815 812 2042 868 nimise.

414 908 467 960 6.
521 906 654 976 Opes
701 907 820 959 sine
868 919 1055 959 amore
1093 903 1353 973 possedit.
1381 935 1445 944 —
1479 903 1731 970 Scimus,
1784 903 1916 973 quia
1977 901 2048 956 ad

347 997 623 1065 majorem
659 993 918 1049 dolorem
964 998 1220 1049 mentem
1267 998 1636 1048 commovent
1683 995 1894 1047 damna
1927 1008 2052 1046 ma-

339 1086 490 1154 jora.
527 1083 596 1137 Ut
629 1083 806 1154 igitur
843 1085 1212 1148 ostendatur,
1260 1089 1492 1153 quantas
1532 1083 1765 1138 virtutis
1805 1082 2050 1151 exstitit,

347 1173 595 1228 multum
630 1173 810 1228 fuisse
841 1174 1074 1234 dicitur,
1109 1174 1263 1243 quod
1305 1174 1589 1244 patienter
1629 1173 1844 1227 amisit.
1888 1175 2053 1227 Nun-

345 1278 522 1334 quam
555 1263 772 1333 quippe
817 1263 944 1317 sine
986 1264 1184 1318 dolore
1225 1262 1538 1327 amittitur,
1582 1263 1688 1317 nisi
1734 1263 1888 1332 quod
1931 1262 2053 1316 sine

345 1368 544 1407 amore
576 1353 922 1421 possidetur.
958 1354 1158 1422 Itaque
1188 1353 1326 1406 dum
1359 1352 1690 1408 substantia
1724 1367 1937 1422 magna
1959 1353 2055 1407 de-

346 1440 641 1509 scribitur,
675 1447 730 1496 et
762 1447 958 1496 tamen
992 1441 1163 1513 paulo
1198 1446 1327 1512 post
1359 1442 1646 1510 patienter
1673 1442 1890 1497 amissa
1923 1458 2055 1512 per-

346 1531 614 1598 hibetur;
649 1548 825 1602 quam
852 1533 973 1587 sine
995 1531 1192 1587 dolore
1215 1532 1487 1603 perdidit,
1516 1536 1744 1587 constat
1765 1531 1902 1603 quia
1923 1533 2054 1587 sine

349 1635 546 1674 amore
585 1621 860 1689 possedit.
904 1619 1236 1676 Notandum
1279 1636 1506 1690 quoque
1536 1628 1637 1687 est,
1681 1621 1835 1691 quod
1889 1619 2052 1691 prius

2230 481 2314 535 10.
2349 481 2511 534 Nulla
2538 495 2676 550 pene
2703 479 2957 534 convivia
2986 479 3107 535 sine
3136 479 3320 550 culpa,
3351 485 3566 551 propter
3603 484 3828 553 volupta-

2160 574 2263 625 tem
2295 577 2345 623 et
2368 571 2763 639 loquacitatem.
2796 599 2861 611 -—
2884 567 3026 623 Cum
3052 568 3287 636 dicitur,
3311 570 3556 624 mittebat
3580 580 3627 626 et
3650 575 3830 629 sancti-

2159 660 2352 729 ﬁcabat
2396 660 2535 723 illos,
2580 664 2774 729 aperte
2814 658 3247 713 demonstratur
3291 660 3429 730 quid
3473 661 3831 718 districtionis

2158 765 2296 819 erga
2323 747 2452 802 illos
2479 764 2731 818 praesens
2753 753 2966 818 ageret,
2991 748 3207 819 quibus
3231 749 3437 804 absens
3471 749 3834 808 sollicitudine

2161 855 2272 893 non
2307 838 2554 892 deesset.
2598 837 2707 892 Sed
2749 837 2858 893 hoc
2901 837 3065 892 nobis
3101 841 3189 893 est
3228 837 3471 894 solerter
3510 839 3836 896 intuendum

2164 928 2337 998 quod,
2355 927 2598 998 peractis
2612 926 2818 983 diebus
2831 927 3100 995 convivii,
3116 927 3380 998 purgatio
3398 928 3469 999 (b)
3484 944 3581 998 per
3593 929 3836 1003 singulos

2164 1016 2474 1072 adhibetur
2496 1015 2841 1072 holocausti.
2867 1017 2968 1071 Vir
2990 1019 3204 1089 quippe
3228 1025 3463 1074 sanctus
3477 1022 3841 1092 noveratquia

2164 1107 2439 1163 celebrari
2491 1108 2752 1163 convivia
2801 1108 2926 1163 sine
2975 1109 3144 1179 culpa
3193 1109 3283 1164 vix
3332 1118 3584 1180 possent.
3617 1111 3842 1167 Noverat

2165 1197 2300 1268 quia
2334 1214 2545 1269 magna
2577 1197 2916 1268 purgatione
2949 1199 3370 1255 sacrificiorum
3405 1200 3682 1256 diluenda:
3712 1207 3838 1257 sunt

2163 1287 2342 1358 epulae
2385 1287 2818 1355 conviviorum;
2862 1292 2918 1342 et
2960 1287 3240 1360 quidquid
3286 1290 3345 1344 in
3389 1290 3708 1362 semetipsis
3748 1291 3841 1347 ﬁlii

2164 1377 2535 1432 convivantes
2566 1377 3029 1448 inquinaverant,
3065 1387 3223 1449 pater
3263 1380 3613 1436 sacriﬁcium
3651 1382 3844 1438 immo-

2165 1467 2338 1524 lando
2362 1469 2635 1540 tergebat.
2661 1469 2948 1525 Nonnulla
2973 1470 3188 1542 quippe
3208 1477 3348 1526 sunt
3371 1472 3514 1528 vitia
3532 1489 3651 1544 qua:
3669 1490 3700 1529 a
3719 1489 3843 1529 con-

2163 1558 2328 1613 viviis
2359 1563 2458 1614 aut
2485 1559 2736 1630 separari
2771 1560 2859 1614 vix
2891 1567 3150 1630 possunt,
3180 1565 3280 1616 aut
3313 1565 3469 1618 certe
3500 1578 3841 1634 nequaquam

2163 1653 2429 1718 possunt.
2464 1649 2531 1720 (c)
2566 1649 2710 1705 Pene
2742 1665 2973 1721 semper
3001 1650 3154 1706 enim
3187 1652 3394 1722 epulas
3427 1655 3724 1708 comitatur
3751 1669 3845 1708 vo-

350 1708 540 1810 ξοξάιίδ
581 1707 818 1806 divum”
854 1712 911 1763 et
949 1713 1101 1810 Ρρθίν
1129 1724 1281 1810 ,ορεῗῗ
1320 1709 1578 1810 οιοτροτίε
1617 1709 2050 1810 ἀεξοτίδιξξημνι
2087 1737 2130 1801 Β
2164 1707 2380 1809 luptas.
2415 1707 2557 1793 Nam
2594 1740 2732 1794 dum
2766 1707 2974 1810 corpus
3017 1740 3076 1794 in
3119 1707 3844 1799 refe‘ctionisdelectatione

345 1795 505 1851 Solet
528 1796 684 1852 enim
719 1813 913 1852 rerum
949 1797 1311 1852 abundantia
1341 1801 1501 1852 tanto
1552 1797 1740 1868 magis
1787 1814 1818 1851 a
1857 1797 2052 1855 divino

349 1886 560 1942 timore
588 1893 838 1941 mentem
863 1886 1104 1954 solvere,
1131 1891 1353 1957 quanto
1377 1888 1560 1958 magis
1587 1887 1738 1942 hanc
1761 1887 1938 1958 exigit
1963 1889 2056 1943 di-

349 1992 518 2032 versa
548 1978 821 2048 cogitare.
855 1976 996 2032 Nam
1030 1980 1167 2034 dum
1200 1995 1300 2049 per
1331 1978 1512 2034 multa
1542 1979 1860 2049 spargitur,
1904 1987 2057 2034 stara

352 2068 409 2122 in
443 2068 670 2122 intimis
703 2068 813 2122 lixa
844 2069 1204 2137 prohibetur.
1235 2069 1396 2132 Quod
1425 2085 1525 2138 per
1548 2069 1922 2140 semetipsam
1952 2069 2059 2124 Ve-

349 2158 514 2223 ritas,
548 2172 679 2211 cum
707 2157 1037 2228 parabolam
1064 2158 1409 2214 seminantis
1428 2163 1756 2228 exponeret,
1784 2158 2061 2214 indicavit

352 2245 555 2299 dicens
589 2261 602 2298 :
637 2247 744 2312 Qui
772 2249 1070 2301 seminatus
1097 2256 1175 2302 est
1203 2247 1264 2301 in
1292 2247 1488 2316 spinis,
1532 2248 1623 2303 hic
1660 2256 1758 2312 est,
1801 2251 1894 2320 qui
1932 2263 2060 2302 ver-

350 2337 478 2389 bum
509 2335 688 2399 audit,
721 2344 770 2390 et
803 2335 1112 2391 sollicitudo
1140 2337 1331 2391 saeculi
1359 2339 1540 2404 istius,
1574 2346 1624 2392 et
1652 2339 1880 2407 fallacia
1911 2337 2058 2392 divi-

351 2425 575 2491 tiarum,
603 2424 834 2494 suﬂocat
868 2426 1106 2494 verbum,
1141 2433 1191 2481 et
1213 2428 1331 2480 sine
1349 2428 1538 2495 fructu
1570 2427 1813 2497 efﬁcitur
1842 2429 1859 2477 (
1867 2427 2058 2482 Matth.

352 2530 472 2582 xm,
512 2515 578 2567 22
615 2534 629 2581 ;
675 2516 800 2570 Luc.
847 2533 969 2582 vm,
1010 2517 1064 2582 7,
1106 2517 1177 2583 8;
1221 2518 1381 2573 Marc.
1427 2534 1500 2584 1v,
1545 2519 1620 2588 7).
1670 2518 1812 2574 Ecce
1855 2519 2060 2573 beatus

353 2604 462 2660 Job
493 2607 549 2658 et
580 2604 766 2659 multa
799 2606 1097 2675 possidere
1129 2606 1361 2675 dicitur,
1394 2613 1451 2662 et
1484 2606 1650 2678 paulo
1676 2612 1809 2678 post
1851 2607 2062 2662 divinis

359 2691 664 2747 sacrificiis
699 2694 985 2748 instanter
1013 2695 1300 2749 deservire
1334 2695 1685 2766 perhibetur.

430 2782 486 2838 7.
521 2782 724 2838 Cuncta
749 2784 869 2853 jam
917 2783 1074 2838 corde
1120 2785 1438 2854 reliquerat.
1483 2816 1552 2826 —
1611 2785 2063 2842 Consideremus

362 2885 498 2942 ergo
521 2872 688 2941 cujus
712 2873 1034 2927 sanctitatis
1057 2873 1162 2928 iste
1179 2875 1266 2927 vir
1288 2874 1480 2939 fuerit,
1506 2875 1603 2944 qui
1629 2876 1698 2929 ad
1724 2880 1840 2930 tam
1864 2876 2066 2929 sedula

363 2960 466 3015 Dei
497 2960 798 3030 obsequia,
823 2967 877 3015 et
907 2963 991 3014 sic
1023 2967 1340 3033 occupatus
1369 2966 1608 3018 vacavit.
1646 2964 1904 3021 Necdum
1929 2983 2068 3036 prie-

361 3047 514 3117 cepti
543 3049 724 3102 virtus
755 3049 1093 3119 emicuerat,
1128 3068 1253 3121 qua:
1286 3054 1483 3108 omnia
1513 3053 1756 3124 relinqui
1793 3055 2064 3125 praecipe-

362 3141 484 3204 ret;
519 3139 615 3191 sed
647 3143 843 3193 tamen
868 3141 1066 3195 beatus
1087 3141 1195 3196 Job
1219 3141 1482 3211 ejusdem
1507 3144 1632 3212 jam
1663 3145 2065 3215 praeceptionis

364 3227 481 3282 vim
505 3228 676 3283 corde
701 3229 994 3296 servabat;
1022 3230 1160 3300 quia
1184 3231 1462 3287 nimirum
1489 3235 1880 3291 substantiam
1899 3251 2068 3290 suam

367 3321 563 3372 mente
595 3317 695 3373 20
727 3318 1059 3389 reliquerat,
1103 3337 1279 3391 quam
1314 3321 1440 3377 sine
1469 3322 1847 3380 delectatione
1878 3326 2074 3397 possi-

369 3406 563 3462 debat.

1041 3501 1267 3557 CAPUT
1309 3503 1403 3558 Vl.

441 3587 581 3642 IBID.
614 3619 682 3628 —
713 3590 947 3660 Eratque
977 3593 1064 3645 vir
1089 3592 1186 3648 ille
1212 3610 1445 3664 magnus
1475 3597 1621 3651 inter
1649 3611 1831 3652 omnes
1872 3596 2072 3652 Orien-

369 3675 534 3733 tales.

441 3769 493 3821 8.
530 3768 754 3835 Quantis
784 3768 995 3825 divitiis
1028 3775 1308 3842 afﬂueret.
1340 3804 1399 3814 —
1425 3774 1748 3831 Orientales
1771 3775 1925 3831 viros
1947 3790 2075 3832 esse

370 3857 697 3927 praedivites
716 3859 849 3929 quis
873 3860 1139 3931 ignorat?
1162 3862 1410 3932 Magnus
1434 3880 1570 3935 ergo
1590 3867 1739 3920 inter
1755 3863 2077 3920 Orientales

370 3945 611 4012 exstitit,
638 3963 701 4003 ac
726 3949 771 4002 si
798 3957 992 4019 aperte
1014 3951 1304 4007 diceretur
1333 3970 1345 4005 :
1371 3954 1507 4024 quia
1527 3963 1579 4010 et
1612 3955 1887 4011 divitibus
1905 3954 2080 4010 ditior

370 4035 502 4092 fuit.

1024 4130 1255 4186 CAPUT
1297 4132 1420 4186 VII.

445 4213 621 4270 Vens.
665 4216 789 4269 4.-
822 4221 887 4272 Et
927 4219 1082 4274 ibant
1111 4221 1222 4288 ﬁlii
1248 4223 1384 4290 ejus,
1417 4225 1466 4275 et
1495 4221 1773 4290 faciebant
1819 4224 1893 4295 (a)
1935 4240 2078 4279 con-

372 4302 515 4356 vivia
544 4319 644 4372 per
673 4304 875 4372 domos,
911 4311 1285 4380 unusquisque
1315 4311 1374 4364 in
1406 4309 1495 4364 die
1517 4326 1615 4365 suo
1654 4328 1674 4366 .·
1715 4317 1764 4367 et
1804 4315 2081 4368 mittentes

373 4391 640 4444 vocabant
682 4399 788 4448 tres
830 4411 1043 4452 sorores
1084 4413 1229 4463 suas,
1275 4401 1332 4452 ut
1369 4400 1708 4456 comederent
1743 4407 1792 4456 et
1838 4402 2081 4458 biberent

375 4494 500 4534 cum
523 4495 620 4533 eis.

445 4567 500 4620 9.
551 4567 872 4626 Substanlia
901 4572 1195 4629 dividenda
1251 4576 1398 4632 inter
1449 4579 1612 4649 filios,
1670 4596 1860 4636 eorum
1920 4583 2081 4638 corda

381 4670 485 4710 non
529 4653 731 4711 divisit.
782 4689 850 4699 —-
891 4659 1049 4715 Solet
1094 4661 1245 4718 inter
1273 4664 1477 4721 fratres
1512 4667 1698 4738 major
1729 4671 2076 4739 substantia,

377 4745 682 4800 discordiae
717 4747 838 4804 ﬁeri
869 4749 1147 4820 gravioris
1180 4769 1376 4809 causa.
1410 4755 1454 4808 Ο
1488 4756 1952 4815 inaestimabilem
1989 4779 2084 4833 pa-

377 4842 558 4892 ternas
583 4837 971 4896 institutionis
998 4841 1264 4898 laudeml
1301 4845 1369 4900 Et
1392 4851 1552 4916 pater
1574 4849 1734 4904 dives
1759 4852 1992 4919 dicitur,
2025 4857 2082 4908 et

379 4928 484 4982 ﬁlii
509 4930 825 4986 concordes
841 4937 1204 4989 asseruntur.
1233 4935 1298 4989 Et
1321 4937 1460 4992 dum
1485 4939 1796 4996 dividenda
1820 4943 1969 4998 inter
1986 4960 2083 5000 eos

380 5019 707 5076 substantia
738 5023 954 5094 aderat,
981 5023 1154 5080 corda
1178 5030 1370 5082 tamen
1394 5031 1657 5085 omnium
1683 5031 1929 5089 indivisa
1950 5033 2085 5090 cha-

379 5109 520 5164 ritas
554 5111 830 5184 replebat.

753 5202 981 5258 CAPUT
1021 5204 1143 5260 VIII
1173 5207 1308 5277 [νει.
1347 5209 1401 5276 ν,
1434 5211 1556 5265 Rec.
1592 5211 1706 5282 IV].

455 5284 625 5340 Vsus.
659 5290 710 5342 5.
749 5321 813 5331 -
843 5293 1080 5364 Cumque
1121 5299 1176 5350 in
1218 5298 1398 5353 orbem
1445 5304 1766 5358 transissent
1801 5304 1912 5358 dies
1954 5321 2083 5360 con-

383 5373 541 5438 vivii,
574 5379 822 5434 mittebat
865 5381 934 5435 ad
979 5400 1064 5439 eos
1107 5387 1216 5455 iob,
1266 5394 1316 5443 et
1357 5393 1733 5462 sanctiﬁcabat
1771 5393 1916 5464 illos,
1960 5412 2086 5450 sur-

557 5555 697 5648 ges.
724 5561 1079 5648 ethertbol”
1110 5568 1382 5634 faciebant
1409 5574 1717 5631 convivium
1746 5593 1845 5648 per
1873 5579 2080 5636 domos.

383 5624 521 5682 Aliaé
557 5629 684 5695 Ed,
719 5633 988 5687 convivia.

452 5699 529 5773 (b)
560 5700 797 5758 Plurimi
834 5701 994 5772 Mss.,
1026 5722 1122 5778 pro
1153 5709 1410 5780 singulis.

2167 1827 2494 1894 resolvitur,
2537 1843 2635 1881 cor
2690 1828 2760 1882 ad
2807 1828 2977 1883 inane
3025 1830 3303 1899 gaudium
3361 1829 3665 1888 relaxatur.
3705 1831 3845 1886 Unde

2165 1917 2447 1987 scripturn
2482 1921 2571 1971 est
2600 1933 2613 1970 :
2649 1917 2803 1971 Sedit
2827 1919 3066 1988 populus
3105 1919 3445 1975 manducare
3484 1930 3535 1976 et
3576 1921 3764 1990 bibere,
3795 1924 3842 1976 et

2164 2018 2527 2065 surrexerunt
2554 2009 2738 2065 ludere
2766 2010 2959 2079 (Exod.
2996 2027 3168 2079 xxx",
3203 2014 3280 2083 6).

2240 2129 2325 2184 11.
2361 2129 2509 2184 Pene
2540 2145 2769 2200 semper
2798 2129 3001 2200 epulas
3032 2129 3355 2200 loquacitas
3390 2133 3677 2204 sequitur;
3707 2148 3846 2188 cum-

2169 2234 2281 2289 que
2314 2223 2513 2274 venter
2556 2219 2828 2286 reﬁcitur,
2871 2219 3068 2291 lingua
3108 2219 3480 2278 diﬂ'renatur.
3522 2221 3669 2277 Unde
3709 2229 3842 2276 recte

2168 2308 2326 2360 dives
2358 2305 2516 2378 apud
2557 2307 2771 2362 inferos
2811 2324 3023 2378 aquam
3057 2317 3330 2379 appetere
3371 2310 3720 2376 describitur,
3759 2309 3846 2362 di-

2169 2413 2303 2451 cens
2347 2411 2357 2448 :
2407 2401 2574 2451 Pater
2613 2396 2912 2462 Abraham,
2944 2397 3204 2452 miserere
3245 2398 3381 2467 mei,
3409 2409 3458 2455 et
3497 2401 3649 2455 mitte
3682 2399 3840 2453 Law-

2168 2503 2314 2553 rum,
2347 2486 2424 2556 (ιΙ)
2458 2494 2516 2540 ut
2547 2487 2790 2555 intingat
2827 2493 3132 2542 extremum
3160 2487 3327 2557 digiti
3354 2491 3447 2544 sui
3476 2489 3534 2544 in
3571 2505 3777 2560 aquam,
3803 2490 3848 2542 et

2169 2578 2454 2646 refrigeret
2483 2575 2732 2646 linguam
2771 2591 2968 2643 meam,
2997 2575 3131 2646 quia
3161 2581 3387 2635 crucior
3420 2580 3476 2634 in
3524 2579 3620 2634 hac
3644 2580 3847 2648 flamma

2171 2666 2321 2735 (Luc.
2357 2682 2467 2728 xvr,
2499 2666 2611 2732 24).
2647 2664 2815 2720 Prius
2842 2665 3108 2735 epulatus
3139 2667 3404 2736 quotidie
3443 2667 3732 2739 splendide
3767 2665 3848 2722 di-

2171 2754 2362 2820 citur;
2396 2758 2450 2809 et
2482 2766 2612 2823 post
2643 2771 2854 2824 aquam
2897 2763 3086 2825 petere
3130 2755 3189 2809 in
3241 2755 3448 2826 lingua
3499 2761 3847 2812 memoratur.

2174 2842 2314 2906 Quia
2344 2843 2520 2908 cnim,
2565 2851 2622 2896 ut
2665 2841 2938 2909 diximus,
2973 2842 3118 2898 inter
3157 2844 3366 2914 epulas
3411 2845 3573 2901 valde
3614 2844 3851 2900 difﬂuere

2173 2933 2495 3004 loquacitas
2526 2933 2685 2996 solet,
2720 2948 2785 2986 ex
2819 2950 2988 3003 pmna
3018 2933 3233 2989 indicat
3275 2935 3529 3007 culpam,
3561 2951 3683 2993 cum
3712 2950 3852 3001 eum,

2176 3038 2349 3094 quem
2373 3021 2671 3092 epulatum
2697 3022 2953 3093 quotidie
2975 3022 3280 3094 splendide
3311 3025 3531 3082 Veritas
3553 3026 3780 3087 dixerat,
3797 3024 3848 3078 in

2098 3118 2140 3184 ο
2178 3113 2377 3184 lingua
2401 3113 2532 3184 plus
2550 3113 2752 3167 ardere
2775 3112 3136 3184 perhibebat.
3161 3114 3229 3169 Hi
3253 3116 3356 3185 qui
3380 3117 3717 3172 chordarum
3739 3115 3854 3169 har-

2181 3205 2437 3259 moniam
2469 3207 2814 3273 temperant,
2848 3208 3010 3258 tanta
3044 3203 3191 3259 banc
3234 3211 3360 3261 arte
3406 3207 3757 3278 dispensant,
3798 3205 3852 3256 ut

2181 3292 2552 3363 plerumque,
2584 3307 2716 3346 cum
2751 3309 2866 3347 una
2897 3291 3176 3364 tangitur,
3211 3292 3386 3366 longe
3427 3294 3540 3351 alia
3579 3311 3643 3350 ac
3684 3290 3859 3348 multis

2180 3381 2665 3454 interjacentibus
2688 3382 2877 3452 posita
2898 3381 3116 3437 chorda
3140 3383 3440 3453 quatiatur
3464 3401 3475 3438 :
3499 3398 3737 3454 eumque
3764 3381 3860 3436 ista

2183 3475 2432 3531 sonitum
2465 3475 2674 3544 reddit,
2707 3473 2824 3541 illa,
2859 3491 2986 3545 quae
3021 3475 3079 3529 in
3111 3475 3314 3531 eodem
3361 3481 3538 3533 cantu
3570 3476 3862 3547 temperata

2183 3569 2289 3633 est,
2323 3564 2452 3620 aliis
2486 3564 2888 3636 impercussis,
2923 3565 3140 3621 tremit.
3183 3564 3274 3620 Sic
3317 3582 3452 3638 ergo
3493 3567 3552 3622 in
3591 3564 3862 3635 Scriptura

2183 3673 2343 3710 sacra
2361 3655 2704 3726 plerumque
2727 3655 2796 3710 de
2821 3655 3152 3721 virtutibus,
3176 3655 3259 3711 sic
3289 3657 3363 3712 de
3381 3657 3534 3713 vitiis
3565 3657 3780 3729 agitur;
3809 3657 3862 3706 ut

2184 3747 2325 3800 dum
2359 3745 2647 3815 loquendo
2679 3743 2838 3800 aliud
2871 3743 3154 3813 insinuat,
3187 3747 3435 3802 tacendo
3467 3746 3618 3802 aliud
3657 3746 3861 3800 innote-

2186 3844 2327 3891 scat.
2366 3835 2498 3906 [Ven
2535 3834 2640 3905 VL]
2673 3833 2826 3889 Nihil
2860 3835 3014 3890 enim
3058 3839 3259 3890 contra
3302 3836 3539 3892 divitem
3579 3837 3646 3891 de
3681 3834 3859 3904 loqua-

2187 3928 2357 3984 citate
2389 3936 2780 3990 memoratur;
2815 3926 2913 3980 sed
2948 3925 3087 3981 dum
3131 3943 3301 3995 poena
3341 3927 3400 3983 in
3434 3926 3633 3999 lingua
3659 3922 3858 3987 dicitur,

2189 4033 2315 4087 qua:
2346 4016 2403 4070 in
2435 4016 2696 4072 convivio
2727 4014 2879 4070 inter
2906 4012 3049 4070 alias
3080 4015 3310 4086 gravior
3339 4014 3516 4073 fuerit
3536 4015 3698 4087 culpa
3717 4024 3859 4067 mon-

2191 4111 2422 4161 stratur.

2262 4229 2346 4286 12.
2393 4231 2492 4285 Job
2532 4233 2716 4286 octavo
2755 4229 2844 4284 die
2882 4229 3220 4298 sacriﬁcium
3269 4231 3524 4301 offerens,
3572 4227 3862 4302 mysterium

2188 4319 2602 4375 resurrectionis
2633 4319 2784 4374 colit.
2817 4347 2885 4359 —
2914 4317 3054 4373 Cum
3099 4334 3230 4374 vero
3270 4323 3496 4389 septem
3544 4319 3738 4374 fratres
3776 4326 3862 4385 per

2191 4410 2316 4468 dies
2337 4409 2603 4480 singulos
2625 4408 2888 4465 convivia
2907 4408 3094 4464 facere
3115 4408 3553 4478 describuntur,
3571 4416 3621 4464 et
3641 4402 3858 4479 peractis

2109 4490 2155 4554 D
2188 4499 2395 4554 diebus
2427 4498 2693 4565 convivii,
2725 4497 2835 4554 Job
2867 4502 3086 4568 septem
3121 4498 3407 4554 sacrificia
3446 4500 3648 4555 otl'erre
3687 4492 3860 4568 perhi-

2193 4589 2360 4645 betur
2385 4610 2398 4658 ;
2431 4593 2626 4660 aperte
2658 4588 2902 4645 historia
2931 4587 3150 4644 indicat
3169 4590 3322 4659 quod
3349 4590 3552 4646 beatus
3567 4588 3671 4644 Job
3687 4589 3859 4641 octavo

2193 4679 2286 4734 die
2344 4679 2696 4736 sacrificium
2753 4680 3000 4736 oﬂ'erens
3058 4678 3401 4751 mysterium
3454 4671 3859 4735 resurrectionis

2190 4769 2360 4825 colat.
2394 4769 2526 4825 Dies
2563 4785 2818 4841 namque
2861 4769 2962 4840 qui
3003 4784 3158 4825 nunc
3198 4768 3539 4825 Dominicus
3583 4766 3795 4830 dicitur,
3828 4776 3856 4815 a

2193 4864 2374 4915 morte
2405 4858 2802 4930 Redemptoris
2833 4862 2922 4914 est
2952 4858 3180 4926 tertius,
3213 4858 3311 4915 sed
3344 4859 3404 4914 in
3445 4856 3642 4914 ordine
3679 4849 3858 4910 condi-

2191 4949 2368 5004 tionis
2396 4952 2654 5018 octavus,
2689 4949 2790 5019 qui
2821 4953 2877 5004 et
2908 4948 3132 5018 primus
3163 4947 3221 5003 in
3256 4947 3586 5004 conditione
3626 4951 3724 5000 est.
3761 4937 3854 4994 Sed

2193 5041 2332 5112 quia
2364 5039 2657 5096 revolutus
2689 5038 3004 5111 septimum
3035 5038 3326 5111 sequitur,
3346 5045 3578 5094 octavus
3609 5034 3693 5091 21
3729 5031 3856 5085 recte

2195 5135 2552 5186 numeratur.
2595 5129 2736 5192 Quia
2767 5144 2901 5198 ergo
2940 5134 3140 5184 octavo
3172 5128 3263 5183 die
3304 5127 3506 5184 otIerre
3537 5129 3747 5196 septem
3776 5133 3857 5173 sa-

2195 5220 2406 5275 crificia
2428 5220 2660 5288 dicitur,
2695 5219 2902 5290 plenus
2932 5219 3288 5290 septiformis
3317 5217 3512 5289 gratiae
3543 5212 3744 5286 Spiritu
3765 5219 3851 5279 pro

2193 5326 2292 5380 spe
2354 5309 2790 5365 resurrectionis
2849 5308 3092 5365 Domino
3150 5305 3468 5364 deservisse
3526 5302 3851 5376 perhibetur.

2193 5399 2354 5455 Unde
2382 5405 2437 5454 et
2460 5399 2719 5471 psalmus
2751 5416 2853 5472 pro
2875 5410 3071 5457 octava
3095 5397 3500 5472 praescribitur,
3525 5395 3580 5450 in
3604 5408 3708 5465 quo
3725 5402 3846 5462 gau-

2262 5581 2335 5703 }c)
2368 5579 2541 5636 Deest
2569 5595 2702 5662 pene
2730 5578 2788 5662 in
2819 5579 3166 5650 Compend.,
3197 5577 3418 5665 Ebroio:
3449 5580 3508 5656 et
3537 5573 3680 5656 aliis.

2287 5652 2340 5703 di
2371 5651 2526 5703 Mss..
2562 5656 2619 5703 ut
2651 5655 2932 5703 inminuat
2956 5657 3267 5703 extremum
3296 5650 3454 5703 diam
3485 5663 3568 5702 sui
3599 5661 3653 5699 in

2287 5652 2340 5722 ά)
2371 5651 2527 5720 Mss,
2562 5650 2619 5705 ut
2651 5652 2932 5724 intinguat
2956 5657 3267 5708 extremum
3296 5650 3458 5719 digiti
3485 5650 3572 5702 sui
3599 5650 3653 5699 in
3683 5654 3827 5715 aqua.
