4086 6166
226 235 336 293 533

1156 228 1570 289 MOllALlUM
1621 229 1767 288 LIB.
1814 228 1860 288 Ι.
1910 261 1985 272 -
2031 231 2110 288 IN
2157 231 2408 294 CAPUT
2454 238 2478 295 Ι
2525 235 2591 295 Β.
2637 235 2797 296 JOB.

3627 245 3746 302 534

225 370 384 425 dium
447 369 519 424 de
586 364 1014 424 resurrectione
1079 364 1376 420 nuntiatur
1437 366 1570 436 [Vet.
1641 365 1768 436 VII].
1819 364 1925 420 Sed
1960 368 2335 441 Avirsutum,
2382 378 2433 426 et
2493 372 2588 426 Dei
2633 370 2987 441 sapientiam.
3029 369 3076 440 (Ι
3125 369 3244 424 Cor.
3293 387 3331 433 ι,
3390 373 3502 447 24).
3561 378 3751 448 Atque

224 458 360 531 quia
391 457 543 513 beati
576 456 684 512 Job
717 453 820 509 filii
852 457 1012 509 tanta
1045 453 1271 509 fuerant
1303 454 1613 525 disciplina
1642 455 1807 510 bona:
1840 455 1931 508 in-

2050 457 2169 514 haec
2219 459 2344 531 ipsa
2394 461 2691 532 Sapientia
2723 477 2825 532 per
2866 458 3238 516 Salomonem
3299 462 3476 518 dicit:
3527 467 3636 534 Ego
3665 483 3755 522 sa-

224 548 552 605 stitutionis
585 545 852 612 accincti,
885 549 949 598 ut
979 559 1168 614 neque
1215 560 1311 614 per
1345 545 1493 600 facta
1543 545 1600 599 in
1636 544 1936 611 conviviis,
2045 547 2255 617 pientia
2296 549 2485 605 habito
2516 552 2575 604 in
2604 549 2850 616 consilio,
2886 557 2936 605 et
2973 550 3206 605 eruditis
3236 551 3506 609 intersum
3547 557 3755 625 cogita-

227 655 416 710 neque
451 655 552 710 per
597 636 767 692 verba
819 635 1244 705 delinquerent,
1297 639 1494 706 aperte
1557 638 1938 703 monstratur,

227 745 361 785 cum
395 727 712 784 subditur:

730 812 962 870 CAPUT
987 813 1060 867 Ix
1108 813 1254 884 [Rea
1291 813 1369 884 V].

2048 636 2288 691 tionibus
2318 639 2601 710 (Proverb.
2645 656 2764 708 vm,
2820 639 2928 710 12).
2982 639 3102 695 lius
3133 655 3269 712 ergo
3318 645 3534 698 terram
3581 641 3756 698 inha-

2053 724 2194 780 bitat
2214 726 2344 788 Job,
2371 728 2509 796 quia
2528 727 2847 799 Sapientia,
2871 743 3000 798 quae
3023 744 3123 799 pro
3147 729 3314 786 nobis
3335 729 3627 800 passionis
3649 732 3753 787 do-

2052 814 2233 872 lorem
2267 818 2564 888 sustinuit,
2597 820 2771 875 corda
2810 818 2934 874 vitae
2968 819 3230 876 consiliis
3287 821 3487 879 dedita
3529 821 3762 879 sibimet

303 909 452 963 lem.
483 935 552 946 —-
578 905 839 960 Dicebant
868 903 1054 959 enim:
1087 902 1160 958 Ne
1187 904 1330 972 forte
1346 905 1690 974 peccaverint
1707 902 1818 974 ﬁlii
1838 905 1946 960 mei
2056 906 2472 965 habitationem
2508 909 2666 965 fecit.

231 1005 282 1053 et
313 995 703 1052 benedixerint
735 995 846 1050 Deo
878 995 932 1047 in
965 992 1218 1049 cordibus
1241 995 1374 1049 suis.

305 1088 391 1142 13.
428 1087 504 1142 De
533 1085 785 1142 alterius
833 1085 999 1140 corde
1041 1100 1150 1140 non
1189 1089 1269 1139 est
1317 1090 1517 1140 temere
1554 1083 1944 1154 judicandum.

231 1181 295 1233 In
327 1181 560 1233 rectores
584 1174 834 1244 ﬁdelium
857 1173 954 1246 qui
983 1189 1166 1230 eorum
1194 1190 1354 1245 opera
1383 1175 1659 1229 nesciunt.
1693 1207 1761 1215 --
1812 1176 1946 1230 Per-

235 1268 419 1323 fectos
455 1270 670 1339 quippe
714 1281 842 1322 esse
896 1266 954 1320 in
1010 1282 1178 1336 opere
1227 1273 1279 1320 et
1330 1281 1596 1321 sermone
1646 1265 1945 1332 docuerat,

233 1375 340 1430 pro
375 1359 596 1430 quibus
629 1359 697 1413 de
729 1356 854 1413 sola
886 1361 1050 1428 pater
1072 1356 1420 1427 cogitatione
1446 1356 1757 1413 metuebat.
1805 1358 1950 1421 Quia

236 1465 378 1505 vero
409 1448 477 1504 de
501 1448 710 1504 alienis
739 1447 1012 1504 cordibus
1039 1448 1302 1518 judicare
1336 1452 1552 1504 temere
1593 1465 1705 1504 non
1739 1448 1948 1503 debea-

237 1554 398 1605 mus,
432 1538 491 1593 in
524 1539 712 1594 sancti
772 1537 950 1608 hujus
1004 1537 1109 1592 viri
1160 1537 1351 1593 verbis
1406 1539 1800 1610 agnoscimus,
1853 1536 1951 1609 qui

239 1647 355 1685 non
390 1629 469 1684 ait
497 1645 508 1682 :
545 1628 683 1696 Quia
716 1627 1113 1684 benedixerunt
1143 1630 1200 1682 in
1240 1627 1492 1684 cordibus
1521 1631 1675 1684 suis:
1718 1630 1842 1696 sed,
1875 1628 1952 1683 Ne

235 1722 380 1790 forte
416 1719 804 1807 benedixerint
859 1718 960 1773 Deo
992 1717 1052 1772 in
1111 1717 1368 1774 cordibus
1406 1719 1540 1774 suis.
1593 1719 1752 1775 Unde
1804 1721 1948 1774 bene
1985 1742 2030 1807 Β

237 1823 345 1878 per
401 1806 645 1862 Paulum
698 1806 948 1861 dicitur:
1013 1807 1191 1862 Nolite
1237 1808 1494 1879 judicare
1541 1814 1670 1863 ante
1720 1817 1951 1880 tempus,

235 1895 591 1970 quoadusque
628 1899 810 1950 veniat
836 1896 1115 1963 Dominus,
1141 1897 1238 1969 qui
1260 1898 1606 1953 illuminabit
1643 1898 1959 1953 abscondita

239 1987 619 2050 tenebrarum,
654 1989 703 2041 et
751 1986 1132 2056 mani/esttibi!
1178 1986 1412 2043 consilia
1460 1989 1714 2044 cordium
1753 1991 1796 2058 (1
1825 1988 1958 2045 Cor.

243 2093 322 2141 1v,
355 2075 435 2146 5).
468 2075 601 2146 [νει.
641 2075 800 2146 VIII].
836 2075 1114 2146 Quisquis
1149 2076 1304 2132 enim
1328 2077 1386 2132 in
1408 2077 1755 2149 cogitatione
1783 2095 1815 2134 a
1842 2094 1962 2133 rec-

242 2165 502 2220 titudine
533 2164 836 2230 exorbitat,
869 2165 926 2219 in
960 2165 1217 2220 tenebris
1253 2170 1474 2237 peccat.
1503 2167 1619 2222 Nos
1643 2184 1776 2239 ergo
1800 2173 1957 2224 tanto

241 2255 451 2310 minus
485 2253 769 2310 debemus
800 2254 986 2310 aliena
1019 2255 1193 2310 corda
1226 2258 1493 2312 audacter
1517 2259 1956 2328 reprehendere,

249 2349 481 2418 quanto
504 2345 892 2418 scimus,quia
912 2345 1042 2401 visu
1068 2350 1264 2402 nostro
1289 2363 1401 2401 non
1428 2364 1736 2418 possumus
1756 2348 1957 2404 aliens:

247 2433 630 2507 cogitationis
683 2435 955 2491 tenebras
985 2435 1299 2492 illustrare.
1335 2438 1410 2508 (α)
1442 2439 1550 2492 Sed
1587 2439 1693 2493 hac
1720 2437 1962 2494 solerter

245 2523 608 2581 intuendum
646 2529 752 2591 est,
787 2529 1005 2595 quanta
1035 2531 1198 2596 pater
1241 2527 1544 2582 severitate
1586 2527 1774 2598 potuit
1808 2528 1964 2584 {ilio-

245 2629 383 2668 rum
417 2629 587 2684 opera
616 2612 925 2685 corrigere,
959 2615 1057 2685 qui
1093 2620 1252 2670 tanta
1304 2615 1702 2670 sollicitudine
1733 2617 1965 2672 studuit

247 2705 430 2762 corda
477 2704 776 2760 mundare.
821 2705 967 2770 Quid
1010 2707 1078 2760 ad
1131 2705 1248 2761 haec
1297 2711 1548 2763 rectores
1595 2707 1849 2763 ﬁdelium
1882 2708 1965 2763 di-

245 2799 420 2852 cunt,
483 2792 583 2865 qui
637 2792 1064 2865 discipulorum
1129 2811 1368 2851 suorum
1419 2800 1474 2850 et
1534 2800 1734 2868 aperta
1787 2813 1964 2868 opera

246 2881 582 2938 nesciunt?
639 2882 785 2948 Quid
818 2883 875 2938 in
905 2901 1013 2940 sua
1045 2886 1416 2942 excusatione
1457 2888 1735 2960 cogitant,
1772 2887 1869 2958 qui
1903 2889 1961 2943 in

243 2970 588 3028 commissis
635 2970 745 3026 sibi
785 2988 892 3028 nec
940 2974 1182 3030 vulnera
1231 2975 1526 3030 actionum
1577 2977 1842 3032 curant?
1890 2975 1962 3032 Ut

2589 1000 2820 1056 CAPUT
2842 1000 2940 1056 x11
2972 1001 3084 1072 [Vel
3117 1001 3189 1073 x1.

2059 1090 2199 1144 IBID.
2234 1121 2297 1131 -
2333 1092 2397 1144 Et
2426 1097 2544 1146 erat
2577 1093 2659 1146 vir
2689 1092 2784 1147 ille
2832 1092 3067 1163 simplex
3109 1097 3160 1148 ei
3200 1097 3402 1149 rectus.

2131 1179 2218 1238 16.
2287 1179 2712 1252 Simplicitatem
2767 1185 2818 1236 et
2875 1180 3260 1236 rectitudinem
3327 1182 3516 1237 tenuit.
3569 1211 3636 1223 -—-
3696 1183 3761 1238 in

2059 1267 2679 1340 rectitudinejustitia.
2713 1269 2773 1324 in
2804 1268 3186 1340 simplicitate
3209 1273 3402 1326 autem
3432 1273 3770 1327 mansuetu-

2059 1359 2130 1413 do
2163 1359 2446 1430 signatur.
2511 1359 2858 1430 Plerumque
2903 1377 3006 1416 nos
3043 1376 3177 1416 cum
3221 1361 3631 1417 rectitudinem
3660 1362 3769 1432 ju-

2059 1448 2227 1502 stitia
2256 1447 2648 1519 exsequimur,
2694 1448 3208 1506 mansuetudinem
3255 1450 3682 1521 relinquimus;
3717 1452 3776 1504 et

2060 1553 2190 1592 cum
2225 1538 2735 1594 mansuetudinem
2768 1555 2996 1595 servare
3019 1539 3576 1611 cupimus,justitiae
3609 1538 3778 1595 recti-

2062 1629 2321 1684 tudinem
2355 1629 2737 1687 declinamus.
2783 1633 3127 1685 Incarnatus
3173 1628 3279 1684 22
3313 1645 3444 1685 vero
3490 1629 3776 1685 Dominus

2061 1717 2490 1788 simplicitatem
2523 1733 2657 1774 cum
2709 1717 3062 1774 rectitudine
3114 1717 3349 1773 tenuit:
3392 1718 3527 1788 quia
3577 1733 3682 1772 nec
3711 1717 3776 1771 in

2071 1808 2523 1862 mansuetudine
2555 1806 2980 1863 districtionem
3004 1807 3269 1876 justitiaa,
3303 1822 3408 1861 nec
3448 1821 3683 1862 rursum
3716 1805 3776 1860 in

2070 1897 2433 1954 districtione
2459 1899 2701 1969 iustitiae
2732 1898 3004 1953 virtutem
3036 1897 3512 1953 mansuetudinis
3556 1895 3778 1953 amisit.

2071 1988 2230 2043 Unde
2252 2003 2381 2043 cum
2421 1989 2680 2059 quidam,
2713 1987 2961 2044 deducta
3012 1987 3297 2058 adultera,
3351 1987 3505 2043 hunc
3554 1990 3780 2042 tentare

2068 2076 2409 2142 voluissent,
2435 2083 2495 2131 ut
2517 2077 2576 2132 in
2595 2077 2826 2149 culpam
2853 2080 2954 2131 aut
2977 2075 3536 2132 immansuetudinis
3561 2078 3662 2130 aut
3692 2073 3780 2129 in-

2063 2167 2302 2238 justitiaa
2335 2166 2644 2235 laberetur,
2677 2167 2748 2221 ad
2793 2172 3037 2236 utraque
3071 2165 3368 2236 respondit
3398 2165 3636 2221 dicens:
3673 2164 3780 2233 Qui

2067 2260 2184 2312 sine
2203 2265 2420 2327 peccato
2448 2265 2526 2312 est
2558 2266 2815 2324 vestrum,
2845 2258 3057 2328 primus
3088 2255 3144 2309 in
3179 2253 3348 2310 illam
3381 2253 3618 2326 lapidem
3640 2253 3781 2308 mit-

2070 2354 2157 2404 tat
2191 2350 2392 2417 (Joan.,
2429 2366 2553 2416 vm,
2583 2350 2662 2420 7).
2698 2349 2803 2403 Dat
2835 2345 3273 2418 simplicitatem
3307 2345 3779 2402 mansuetudinis

2068 2440 2168 2508 qui
2195 2443 2314 2495 sine
2342 2446 2564 2510 peccato
2595 2446 2677 2494 est
2708 2443 2947 2493 vestrum
2980 2459 3000 2506 ,-
3031 2437 3130 2491 dat
3157 2434 3346 2491 zelum
3375 2433 3634 2505 justitic,
3657 2435 3784 2504 pri-

2070 2546 2193 2585 mus
2217 2532 2274 2584 in
2309 2531 2464 2584 illam
2492 2529 2724 2600 lapidem
2756 2525 3132 2582 mittat.Unde
3151 2530 3208 2581 et
3237 2525 3288 2581 ei
3309 2524 3585 2596 pr0pheta
3607 2523 3784 2579 dicit:

2070 2620 2310 2687 Intende,
2369 2634 2627 2690 prospere
2653 2617 2906 2690 procede,
2940 2623 2990 2672 et
3023 2631 3195 2684 regna
3233 2623 3458 2686 propter
3494 2613 3783 2669 veritatem

2070 2711 2118 2764 et
2168 2708 2647 2763 mansuetudinem
2676 2714 2731 2760 et
2776 2707 3049 2774 justitiam
3099 2703 3273 2775 (Psal.
3309 2719 3459 2772 xmv,
3485 2703 3564 2771 5).
3621 2701 3793 2757 Veri-

2071 2801 2247 2852 tatem
2295 2797 2507 2868 quippe
2537 2811 2881 2866 exsequens,
2907 2791 3420 2849 mansuetudinem
3445 2790 3774 2861 cumjusti-

2073 2887 2152 2943 tia
2175 2889 2537 2944 conservavit
2563 2905 2575 2953 ;
2603 2891 2666 2941 ut
2688 2901 2792 2940 nec
2813 2883 3002 2940 zelum
3027 2882 3396 2940 rectitudinis
3418 2881 3476 2937 in
3501 2897 3779 2937 mansue-

2071 2976 2293 3032 tudinis
2319 2977 2570 3046 pondere
2602 2975 2913 3041 amitteret,
2949 2989 3052 3029 nec
3085 2987 3318 3028 rursum
3354 2969 3584 3042 pondus
3615 2987 3780 3026 man-

241 3078 383 3118 vero
417 3061 596 3133 hujus
632 3063 811 3119 sancti
846 3064 924 3137 (b)
955 3066 1146 3135 operis
1196 3067 1371 3122 etiam
1400 3067 1824 3139 perseverantia
1856 3067 1962 3123 de-
1991 3105 2034 3172 Ο
2074 3065 2400 3122 suetudinis
2448 3065 2570 3120 zelo
2613 3063 2978 3121 rectitudinis
3030 3061 3413 3132 perturbaret.
3462 3059 3776 3130 Sequitur:

246 3156 637 3218 monstretur,
674 3157 823 3208 recte
855 3154 1273 3225 subjungitur:

930 3244 1161 3300 CAPUT
1203 3247 1269 3300 X.

319 3330 470 3387 IBlD.
505 3363 575 3372 —
606 3332 694 3388 Sic
721 3334 959 3404 faciebat
989 3335 1086 3390 Job
1116 3333 1324 3390 cunctis
1354 3335 1560 3393 diebus.

325 3421 416 3474 14.
470 3421 568 3477 Job
615 3423 1048 3493 perseverantia.
1099 3457 1168 3464 ——
1228 3425 1521 3497 Scriptum
1573 3425 1788 3498 quippe
1834 3429 1959 3482 est:

255 3510 364 3577 Qui
407 3515 840 3581 perseveraverit
891 3529 1058 3584 usque
1111 3515 1170 3568 in
1204 3513 1397 3585 ﬁnem,
1457 3515 1546 3570 hic
1599 3517 1788 3570 salvus
1835 3517 1960 3572 erit.

252 3599 466 3669 (Matth.
498 3617 554 3667 x,
585 3601 694 3663 22;
749 3619 901 3670 XXIV,
944 3604 1050 3675 13.)
1110 3607 1170 3659 In
1207 3604 1494 3659 sacrificio
1542 3604 1722 3676 igitur
1760 3609 1963 3660 sancta

249 3691 425 3758 actio,
451 3690 506 3745 in
542 3693 770 3748 cunctis
793 3698 991 3748 autem
1025 3692 1230 3750 diebus
1290 3694 1580 3762 sacrificii,
1632 3695 1963 3751 constantia

246 3794 471 3836 saneta
505 3782 753 3837 actionis
803 3784 1142 3840 ostenditur.
1195 3784 1324 3840 Haec
1376 3785 1624 3840 breviter
1665 3784 1962 3840 historiam

247 3872 554 3942 sequendo
605 3875 1110 3942 transcurrimus;
1182 3893 1338 3931 nunc
1397 3877 1537 3932 ordo
1587 3877 1963 3948 expositionis

245 3961 432 4032 exigit
463 3967 526 4017 ut
559 3963 855 4020 exordium
894 3970 1244 4038 repetentes,
1279 3966 1687 4038 allegoriarum
1717 3967 1837 4038 jam
1872 3983 1961 4024 sc-

242 4055 408 4107 creta
441 4053 796 4122 pendamus.

772 4142 1002 4200 CAPUT
1033 4143 1124 4200 XI.
1160 4145 1293 4216 [νει.
1329 4147 1436 4215 1X].

313 4229 500 4285 Vens.
539 4235 588 4288 1.
610 4262 680 4272 —
717 4232 810 4287 Vir
839 4238 956 4288 erat
981 4235 1037 4288 in
1073 4243 1219 4290 terra
1253 4238 1390 4302 Ilus,
1419 4238 1642 4292 nomine
1662 4236 1780 4291 Job.

318 4321 412 4374 15.
466 4318 688 4376 Sensus
738 4339 1008 4379 ALLEGOR.
1058 4355 1126 4365 —
1172 4324 1412 4380 Christus
1432 4326 1527 4380 Job
1558 4327 1777 4382 nomine
1816 4324 1966 4379 desi-

241 4413 478 4514 gnatus.
529 4410 777 4514 -ᾙωεῖ
824 4429 924 4483 per
970 4413 1271 4514 historiam
1318 4415 1464 4470 facta
1513 4415 1828 4484 credimus,
1863 4415 1962 4471 sed
1998 4449 2042 4514 D

247 4514 357 4569 per
389 4497 726 4570 allegoriam
754 4502 874 4572 jam
905 4502 1152 4574 qualiter
1182 4505 1299 4560 sint
1330 4504 1593 4576 impleta,
1635 4505 1961 4562 videamus.

243 4589 362 4646 Job
399 4607 673 4662 namque,
711 4597 775 4649 ut
798 4595 1074 4661 diximus,
1117 4597 1528 4669 interpretatur
1567 4597 1804 4653 dolens:
1844 4597 1964 4655 Hus

247 4694 386 4734 vero
417 4681 774 4738 consiliator.
823 4686 1003 4750 Quem
1055 4702 1190 4758 ergo
1240 4686 1419 4742 alium
1469 4687 1674 4742 beatus
1703 4687 1810 4743 Job
1859 4703 1960 4743 suo

247 4769 494 4826 nomine
526 4773 820 4845 eXprimit,
857 4775 970 4831 nisi
1003 4792 1135 4832 eum
1169 4777 1238 4832 de
1260 4794 1374 4848 quo
1399 4778 1681 4849 propheta
1703 4777 1965 4849 loquitur

248 4859 458 4916 dicens
484 4879 496 4916 :
530 4863 740 4919 dolores
771 4874 982 4923 nostros
1013 4867 1092 4938 (e)
1122 4870 1235 4940 ipse
1262 4871 1498 4939 portavit
1530 4869 1684 4939 (Isai.
1708 4886 1827 4935 Llll,
1862 4868 1912 4940 4)
1938 4868 1964 4923 ‘l

247 4947 360 5011 Qui
394 4950 518 5008 Hus
552 4957 761 5010 terram
795 4955 1107 5025 inhabitat,
1141 4959 1276 5028 quia
1307 4960 1364 5014 in
1400 4959 1575 5015 corda
1599 4959 1797 5030 populi
1821 4974 1961 5014 con-

248 5037 534 5099 siliatoris
591 5049 817 5117 regnat.
881 5045 1096 5104 Paulus
1128 5047 1341 5121 quippe
1401 5049 1478 5104 ait
1538 5049 1807 5104 Christum
1867 5049 1965 5105 Dei

248 5239 575 5368 “£23.83.
611 5242 854 5316 Remig.,
888 5246 1069 5316 Rem.,
1106 5246 1356 5316 Ebroic.,
1392 5251 1524 5316 etc.,
1555 5249 1646 5304 sed
1678 5249 1783 5304 hac
1813 5251 1868 5305 in
1902 5265 1960 5305 re

323 5383 761 5466 (b).lt'a.Corb_.,
789 5389 980 5447 Germ.
1015 5396 1070 5448 et
1101 5391 1240 5462 pler.
1279 5391 1412 5447 Mss.
1451 5395 1511 5447 In
1561 5394 1730 5460 Edit.,
1792 5393 1958 5462 hujus

247 5459 545 5528 sanctiviri
572 5461 772 5528 aperis.

325 5525 397 5596 (ο)
438 5535 482 5582 Α
516 5525 657 5611 Mss.
692 5529 856 5587 Corb.
893 5539 950 5588 et
982 5535 1294 5611 _nonnul_lis
1327 5537 1491 5592 abest
1529 5537 1661 5608 ipse,
1711 5538 1862 5608 quod
1898 5537 1954 5592 in

249 5596 446 5652 Germ.
483 5600 751 5657 additum
784 5606 1057 5662 secundis
1099 5609 1275 5664 curis.

325 5668 406 5749 (cl)
455 5670 724 5749 lta_Mss.
767 5692 992 5743 omnes,
1035 5679 1222 5748 Rem.,
1281 5680 1524 5748 Remig.,
1585 5681 1769 5746 Colb.,
1819 5681 1954 5736 Cor-

252 5741 498 5814 beiens.,
531 5744 771 5816 Turon.,
805 5753 916 5808 etc.
951 5741 1137 5809 Editio
1170 5741 1343 5809 B'asil.
1373 5741 1529 5818 1517:,
1573 5741 1948 5822 Paris.1b18,

2713 3153 2942 3208 CAPUT
2981 3151 3129 3210 Xlll.

2146 3250 2288 3304 Iam.
2326 3278 2389 3287 —
2426 3247 2637 3302 Timens
2671 3244 2859 3309 Deum,
2891 3246 2940 3298 et
2967 3242 3216 3298 recedens
3246 3257 3281 3295 a
3311 3237 3484 3295 malo.

2147 3338 2232 3394 17.
2305 3341 2480 3394 Deum
2535 3334 2802 3409 quomodo
2860 3334 3060 3389 timuit.
3097 3363 3165 3373 —-
3213 3331 3505 3402 Scriptum
3563 3332 3653 3386 est
3705 3327 3777 3384 de

2075 3427 2211 3483 illo:
2265 3429 2330 3482 Et
2373 3427 2603 3497 replevit
2639 3442 2762 3481 eum
2805 3423 3034 3495 spiritus
3082 3421 3298 3478 timoris
3358 3419 3580 3477 Domini
3621 3419 3776 3490 (Isai.

2073 3537 2153 3585 x1,
2188 3520 2263 3590 3).
2299 3521 2642 3574 Incarnatus
2673 3517 2829 3573 enim
2864 3515 3148 3571 Dominus
3181 3513 3239 3568 in
3264 3511 3577 3584 semetipso
3609 3527 3782 3567 omne

2076 3610 2226 3680 quod
2252 3611 2420 3664 nobis
2453 3610 2528 3680 (ιί)
2554 3606 2877 3679 inspiravit,
2912 3605 3205 3674 ostendit;
3231 3602 3464 3674 utquod
3491 3605 3775 3674 pracepto

2075 3698 2310 3766 diceret,
2334 3697 2600 3768 exemplo
2649 3698 2942 3752 suaderet.
2992 3699 3166 3750 Juxta
3209 3691 3592 3749 humanitatis
3640 3707 3776 3763 ergo

2075 3794 2342 3843 naturam
2396 3787 2740 3857 Redemptor
2789 3789 2988 3840 noster
3041 3789 3218 3838 Deum
3268 3781 3507 3849 timuit;
3541 3781 3676 3852 quia
3717 3796 3786 3850 ut

2075 3878 2391 3950 superbum
2441 3875 2736 3931 hominem
2789 3873 3098 3929 redimeret
3129 3872 3203 3943 (ο)
3239 3875 3490 3926 mentem
3548 3886 3651 3940 pro
3683 3870 3783 3924 illo

2076 3966 2357 4024 humilem
2390 3965 2661 4037 sumpsit.
2704 3964 2882 4034 Cujus
2935 3964 3078 4017 bene
3132 3975 3232 4029 per
3261 3959 3390 4027 hoc,
3439 3959 3594 4030 quod
3628 3973 3782 4013 rece-

2076 4060 2209 4115 dere
2242 4075 2275 4113 a
2317 4056 2470 4114 malo
2513 4055 2623 4112 Job
2669 4053 2903 4120 dicitur,
2938 4058 2989 4106 et
3033 4047 3184 4106 actio
3232 4047 3594 4119 designatur.
3649 4046 3783 4118 Ipse

2076 4148 2290 4221 quippe
2321 4146 2558 4205 recessit
2597 4162 2630 4201 a
2671 4142 2843 4204 malo,
2881 4158 2991 4198 non
3025 4139 3177 4212 quod
3222 4136 3484 4194 faciendo
3516 4135 3781 4208 contigit.

2075 4239 2170 4295 sed
2221 4236 2378 4311 quod
2426 4235 2770 4293 inveniendo
2834 4229 3202 4303 reprobavit:
3258 4226 3391 4299 quia
3462 4230 3776 4296 vetustam,

2077 4345 2249 4401 quam
2283 4333 2453 4384 natus
2502 4325 2736 4392 invenit,
2771 4324 3040 4378 humana:
3093 4315 3550 4376 conversationis
3596 4315 3779 4373 vitam

2075 4419 2333 4476 deseruit
2366 4436 2379 4488 ;
2411 4423 2469 4474 et
2501 4432 2729 4482 novam,
2761 4429 2939 4487 quam
2970 4427 3166 4468 secum
3192 4406 3403 4466 detulit
3437 4407 3782 4481 sequacium

2077 4509 2337 4567 moribus
2365 4506 2686 4579 impressit.

2570 4594 2808 4652 CAPUT
2839 4591 2968 4649 xxv
2999 4593 3142 4665 meo.
3180 4591 3282 4658 VI].

2153 4691 2297 4746 Vers.
2329 4689 2384 4743 2.
2408 4719 2477 4730 —
2507 4688 2735 4759 Natique
2756 4689 2886 4741 sunt
2916 4686 2966 4740 ei
2995 4689 3201 4755 septem
3231 4679 3366 4750 ﬁlii,
3397 4689 3451 4736 et
3481 4684 3589 4736 tres
3617 4680 3776 4750 ﬁliae.

2146 4781 2229 4836 18.
2307 4780 2660 4851 Septenarius
2705 4793 2969 4833 numerus
3026 4776 3319 4846 perfectus.
3381 4801 3451 4813 σα
3508 4769 3652 4835 Quid
3710 4769 3774 4824 in

2073 4869 2396 4941 septenario
2429 4884 2670 4924 numero
2711 4865 2823 4922 nisi
2873 4878 3107 4920 summa
3155 4857 3521 4932 perfectionis
3554 4855 3776 4926 accipi-

2072 4960 2215 5016 tur?
2271 4957 2344 5016 Ut
2390 4959 2544 5014 enim
2597 4957 2866 5011 humana:
2922 4952 3161 5008 rationis
3207 4963 3415 5004 causas
3469 4945 3538 5000 de
3577 4947 3779 5016 septe-

2072 5050 2234 5108 nario
2294 5063 2536 5106 numero
2593 5049 2909 5111 taceamus,
2961 5057 3088 5114 quae
3155 5038 3423 5095 asserunt
3475 5031 3632 5105 quod
3691 5031 3778 5090 id-

2070 5257 2122 5304 et
2151 5247 2299 5312 aliae,
2333 5246 2565 5307 habent,
2592 5241 2732 5314 quod
2753 5242 2906 5314 nobis
2929 5234 3238 5314 imperavit.

2140 5321 2208 5389 (e)
2231 5303 2312 5373 ita
2343 5322 2480 5373 Mss.
2514 5303 3242 5389 S'._'Germ.,_Regii-,‘Rsm.,
3277 5307 3412 5389 ρων
3433 5303 3768 5389 veteresque

2067 5375 2216 5445 sali.
2261 5389 2440 5444 Paris.
2495 5394 2551 5442 et
2588 5383 2758 5440 smn.
2809 5375 2966 5438 Unus
3008 5379 3234 5445 Remig.
3288 5375 3484 5438 habet,
3534 5378 3768 5427 mortem

2064 5477 2164 5528 pro
2221 5462 2316 5515 illo
2355 5459 2614 5513 humilem
2654 5457 2898 5525 sumpsit.
2969 5451 3086 5528 lloc
3154 5449 3461 5528 Minusus
3519 5445 3768 5528 fortasse

2063 5516 2272 5589 Iloann.
2308 5531 2558 5602 Gilotius
2590 5516 2937 5602 Campanus,
2971 5525 3028 5602 in
3061 5539 3166 5602 sua
3212 5519 3369 5602 Edita
3409 5516 3766 5602 περ’-15⁸71,

2066 5587 2377 5674 utramque
2405 5601 2713 5674 lectionem
2731 5587 3061 5674 adoptavit;
3090 5592 3216 5648 aliae
3248 5593 3448 5674 postea
3487 5587 3769 5674 Editur-e-

2065 5657 2369 5734 tinuertint
2405 5657 2554 5731 hanc
2605 5657 2872 5727 unicam':
2920 5657 3150 5723 mortem
3207 5657 3306 5737 pro
3354 5661 3454 5717 illo
3504 5657 3770 5715 humilem

2061 5749 2318 5823 sumpsit.
