4086 6166
253 259 373 317 535
1533 228 1815 296 SANCTI
1864 222 2234 288 GREGORII
2283 217 2536 279 MAGNI
3665 195 3785 258 536

259 393 411 448 circo
470 388 755 462 perfectus
787 384 882 453 sit,
917 382 1056 454 quia
1100 395 1167 435 ex
1217 378 1402 449 primo
1456 372 1578 444 pari
1628 371 1874 462 constat,
1906 369 1962 421 et
1990 369 2042 435 Α
2074 360 2301 462 mundi,
2326 374 2472 456 quas
2507 351 2993 462 possidentflur‘n
3033 337 3791 462 pielgpefa‘fe‘cjgffsoqxrrj

262 431 410 448 νηνυ
510 431 754 444 .............
787 431 882 453 -.-,
965 431 1056 436 μ-
1105 431 1167 435 ---
1457 431 1473 444 ,
1862 431 1870 435 .
1990 431 2042 435 __

262 481 452 552 primo
471 431 732 550 timpari;
775 490 844 530 ex
875 431 1064 544 prﬁmo
1097 468 1194 540 qui
1229 465 1403 521 dividi
1448 465 1658 534 potest,
1697 465 1755 514 et
1786 456 1970 527 primo
2083 468 2184 523 per
2217 458 2379 505 terrae
2410 447 2562 502 viam
2597 444 2668 499 ad
2701 443 2995 552 cmlestem
3046 436 3291 510 patriam
3326 431 3616 552 tepdupt?
3645 431 3794 552 Qauia

1822 549 1831 552 -
2086 544 2092 551 .
2146 541 2179 552 ..
2407 543 2414 552 .
2614 540 2622 552 .
2681 550 2695 552 _
2759 537 2949 552 -_-_._
2988 546 3041 552 _-
3076 533 3190 552 s---
3226 527 3351 552 ευ...
3405 542 3416 552 .
3467 523 3643 552 ,ις-..νη
3718 519 3794 552 in-

307 519 451 536 ......,
613 519 732 542 ....,
776 519 844 530 ν..
1102 519 1194 540 γ-
1237 519 1260 521 η
1448 519 1466 534 ,
1643 519 1650 522 ,
1786 519 1801 527 ,
2083 519 2098 523 ,

265 519 715 643 quidividirnon
771 519 992 634 potest;
1041 558 1362 614 certissime
1412 553 1632 608 scimus
1685 549 1835 619 quod
1881 562 1972 600 se-
2083 541 2261 612 igitur
2295 543 2425 610 post
2465 540 2702 592 sanctos
2753 529 3045 603 apostolos
3076 533 3194 583 tres
3225 527 3352 582 ista:
3384 522 3646 578 ﬁdelium
3675 519 3797 643 dlis-

1737 639 1752 643 -
1847 637 1856 643 .
2088 632 2120 643 ,ι
2211 628 2244 643 ,ο
2488 629 2651 643 --ηιμ
2699 626 2829 643 ..η-ι
2904 624 3055 643 ..-Αιρ
3106 621 3233 643 ..υ-...ι
3288 615 3435 643 nn...“
3508 617 3624 643 iraa
3657 609 3691 643 (ἶ
3727 607 3796 643 ί,

310 607 566 625 mum...
603 607 715 622 ......
785 607 992 629 ιωνυη
1043 607 1357 614 --η---πη
1423 607 1432 608 κ
1701 607 1718 619 .
2108 607 2135 612 -
2295 607 2312 610 _

265 607 599 733 Etenarium
633 607 940 710 numerum
973 649 1269 719 Scriptura
1303 659 1472 699 sacra
1503 657 1600 709 pro
1629 637 1974 710 perfectione
2083 628 2393 683 tinctiones
2447 629 2655 680 secutae
2697 626 2852 687 sunt,
2903 624 3058 675 recte
3106 621 3237 689 post
3286 615 3460 673 ﬁlios.
3508 617 3626 667 tres
3657 607 3797 662 ﬁlia

267 710 478 821 ponere
536 743 838 803 consuevit
896 741 1107 811 (Genes.
1163 754 1223 804 ll,
1272 734 1346 806 3).
1408 731 1572 786 Unde
1618 733 1674 784 et
1723 726 1974 797 septimo
2087 725 2229 773 natae
2256 723 2675 772 memorantur.
2701 710 3018 781 Sequitur:

268 816 360 896 die
386 838 697 895 Dominum
736 830 1100 903 requievisse
1140 827 1210 881 ab
1244 824 1517 895 operibus
1552 818 1781 876 asserit.
1832 816 1976 870 Hinc
2724 816 2959 875 CAPUT
2989 816 3106 872 xv.

270 939 360 986 est
391 930 567 984 etiam
601 924 753 995 quod
786 897 1074 992 septimus
1097 915 1295 972 diesin
1322 913 1580 983 requiem
1613 907 1978 969 hominibus,

2226 932 2328 970 cas.
2381 914 2433 966 3.
2466 943 2535 952 -—
2603 911 2673 965 Et
2723 911 2832 979 fuit
2883 904 3150 976 possessio
3197 905 3316 975 ejus
3353 907 3562 972 septem
3608 897 3801 952 millia

270 1022 327 1075 id
353 1023 460 1084 est,
493 1019 550 1072 in
584 1015 889 1072 sabbatum
923 1012 1095 1064 datus
1127 1013 1235 1062 est.
1261 1006 1399 1060 Hinc
1421 1008 1507 1058 est
1530 1001 1681 1072 quod
1715 996 1979 1068 jubileus
2089 1007 2292 1082 ριιίωη,
2323 1009 2376 1058 ει
2399 1004 2513 1057 tria
2541 998 2738 1054 millia
2777 997 3132 1053 camelorum,

274 1124 486 1176 αηηυεν
537 1106 594 1160 in
646 1120 756 1174 quo
808 1099 1067 1173 Ρίθηθνία
1108 1096 1330 1166 “(imas
1362 1091 1725 1163 exprimitur:
1760 1090 1978 1155 Septem
2099 1075 2105 1082 l
2159 1095 2249 1148 21.
2328 1091 2526 1147 Ovibus
2619 1094 2954 1155 innocentes,
3037 1083 3267 1142 camelis
3340 1080 3525 1137 vitiosi
3570 1075 3803 1149 gentiles

275 1169 740 1250 hebdo'madib‘us
773 1169 1238 1250 censummalur.
1265 1183 1364 1256 qui
1398 1178 1642 1235 monade
1669 1178 1752 1245 (ιι)
1786 1173 1984 1228 addita
2091 1183 2403 1239 adumbrati
2432 1185 2480 1236 et
2523 1176 2890 1235 Samaritani.
2944 1207 3008 1217 -—
3057 1175 3204 1238 Quia
3251 1171 3451 1226 ﬁdeles
3510 1169 3805 1224 auditores

277 1292 488 1340 nostra:
522 1279 895 1336 adunationis
936 1275 1238 1344 impletur.
2094 1291 2162 1329 ex
2210 1272 2371 1328 varia
2428 1269 2869 1325 conversatione
2917 1264 3148 1322 collecti
3216 1266 3377 1329 sunt,
3439 1259 3591 1331 quod
3644 1256 3808 1328 prius

350 1376 488 1446 [νει.
531 1371 665 1442 XII.)
715 1371 798 1424 19.
851 1368 981 1422 Filii
1007 1366 1101 1422 Job
1143 1362 1411 1434 apostolos
1455 1359 1700 1430 signant.
1739 1385 1808 1396 —
1859 1353 1986 1408 Nati

2226 1361 2522 1425 'ersaliter,
2544 1358 2626 1431 (α)
2654 1357 2989 1412 memoratis
3018 1353 3271 1418 ﬁliabus,
3295 1350 3532 1417 dicitur,
3553 1349 3662 1404 hoc
3686 1347 3809 1401 dis-

278 1436 409 1520 sunt
437 1479 566 1532 ergo
596 1436 876 1530 ei'septem
908 1457 1034 1527 filii.
1070 1456 1146 1509 Ad
1184 1449 1619 1525 praedicandum
1667 1444 1884 1501 scilicet
1911 1444 1987 1497 vi-

2226 1456 2276 1506 te
2305 1449 2675 1521 postmodum
2716 1444 3104 1516 appellatione
3132 1439 3469 1498 animalium
3503 1436 3812 1493 subint‘er-

275 1542 470 1610 riliter
541 1551 879 1606 incedentes
938 1543 1210 1618 apostoli.
1257 1542 1364 1606 Qui
1426 1542 1564 1595 dum
1617 1533 1988 1609 perfectionis
2096 1546 2213 1599 tur,
2255 1542 2401 1606 Quid
2434 1538 2586 1594 enim
2619 1537 2677 1591 in
2709 1541 2929 1605 septeni
2964 1532 3225 1587 minibus
3269 1529 3490 1588 ovium,
3521 1526 3637 1582 nisi
3671 1541 3806 1597 per.

287 1651 571 1717 praecepta
602 1643 904 1710 peragunt,
941 1635 1106 1706 quasi
1150 1630 1466 1704 superioris
1501 1644 1669 1682 sexus
1703 1622 1990 1680 fortitudi-

2226 1645 2308 1684 ιω
2332 1627 2725 1700 quorumdam
2759 1622 3158 1680 innocentiam
3175 1617 3474 1691 exprimit,
3497 1632 3623 1688 quas
3645 1613 3717 1685 (ε)
3741 1612 3816 1669 ad

286 1751 420 1789 nem
482 1732 540 1785 in
601 1729 1035 1784 conversatione
1098 1724 1430 1776 tenuerunt.
1491 1718 1633 1772 Hinc
1683 1721 1772 1771 est
1812 1714 1989 1778 enim,
2028 1747 2073 1812 B
2106 1719 2520 1792 perfectionem
2569 1715 2795 1788 gratim,
2835 1730 2904 1769 ex
2940 1711 3086 1784 legis
3138 1708 3374 1782 pascuis
3421 1704 3632 1762 venit?
3663 1703 3816 1771 Quid

289 1823 442 1895 quod
463 1819 814 1891 perfectione
837 1814 1192 1886 septiformis
1209 1810 1406 1883 gratiae
1430 1807 1684 1880 Spiritus
1711 1801 1993 1875 implendi
2030 1793 2037 1811 ¹

2226 1826 2237 1864 ›
2269 1809 2329 1864 in
2362 1810 2544 1863 tribus
2592 1805 2849 1861 millibus
2885 1801 3265 1867 camelorum,
3300 1797 3414 1854 nisi
3447 1796 3516 1852 ad
3561 1793 3819 1868 plenitu-

294 1885 598 1968 duodecim
646 1910 783 1963 sunt
814 1885 1000 1961 electi.
1035 1907 1080 1957 A
1117 1900 1446 1972 septenario
1496 1897 1712 1967 quippe
1755 1908 1997 1947 numero
2109 1901 2304 1955 dinem
2332 1898 2458 1953 ﬁdei
2489 1896 2748 1959 veniens,
2783 1895 2851 1965 (fi
2883 1897 3032 1948 torta
3051 1889 3357 1962 gentilium
3389 1886 3682 1942 vitiositas
3709 1885 3822 1940 de-

291 2003 350 2058 in
383 1998 811 2055 duodenarium
855 1994 1138 2064 surgitur.
1179 1993 1326 2046 Nam
1367 1988 1731 2058 septenarius
1782 1982 1906 2039 suis
1938 1983 1996 2036 in

2226 1988 2413 2044 tatur?
2445 1989 2583 2057 [νει.
2617 1985 2770 2055 XIV.]
2816 1984 2878 2039 In
2927 1981 3229 2053 Scriptura
3276 1986 3468 2034 autem
3521 1991 3687 2033 sacra
3717 1973 3823 2029 ali-

297 2108 362 2147 se
385 2088 646 2162 partibus
675 2083 1123 2154 multiplicatus,
1158 2082 1228 2135 ad
1263 2076 1685 2134 duodenarium
1718 2073 1994 2162 tenditur.
2111 2080 2346 2151 quando
2373 2075 2578 2134 cameli
2614 2074 2848 2130 nomine
2878 2072 3004 2144 ipse
3035 2068 3342 2136 Dominus,
3366 2066 3680 2138 aliquando
3711 2080 3821 2120 nn-

2111 2173 2224 2224 tem
2284 2167 2536 2240 populus
2580 2163 2812 2237 gentilis
2861 2161 3226 2232 exprimitur.
3274 2155 3488 2214 Cameli
3535 2155 3688 2211 enim
3721 2169 3825 2209 no-

2116 2257 2272 2312 mine
2303 2255 2588 2311 Dominus
2638 2253 3002 2323 designatur,
3033 2249 3190 2305 sicut
3218 2249 3288 2302 ab
3335 2247 3536 2302 eodem
3570 2242 3823 2300 Domino

2111 2347 2324 2401 Judaeis
2357 2343 2804 2399 adversantibus
2837 2340 3084 2394 dicitur:
3123 2338 3417 2408 Liquantes
3438 2335 3688 2392 culicem.
3723 2347 3824 2386 ca-

2115 2437 2322 2490 melum
2365 2432 2654 2504 glutientes
2700 2429 2905 2498 (Matth.
2958 2444 3123 2492 χχιιι,
3154 2427 3268 2498 24).
3318 2424 3495 2482 Culex
3543 2423 3700 2480 enim
3732 2436 3828 2477 su-

2118 2525 2406 2582 surrando
2435 2522 2722 2588 vulnerat,
2751 2517 3010 2574 camelus
3041 2522 3236 2573 autem
3268 2523 3472 2587 sponte
3502 2529 3561 2569 se
3590 2513 3661 2568 ad
3694 2527 3825 2567 sus-

2120 2615 2390 2686 cipienda
2429 2628 2606 2668 onera
2627 2609 2889 2666 inclinat.
2923 2608 3309 2678 Liquaverunt
3331 2621 3468 2678 ergo
3500 2603 3686 2660 Judzei
3717 2618 3824 2657 cu-

2120 2707 2312 2773 licem,
2356 2703 2490 2774 quia
2520 2701 2869 2757 seditiosum
2918 2697 3127 2753 dimitti
3159 2696 3445 2752 latronem
3479 2693 3776 2766 petierunt
3807 2706 3823 2761 ;

2123 2794 2408 2852 camelum
2463 2808 2592 2847 vero
2644 2788 2990 2862 glutierunt,
3041 2786 3173 2858 quia
3223 2802 3356 2842 eum
3407 2784 3506 2855 qui
3537 2785 3604 2839 ad
3637 2780 3829 2838 susci-

2123 2885 2333 2956 pienda
2354 2888 2558 2937 nostrae
2592 2878 2966 2935 mortalitatis
2997 2893 3172 2932 onera
3201 2880 3406 2946 sponte
3447 2873 3831 2930 descenderat

290 2974 722 3058 perfectionem
774 2977 960 3047 operis
1007 2989 1378 3044 nequaquam
1433 2971 1563 3024 fOI'li
1616 2971 1824 3024 Virtute
1877 2985 2015 3039 ρρι-
2124 2977 2487 3043 exstinguere
2537 2970 2844 3026 clamando
2895 2967 3078 3023 conati
3137 2971 3297 3022 sunt.
3351 2964 3578 3020 Rursus
3629 2961 3829 3019 cameli

296 3052 566 3135 imanent,
602 3070 772 3123 ﬁdem
805 3071 999 3120 tamen
1031 3063 1333 3117 Trinitatis
1365 3060 1651 3130 cognitam
1679 3064 2012 3114 constanter
2046 3119 2089 3135 Α
2125 3066 2360 3119 nomine
2406 3060 2694 3132 gentilitas
2742 3058 3101 3130 designatur.
3163 3055 3325 3110 Unde
3374 3059 3430 3110 et
3469 3053 3725 3109 Rebecca
3756 3052 3831 3107 ad

308 3159 554 3215 tenent?
597 3157 657 3211 ln
692 3161 911 3226 septem
945 3169 1079 3224 ergo
1111 3151 1246 3205 ﬁliis
1280 3119 1918 3220 ordo\prmdicantium,
1951 3146 2014 3200 in
2042 3119 2092 3184 Ο
2124 3155 2283 3208 Isaac
2314 3119 2554 3206 veniens
2595 3149 2804 3219 (Cenes,
2839 3119 2991 3216 χξίιν,
3021 3146 3136 3216 61),
3187 3145 3360 3199 dorso
3392 3141 3592 3198 cameli
3641 3142 3830 3198 dedn-

311 3250 502 3306 tribus
526 3264 656 3304 vero
679 3245 912 3300 ﬁliabus
935 3242 1247 3297 multitudo
1272 3239 1637 3311 signiﬁcatur
1659 3238 2014 3292 auditorum.
2125 3243 2277 3298 citur
2309 3258 2322 3308 ;
2357 3240 2493 3312 quia
2525 3239 2594 3295 ad
2619 3238 2912 3294 Chi-ieiuni
2943 3251 3008 3290 ex
3043 3232 3366 3306 gentilitate
3411 3230 3666 3288 Ecclesia
3694 3247 3832 3302 ριιο.

313 3340 560 3395 Possunt
608 3335 784 3391 etiam
835 3349 932 3404 per
973 3336 1090 3386 tres
1140 3329 1292 3384 ﬁlias
1341 3333 1460 3383 tres
1490 3329 1724 3384 ordines
1758 3325 2016 3381 ﬁdelium
2117 3346 2356 3402 ,perans,
2389 3329 2463 3400 (g)
2498 3329 2556 3382 in
2583 3326 2753 3382 tortis
2771 3324 3107 3394 vitiosisque
3138 3324 3266 3378 vita:
3295 3321 3508 3377 veteris
3529 3335 3834 3376 conversa-

302 3424 627 3497 'designari.
659 3424 796 3479 Post
839 3423 986 3476 ﬁlios
1020 3420 1231 3490 quippe
1273 3418 1401 3472 tiliae
1431 3420 1829 3482 nominantur,
1881 3415 2020 3486 quia

2226 3420 2391 3475 nibus
2422 3415 2734 3473 invenitur.
2764 3417 2899 3480 Quas
2949 3416 3108 3469 Isaac
3134 3413 3277 3482 viso,
3327 3410 3664 3478 descendit;
3699 3409 3839 3480 quia

315 3521 444 3590 post
474 3513 862 3586 apostolorum
897 3517 1268 3581 conspectam
1303 3507 1726 3574 fortitudinem,
1762 3512 1875 3560 tres
1909 3506 2022 3560 dis-
2118 3507 2378 3566 Domino
2410 3507 2656 3579 cognito,
2689 3505 2831 3561 vitia
2866 3521 2975 3559 sua
3016 3502 3310 3573 gentilitas
3341 3500 3608 3568 desemit,
3658 3503 3715 3555 et
3763 3499 3841 3554 ab

315 3588 623 3662 tinctiones
656 3602 915 3656 ﬁdelium
949 3601 1004 3653 in
1041 3597 1309 3653 Ecclesiae
1341 3596 1778 3652 conversatione
1806 3599 2022 3650 secutas
2134 3601 2377 3658 elatione
2409 3595 2770 3652 celsitudinis
2826 3595 2947 3649 ima
2995 3592 3346 3647 humilitatis
3378 3590 3560 3662 petiit.
3619 3588 3752 3652 Qua:
3787 3596 3846 3645 et

318 3702 456 3752 sunt
485 3686 2021 3765 :pastorumvidelicet,etcontinentium,atquccon-
2133 3689 2515 3746 verecundam
2564 3686 2738 3758 pallio
2779 3682 3017 3749 velatur,
3065 3683 3203 3753 quia
3251 3697 3445 3737 coram
3497 3678 3595 3734 illo
3635 3695 3700 3734 ex
3737 3695 3849 3735 an-

313 3787 673 3856 jugatomm-
724 3781 859 3849 [να-
913 3778 1066 3848 ΧΠιο]
1131 3775 1292 3831 Unde
1322 3780 1379 3830 et
1434 3773 1692 3830 Ezecmel
1745 3773 2026 3844 Propheta
2135 3786 2318 3836 teacta
2346 3779 2462 3832 vita
2492 3775 2886 3832 confunditur.
2927 3772 3087 3828 Unde
3119 3777 3175 3827 et
3205 3788 3305 3842 per
3351 3769 3692 3843 Apostolum
3721 3769 3850 3825 eis-

321 3884 433 3930 tres
481 3873 754 3927 liberatos
805 3870 955 3924 viros
987 3868 1221 3922 audisse
1262 3883 1323 3921 se
1356 3865 1582 3930 asserit,
1635 3863 1752 3917 Noe
1784 3862 2024 3928 scilicet,
2137 3871 2268 3926 dem
2303 3867 2568 3940 gentibus
2599 3865 2857 3920 dicitur;
2922 3864 3087 3930 Quem
3116 3878 3241 3933 ergo
3287 3865 3528 3932 fructum
3579 3858 3855 3915 habuisti;

321 3973 376 4024 et
407 3965 727 4028 Danielem,
779 3969 835 4018 et
880 3962 988 4016 Job
1043 3958 1315 4032 (Ezechiel
1355 3959 1492 4029 xw).
1546 3957 1692 4021 Quid
1740 3956 1892 4010 enim
1929 3971 2028 4024 per

2226 3975 2266 4012 rc
2294 3961 2355 4011 in
2385 3957 2519 4023 illis,
2552 3957 2612 4010 in
2633 3954 2832 4026 quibus
2852 3969 3001 4007 nunc
3019 3950 3344 4007 erubescitis
3369 3954 3392 4004 .9
3425 3951 3602 4021 (Rom.
3623 3965 3703 4017 vi,
3727 3949 3855 4017 2t.)

322 4058 461 4121 Noe,
492 4055 591 4126 qui
635 4069 825 4109 aream
869 4052 926 4105 in
986 4050 1160 4105 undis
1209 4047 1374 4114 rexit,
1428 4045 1539 4100 nisi
1586 4043 2026 4117 praepositorum
2139 4047 2286 4114 Quia
2317 4046 2493 4115 igitur
2523 4059 2624 4115 per
2651 4058 2806 4111 oves,
2844 4042 2944 4098 24
2976 4039 3244 4096 Hebraeos
3275 4056 3308 4094 a
3333 4038 3567 4111 pascuis
3589 4036 3735 4109 legis
3775 4038 3854 4093 ad

304 4148 463 4202 'ordo
516 4144 819 4214 signatur;
878 4139 978 4211 qui
1034 4139 1173 4193 dum
1224 4139 1292 4192 ad
1335 4137 1581 4190 formam
1632 4134 1758 4188 vitae
1801 4133 2029 4204 populis
2141 4138 2314 4192 ﬁdem
2345 4135 2640 4190 venientes
2689 4132 3033 4204 accipimus,
3077 4129 3223 4186 nihil
3277 4129 3465 4185 obstat
3514 4131 3578 4184 ut
3607 4142 3712 4200 per
3741 4143 3855 4184 ca-

296 2161 425 2234 Sive
465 2178 616 2234 enim
679 2183 924 2246 quatuor
980 2189 1081 2240 per
1112 2170 1245 2237 tria,
1304 2169 1422 2224 sive
1461 2183 1558 2238 per
1615 2169 1862 2237 quatuor
1894 2161 2000 2215 tria

279 2253 608 2332 ducantur,
659 2269 882 2336 septem
909 2261 969 2316 in
1028 2258 1332 2316 duodecim
1382 2262 1683 2312 vertuntur
1711 2254 1806 2325 (b).
1843 2251 2003 2307 Unde

297 2355 484 2412 sancti
517 2352 784 2426 apostoli,
829 2349 968 2423 quia
1001 2359 1255 2403 sanctam
1288 2345 1630 2400 Trinitatem
1664 2342 1722 2396 in
1755 2345 2006 2412 quatuor

301 2445 566 2517 partibus
621 2441 826 2496 mundi
891 2438 1201 2511 praedicare
1246 2435 1649 2491 mittebantur,
1699 2429 2005 2485 duodecim

301 2538 439 2590 sunt
476 2531 679 2599 electi;
727 2535 789 2586 ut
837 2530 1011 2583 etiam
1063 2542 1304 2582 numero
1359 2523 1765 2594 perfectionem
1820 2523 2010 2574 osten-

306 2627 532 2692 derent,
567 2638 741 2693 quam
768 2620 886 2675 vita
917 2628 968 2675 et
998 2633 1135 2674 voce
1165 2615 1561 2688 praedicarent.

370 2714 462 2771 20.
501 2714 658 2770 Filia:
687 2710 931 2780 ﬁdelium
966 2708 1164 2779 plebes.
1218 2703 1486 2760 Fidelium
1524 2713 1631 2757 (res
1679 2699 1914 2755 ordines.
1941 2729 2008 2740 —-

306 2807 456 2860 Nam
479 2811 606 2858 sunt
639 2809 686 2855 et
719 2809 825 2854 tres
861 2799 1014 2868 ﬁliae.
1060 2796 1208 2860 Quid
1243 2795 1299 2848 in
1335 2793 1583 2858 filiabus,
1618 2791 1730 2845 nisi
1784 2788 1890 2844 23
1922 2788 2011 2842 in-

308 2893 593 2948 ﬁrmiores
634 2888 896 2943 ﬁdelium
943 2887 1139 2957 plebes
1183 2882 1520 2954 accipimus,
1551 2882 1624 2951 (c)
1658 2898 1783 2951 quae
1815 2879 1916 2935 etsi
1940 2879 2011 2933 ad

325 4237 609 4306 praesunt,
631 4234 884 4284 sanctam
908 4227 1222 4283 Ecclesium
1249 4225 1307 4279 in
1343 4221 1729 4278 tentationum
1757 4221 2030 4277 fluctibus

327 4319 590 4391 regunt?
623 4313 768 4382 Quid
806 4334 902 4388 per
933 4315 1251 4382 Danielem,
1289 4315 1459 4384 cujus
1492 4313 1640 4366 mira
1681 4311 2034 4366 abstinentia

330 4406 625 4472 scribitur,
663 4406 772 4460 nisi
802 4405 1228 4461 continentium
1257 4405 1375 4458 vita
1415 4402 1736 4474 ﬁguratur;
1766 4401 1864 4472 qui
1896 4403 2031 4456 dum

2142 4225 2342 4291 melos,
2376 4227 2556 4279 tortos
2601 4221 2887 4288 moribus,
2920 4225 3096 4294 atque
3133 4222 3373 4276 onustos
3409 4215 3696 4274 idolorum
3727 4217 3858 4274 cul-

2141 4315 2320 4381 tibus,
2345 4312 2651 4385 gentilium
2672 4312 2916 4383 populos
2937 4310 3276 4367 sentiamus.
3312 4307 3459 4374 Quia
3479 4307 3636 4364 enim
3659 4323 3720 4364 ex
3757 4322 3857 4362 se-

2146 4405 2410 4477 metipsis
2429 4402 2540 4458 sibi
2559 4404 2905 4458 invenerunt
2923 4402 3057 4458 deos
3076 4417 3215 4472 quos
3239 4399 3515 4467 colerent,
3530 4398 3694 4471 quasi
3713 4415 3748 4453 a
3762 4413 3860 4455 se-

332 4501 560 4561 cuncta,
590 4512 716 4565 qua":
760 4494 962 4548 mundi
998 4498 1154 4560 sunt,
1208 4494 1504 4559 deserunt,
1539 4493 1818 4562 despecta:
1853 4491 2032 4560 Baby-
2069 4493 2405 4565 D'metipsis
2427 4493 2508 4548 eis
2529 4508 2676 4548 onus
2699 4491 2756 4547 in
2783 4494 2954 4547 dorso
2977 4494 3327 4559 excreverat,
3352 4489 3504 4561 quod
3531 4491 3858 4560 portarent.

332 4585 499 4642 ionica
551 4583 664 4638 alta
717 4587 908 4637 mente
967 4579 1389 4635 dominantur?
1433 4580 1581 4645 Quid
1620 4596 1723 4651 per
1768 4581 1890 4649 Job,
1924 4580 2039 4636 nisi

321 4677 620 4733 'bonorum
662 4673 976 4743 conjugum
1036 4670 1151 4725 vita
1205 4669 1509 4738 signatur:
1579 4669 1680 4740 qui
1744 4671 1814 4725 de
1868 4670 2040 4726 rebus

409 4903 482 4974 (a)
512 4899 615 4956 Hic
644 4896 869 4974 variant
899 4894 1056 4974 Mss,
1091 4891 1219 4946 aliis
1243 4890 1473 4974 pionadi
1507 4890 1720 4974 addita,
1748 4890 1878 4974 aliis
1910 4891 2041 4974 plu:

323 4962 502 5041 ribus
553 4969 780 5026 monade
832 4966 1059 5041 _c_zddito,
1089 4963 1578 5041 praeferentibus.
1611 4962 1852 5041 _E§_hi_s
1905 4962 2044 5041 sunt

337 5047 530 5111 Corb.,
563 5044 784 5109 Germ.,
831 5038 977 5094 Utic.
1021 5032 1236 5111 Ibidem
1264 5036 1319 5111 in
1369 5032 1512 5090 Utic.
1570 5039 1626 5089 et
1671 5035 1776 5111 Εὐ.
1811 5033 2042 5105 legitur,

339 5107 546 5172 nostra?
575 5117 744 5171 adun.
771 5107 1010 5166 summa.
1045 5109 1344 5164 Redundat
1391 5123 1608 5161 summa
1655 5107 2046 5177 depravatque

344 5202 602 5240 sensum.
653 5185 965 5254 Gregorius
1005 5185 1217 5252 quippe
1250 5184 1414 5254 vocat
1455 5179 1765 5233 monadem
1821 5178 2042 5254 aduna-

343 5257 564 5310 tionem
611 5249 792 5309 illam'
816 5272 930 5324 qua
970 5249 1039 5308 in_
1075 5249 1277 5308 mundi
1331 5252 1448 5306 ﬁne
1485 5249 1876 5322 congregandi
1909 5256 2049 5306 sunt

344 5326 529 5386 electi,
562 5332 621 5377 ut
651 5342 718 5379 ex
749 5327 1130 5396 sequentibus
1168 5325 1400 5396 patebit.

418 5397 495 5466 (b)
529 5396 718 5462 Rem,
751 5395 1015 5460 Vindoc.,
1047 5396 1270 5450 Ebroic.
1311 5398 1548 5450 vertunt.

418 5470 490 5538 (ε)
520 5469 577 5521 ln
597 5467 1002 5545 eolisvulgatis
1027 5476 1156 5535 post
1175 5468 1501 5545 accipimus,
1541 5466 1820 5545 adjicitur
1845 5485 1856 5521 :
1888 5467 2047 5545 ﬁdem

347 5542 561 5621 Sancte
596 5538 794 5593 Trinit.
821 5540 1078 5603 tenentes,
1124 5539 1272 5606 quod
1322 5538 1616 5608 glossema
1665 5538 2048 5611 rejiciendum

342 5626 705 5670 .censmmus.

421 5684 500 5761 (ά)
547 5682 720 5748 Editi,
771 5681 1084 5736 memoratis
1133 5679 1269 5748 ﬁliis
1317 5688 1366 5736 et
1415 5681 1614 5752 ﬁliab,
1667 5682 2052 5750 renitentibus

2221 4585 2335 4655 [νει
2364 4582 2490 4653 XV.]
2542 4583 2630 4640 2'3.
2684 4583 2878 4638 Potest
2916 4581 3094 4638 etiam
3142 4597 3243 4652 per
3297 4577 3728 4648 camelos,quia
3774 4579 3860 4652 (ἡ)

2150 4673 2488 4730 communia
2531 4676 2670 4728 sunt
2721 4670 3020 4742 animalia,
3074 4669 3581 4726 Samaritanorum
3613 4666 3730 4723 vita
3775 4668 3864 4724 si-

2152 4890 2412 4958 Mss.;et
2442 4892 2650 4960 praeter
2698 4886 2979 4960 Gregorii
3019 4888 3292 4960 mentem,
3344 4883 3518 4960 paulo
3565 4888 3732 4960 antea
3763 4885 3871 4941 do-

2153 4905 2650 5016 MSS..;6I.EPEEGI:
2703 4905 2962 4960 uregoru
3019 4905 3292 4970 mentem,
3344 4905 3518 4972 ρει]ιο
3565 4905 3732 4940 antea
3763 4905 3870 4941 αο-

2153 4968 2334 5020 centis
2365 4967 2434 5016 tri
2483 4977 2550 5016 us
2572 4959 2826 5029 ﬁliabus,
2861 4958 3022 5014 nulla
3059 4957 3311 5014 ﬁliorum
3343 4961 3499 5016 tacta
3546 4956 3870 5026 mentione,

2154 5039 2274 5090 tres
2308 5032 2566 5087 ﬁdelium
2599 5031 2834 5087 ordines
2881 5029 3220 5102 signiﬁcari.

2223 5106 2300 5174 (e)
2337 5105 2436 5159 Ed.
2470 5104 2594 5159 Vet.
2620 5110 2674 5158 et
2706 5103 2866 5168 Rec.,
2896 5099 2964 5174 ad
2991 5101 3418 5174 perceptionem,
3453 5100 3607 5174 quod
3645 5099 3877 5174 babent

2156 5171 2303 5233 Utic.
2336 5184 2392 5232 et
2423 5175 2686 5247 nonnulli
2719 5174 2885 5247 Mss.,
2918 5171 3081 5247 Unus
3114 5173 3352 5247 Vindoc.
3383 5179 3441 5229 et
3471 5171 3553 5228 ‘al.
3588 5171 3658 5228 ad
3673 5173 3876 5247 perfe—

2153 5248 2351 5303 ctionis
2373 5251 2632 5317 gratiam.
2667 5246 2982 5317 Sequimur
3011 5245 3117 5299 Ms.
3151 5243 3317 5299 Corb.

2227 5320 2298 5390 (f)
2332 5316 2511 5374 Vatic.
2542 5324 2602 5390 et
2629 5319 2943 5390 Gussanv.,
2975 5324 3090 5372 tota
3119 5317 3435 5390 gentilium,
3496 5316 3795 5390 mendose.

2230 5388 2306 5459 (g)
2340 5391 2531 5452 Gilot..
2559 5389 2768 5454 Vatic.,
2800 5394 2993 5454 Guss.,
3028 5405 3143 5443 uno
3183 5388 3378 5456 verbo,
3411 5388 3660 5454 intortis,
3699 5404 3875 5460 repu-

2161 5464 2457 5533 gnantib.,
2489 5464 2622 5516 Mss.
2646 5478 2711 5516 ac
2742 5466 2853 5516 vet.
2891 5461 3040 5516 Edit.

2230 5534 2315 5605 (Ιι)
2357 5533 2587 5589 Primus
2634 5533 2819 5602 Rem.,
2867 5547 3153 5589 commune
3191 5537 3272 5589 est
3323 5531 3552 5587 animal.
3612 5530 3781 5587 Corb.
3817 5534 3876 5588 et

2161 5605 2379 5679 Germ.,
2410 5621 2694 5663 commune
2729 5610 2856 5660 sunt
2886 5605 3120 5662 animat.
