4086 6166
218 229 334 289 537

1142 224 1565 290 MORALIUM
1612 225 1756 289 LIB.
1800 230 1847 290 Ι.
1897 262 1974 274 --
2015 228 2095 290 IN
2140 226 2391 292 CAPUT
2436 228 2456 290 Ι
2495 228 2564 290 Β.
2613 231 2776 291 JOB.

3615 241 3733 303 538

219 369 629 440 gnari.Cameli
655 383 911 440 namque
943 368 1264 438 ruminant,
1287 371 1388 425 sed
1425 386 1794 442 nequaquam
1817 385 1917 424 un-
1955 369 2009 437 Α
2041 368 2388 424 ostenditur.
2417 369 2582 425 Unde
2599 369 2927 427 Jerusalem
2961 373 3203 431 tendens
3235 375 3546 446 Dominus,
3581 378 3733 434 asel-

217 461 406 533 gulam
429 459 683 515 findunt.
699 457 1148 530 (a)Samaritani
1165 476 1397 532 quoque
1411 461 1579 532 quasi
1595 461 1922 527 ruminant,

217 554 347 623 quia
383 569 452 608 ex
500 556 661 624 parte
695 551 839 623 legis
882 552 1051 606 verba
1076 551 1404 622 recepiunt;
1438 557 1496 608 et
1527 553 1694 623 quasi
1737 568 1922 623 ungu-

215 642 324 697 lam
375 659 489 698 non
543 642 794 708 ﬁndunt,
829 640 965 713 quia
1009 657 1136 696 eam
1171 659 1271 712 pro
1323 647 1479 713 parte
1511 647 1918 698 contemnunt.

217 734 312 798 Qui
331 736 386 787 et
415 749 593 804 grave
625 747 776 788 onus
809 731 866 786 in
900 731 1072 786 dorso
1105 732 1316 786 mentis
1362 731 1631 799 tolerant,
1666 733 1738 803 (b)
1783 732 1919 804 quia

217 823 270 878 in
291 839 482 888 omne,
507 824 662 893 quod
697 821 937 889 faciunt,
957 821 1082 877 sine
1113 839 1214 892 spe
1235 822 1573 878 aeternitatis
1591 824 1915 879 elaborant.

215 911 397 968 Fidem
451 911 671 983 quippe
727 911 1169 968 resurrectionis
1199 911 1486 968 nesciunt.
1523 915 1587 966 Et
1619 911 1755 982 quid
1789 927 1918 968 esse

218 1002 438 1072 gravius
505 1006 682 1072 atque
741 1000 1013 1057 onustius
1047 1006 1255 1072 potest,
1310 1017 1485 1072 quam
1539 1002 1914 1056 afflictionem

217 1091 395 1146 seculi
452 1091 860 1162 praetereuntis
906 1091 1147 1160 perpeti,
1198 1095 1255 1146 et
1306 1107 1674 1162 nequaquam
1709 1091 1777 1145 ad
1823 1106 1917 1146 re-

217 1179 548 1236 levationem
594 1181 804 1236 mentis
835 1179 1050 1251 gaudia
1101 1180 1590 1237 remunerationis
1639 1181 1918 1251 sperare?

219 1270 316 1324 Sed
342 1271 481 1340 quia
512 1270 572 1325 in
595 1286 764 1325 carne
787 1270 1070 1325 Dominus
1094 1286 1406 1340 apparens,
1438 1275 1494 1325 et
1541 1269 1914 1325 Hebraeorum

214 1359 442 1429 pepulos
495 1359 868 1431 perfectionis
913 1360 1103 1431 gratia
1151 1359 1435 1430 implevit,
1487 1365 1543 1416 et
1590 1359 1913 1415 Samarita-

218 1463 417 1502 norum
458 1448 744 1520 quosdam
804 1449 874 1503 ad
935 1448 1322 1518 cognitionem
1375 1449 1529 1518 fidei,
1564 1450 1708 1504 mira
1739 1465 1916 1521 opera

219 1538 589 1605 ostendendo,
643 1537 950 1609 perduxit;
983 1538 1211 1594 dicatur
1242 1545 1394 1594 recte
1426 1539 1495 1594 de
1527 1539 1754 1606 umbra,
1788 1554 1913 1609 qua:

218 1628 504 1684 veritatem
535 1628 909 1700 exprimeret,
943 1631 1096 1700 quod
1131 1635 1188 1685 et
1221 1636 1442 1701 septem
1480 1629 1658 1685 millia
1695 1630 1909 1696 ovium,

223 1723 275 1774 et
304 1719 648 1775 camelorum
682 1721 795 1776 tria
826 1721 1010 1776 millia
1043 1719 1385 1792 possideret.
1421 1722 1718 1793 Sequitur:

844 1849 1080 1906 CAPUT
1122 1849 1265 1906 XVI.

282 1971 414 2027 Isin.
475 2001 545 2016 -
603 1973 914 2042 Quingenta
1007 1974 1139 2044 iuga
1224 1974 1403 2044 boum,
1472 1982 1521 2031 et
1599 1974 1912 2047 quingentis

221 2078 397 2116 αηηεε.

279 2171 362 2226 23.
405 2172 580 2226 Boum
639 2173 864 2228 nomine
918 2172 1049 2245 quid
1097 2174 1429 2243 designetur.
1493 2175 1636 2244 Quid
1690 2178 1914 2232 nomine

217 2264 510 2316 asinorum.
533 2293 602 2301 —
631 2261 758 2317 Jam
792 2261 1064 2335 superius
1095 2264 1318 2319 dictum
1352 2269 1460 2331 est,
1482 2266 1634 2337 quod
1666 2266 1724 2320 in
1749 2265 1916 2336 quin-

212 2349 560 2421 quagenaria
614 2367 870 2420 numero,
904 2352 1005 2425 qui
1061 2362 1275 2425 septem
1332 2354 1798 2411 hebdomadibus
1849 2373 1912 2412 ac

212 2440 450 2496 monade
502 2440 701 2496 addita
753 2441 1050 2513 impletur,
1101 2444 1333 2515 requies
1383 2445 1754 2516 designatur;
1815 2446 1914 2500 de-

211 2531 369 2587 nario
401 2537 599 2588 autem
621 2549 870 2590 numero
902 2550 1134 2590 summa
1152 2534 1524 2606 perfectionis
1543 2536 1910 2607 exprimitur.

207 2621 349 2685 Quia
426 2637 563 2678 vero
610 2622 881 2680 fidelibus
939 2625 1214 2694 perfectio
1256 2626 1470 2698 quietis
1529 2626 1912 2697 promittitur,

210 2713 370 2783 quasi
403 2713 908 2786 quinquagenario
958 2715 1148 2771 decies
1193 2717 1369 2772 ducto
1402 2718 1472 2771 ad
1516 2716 1916 2789 quingentesi-

207 2817 363 2858 mum
410 2806 767 2875 pervenitur.
829 2805 970 2874 [νει.
1025 2806 1182 2877 XVI.]
1243 2807 1305 2861 In
1363 2805 1661 2877 Scriptura
1720 2811 1913 2862 autem

208 2907 369 2948 sacra
416 2894 597 2950 boum
636 2894 872 2950 nomine
915 2895 1230 2967 aliquando
1273 2897 1560 2953 hebetudo
1594 2897 1915 2964 fatuorum,

207 2982 518 3055 aliquando
553 2986 703 3041 bene
733 2988 1102 3058 operantium
1134 2987 1253 3043 vita
1276 2988 1549 3059 signatur.
1583 2988 1729 3054 Quia
1759 2987 1912 3045 enim

198 3070 364 3127 bovis
395 3071 633 3128 nomine
661 3073 975 3129 stultorum
999 3075 1262 3131 vecordia
1292 3076 1597 3146 ﬁguratur,
1632 3082 1779 3132 recte
1812 3091 1914 3147 per
1943 3109 1986 3178 Ε

205 3162 564 3218 Salomonem
625 3163 875 3220 dicitur:
926 3165 1232 3238 Statimque
1279 3183 1404 3224 eam
1461 3169 1711 3239 sequitur
1753 3168 1914 3238 quasi

209 3251 294 3307 bos
334 3253 529 3309 ductus
571 3255 643 3310 ad
680 3256 954 3311 victimam
999 3257 1274 3327 (Proverb.
1326 3274 1425 3325 vn,
1484 3261 1596 3327 22).
1661 3257 1912 3313 Rursum

207 3341 339 3413 quia
391 3343 567 3399 boum
616 3343 852 3400 nomine
921 3346 1034 3401 vita
1085 3346 1556 3419 uniuscujusque
1613 3348 1911 3418 operantis

205 3432 574 3500 exprimitur,
641 3433 788 3505 legis
858 3441 1141 3508 praecepta
1208 3441 1514 3506 testantur,
1605 3455 1735 3510 quae
1814 3454 1915 3508 per

209 3519 442 3590 Moysen
471 3522 767 3594 praecepit,
814 3523 1044 3580 dicens:
1073 3526 1188 3581 Non
1238 3526 1499 3597 alligabis
1530 3543 1586 3582 os
1644 3527 1766 3583 bovi
1807 3529 1914 3582 tri-

197 3611 424 3666 ‘turanti
452 3613 626 3680 (Deut.
663 3629 793 3679 xxv,
821 3614 894 3685 4).
930 3614 1092 3678 Quod
1128 3621 1326 3688 aperte
1384 3633 1619 3673 rursum
1670 3617 1908 3672 dicitur:

209 3701 414 3770 Dignus
462 3709 542 3756 est
579 3706 864 3774 operarius
920 3706 1164 3762 mercede
1221 3723 1318 3761 sua
1364 3708 1513 3778 (Luc.
1566 3724 1622 3771 x,
1654 3708 1732 3778 7).
1784 3708 1909 3763 Asi-

203 3807 412 3846 norum
449 3807 681 3864 quoque
709 3795 942 3851 nomine
977 3795 1293 3868 aliquando
1318 3796 1623 3852 stultorum
1659 3797 1913 3869 pigritia,

207 3877 519 3950 aliquando
540 3879 930 3938 immoderata
963 3882 1350 3954 petulantium
1375 3884 1626 3953 luxuria,
1648 3885 1913 3956 aliquan-

205 3971 274 4026 do
304 3971 618 4042 gentilium
670 3974 1015 4047 simplicitas
1054 3976 1418 4048 designatur.
1465 3976 1793 4034 Stultorum
1828 3979 1912 4050 pi-

204 4061 380 4132 gritia
438 4061 737 4120 asinorum
799 4064 1185 4136 appellatione
1232 4067 1542 4140 ﬁguratur,
1610 4069 1761 4124 sicut
1816 4084 1917 4139 per

203 4150 434 4220 Moysen
493 4151 706 4208 dicitur
738 4155 893 4210 :Non
923 4156 1107 4211 arabis
1142 4159 1200 4211 in
1261 4155 1388 4213 bove
1415 4159 1585 4212 simul
1643 4161 1691 4214 et
1749 4159 1916 4214 asino

203 4239 384 4308 (Deut.
411 4257 550 4311 xxii,
603 4243 713 4314 10).
773 4245 851 4299 Ac
908 4245 956 4300 si
989 4245 1205 4302 diceret
1248 4262 1259 4300 :
1296 4247 1505 4304 Fatuos
1552 4248 1916 4321 sapientibus

203 4328 260 4384 in
292 4328 704 4401 praedicatione
750 4349 865 4389 non
899 4335 1104 4402 socies,
1142 4352 1210 4392 ne
1243 4353 1343 4407 per
1373 4353 1506 4393 eum
1541 4339 1641 4410 qui
1677 4339 1920 4410 implere

205 4433 324 4474 rem
354 4435 470 4475 non
495 4421 662 4490 valet,
685 4421 770 4476 illi
799 4423 896 4494 qui
922 4423 1194 4497 praevalet
1225 4426 1496 4484 obsistas.
1532 4429 1920 4484 Immoderata

208 4523 440 4579 quoque
496 4509 885 4581 petulantium
937 4512 1166 4569 luxuria
1198 4514 1493 4572 asinorum
1539 4517 1924 4588 appellatione

209 4598 576 4667 exprimitur,
634 4603 699 4655 ut
731 4600 1017 4672 propheta
1047 4607 1315 4672 testatur,
1368 4605 1469 4677 qui
1528 4607 1609 4662 ait
1641 4624 1653 4662 :
1681 4607 1924 4674 Quorum

209 4699 400 4740 carnes
447 4693 576 4742 sunt
623 4695 686 4743 ut
730 4706 923 4746 carnes
977 4692 1262 4748 asinorum
1301 4695 1511 4762 (Ezech.
1571 4711 1736 4764 xxm,
1802 4697 1916 4766 20).

209 4775 513 4832 Asinorum
572 4793 776 4852 rursus
849 4782 1106 4850 nomine,
1174 4782 1516 4855 simplicitas
1582 4785 1926 4857 gentilitatis

278 5017 366 5083 (a)
403 5014 467 5070 ln
500 5015 670 5072 Corb.
703 5021 760 5073 et
780 5017 998 5086 Germ.,
1034 5018 1296 5076 Samarii.
1332 5022 1394 5076 In
1427 5020 1507 5076 Re
1553 5063 1592 5091 .,
1623 5023 1922 5080 Samarei:

248 5087 292 5141 io
346 5086 622 5145 dicuntur
674 5087 774 5145 lib.
805 5107 885 5149 vr.
919 5091 1091 5149 epist.
1143 5093 1282 5149 olim
1309 5093 1364 5149 3.
1395 5096 1452 5148 et
1473 5035 1572 5149 ιίῖ.
1600 5110 1724 5149 νιιι.
1750 5094 1918 5149 epist.

212 5087 622 5215 tqiltiimdzitlmntur
674 5087 774 5145 lib.
805 5107 885 5158 vr,
919 5091 1091 5162 epist.
1143 5093 1282 5149 olim
1309 5093 1364 5162 3,
1395 5096 1452 5148 et
1473 5087 1724 5163 livam,
1750 5094 1918 5167 epist.

213 5173 347 5213 eum
370 5173 459 5213 Zl.

283 5231 366 5306 (b),
390 5229 477 5306 _Ita
501 5231 646 5288 Mss.
673 5233 870 5302 Corb.,
903 5235 1120 5302 Germ.,
1144 5239 1333 5305 Rem.,
1354 5240 1486 5304 etc.,
1515 5254 1580 5292 ac
1612 5237 1916 5306 vet.Edit.,

216 5315 317 5379 prp
339 5302 798 5379 _id_omne,‘quod
830 5306 1046 5379 legitur
1074 5309 1130 5360 in
1157 5302 1340 5363 Vatic’.
1376 5314 1432 5362 et
1461 5302 1630 5365 Guss.

282 5373 353 5447 (ε)
390 5373 579 5442 Rem.,
615 5373 864 5447 Remig.,
889 5373 1070 5435 'vetus
1101 5379 1285 5435 Editio
1335 5379 1534 5446 Basil.,
1567 5382 1647 5436 ita
1680 5381 1916 5438 habent.

282 5394 353 5444 ιε)
393 5394 579 5442 ηοω,
615 5394 777 5434 nem:
827 5420 864 5447 .,
900 5394 1070 5435 vetus
1102 5394 1285 5435 mutuo
1335 5394 1534 5446 basu.,
1567 5394 1647 5436 ita
1681 5394 1916 5438 habent.

215 5443 340 5525 alia
372 5447 532 5525 15543
583 5394 825 5525 sedenrg
862 5451 1098 5525 asinam.
1134 5455 1314 5525 Hanc
1351 5458 1676 5525 sequuntur
1725 5469 1920 5525 recen-

217 5517 389 5596 tiores
437 5517 537 5572 Ed.
580 5520 942 5596 Przeterenda
971 5523 1201 5596 videtur
1230 5522 1388 5594 prior
1415 5517 1606 5595 lectio,
1633 5529 1696 5579 ut
1729 5524 1917 5596 magis

215 5588 494 5670 accedens
514 5591 635 5670 _ad_
663 5594 849 5670 sancti
883 5593 1144 5670 Gregorii
1186 5588 1466 5670 mentem,
1490 5588 1604 5668 qui
1635 5597 1788 5652 intra
1817 5588 1918 5652 ἔι-

220 5658 396 5733 plicat
429 5661 566 5732 quid
591 5663 877 5733 signiticet
901 5658 1119 5733 asinus,
1154 5683 1266 5722 non
1301 5658 1487 5723 asina.
1505 5658 1804 5725 'Ceterum
1834 5683 1917 5723 se-

218 5729 348 5788 dens
377 5729 800 5805 asellum,'etc.,
847 5737 1079 5810 phrasis
1106 5729 1209 5794 est
1254 5739 1528 5813 Gregorio
1585 5755 1702 5799 non
1755 5739 1918 5798 inso-

2031 459 2152 514 lum
2205 458 2423 515 sedisse
2481 459 2820 530 perhibetur
2875 460 3083 531 (Matth.
3140 480 3256 532 XXI,
3313 465 3392 536 5).
3444 467 3591 531 Quid
3647 470 3735 523 est

2031 549 2185 603 enim
2220 547 2800 618 sedendo(e)asinum
2827 551 3152 609 Jerusalem
3175 555 3388 622 venire,
3410 555 3520 611 nisi
3555 555 3742 627 genti-

2029 637 2207 694 litatis
2256 637 2542 710 simplicia
2599 641 2772 694 corda
2822 641 3189 712 possidendo,
3234 661 3300 700 ea
3344 647 3410 700 ad
3451 645 3733 702 visionem

2030 730 2188 801 pacis
2222 731 2471 801 regendo
2502 735 2558 786 et
2609 731 2967 801 praesidendo
3002 734 3369 805 perducere?
3401 737 3564 801 Quod
3621 754 3734 794 uno

2028 826 2084 875 et
2104 819 2252 874 facili
2273 819 2602 875 testimonio
2626 820 2982 876 ostenditur:
3000 824 3131 893 quia
3152 828 3207 878 et
3229 842 3331 895 per
3347 826 3611 898 boves(d)
3633 827 3738 883 Ju-

2027 910 2162 964 daeze
2186 910 2281 966 25
2319 909 2586 981 operarii,
2618 913 2674 964 et
2703 927 2806 981 per
2837 912 3066 966 asinum
3093 913 3338 983 gentiles
3364 916 3560 986 populi
3581 917 3736 972 desi-

2027 1011 2296 1072 gnantur,
2345 1017 2478 1055 cum
2539 1017 2638 1071 per
2680 1001 3023 1072 prophetam
3057 1002 3271 1059 dicitur
3304 1023 3316 1060 :
3351 1005 3612 1075 Cognovit
3647 1010 3738 1063 bos

2023 1106 2382 1160 possessorem
2455 1105 2636 1160 suum,
2704 1094 2754 1146 et
2811 1092 3002 1145 asinus
3047 1109 3284 1164 praesepe
3342 1095 3566 1150 Domini
3646 1099 3738 1152 sui

2026 1179 2179 1250 (lsai.
2213 1194 2261 1245 ι,
2294 1179 2370 1248 3).
2433 1177 2572 1240 Quis
2621 1176 2777 1232 enim
2833 1179 2956 1245 bos,
2994 1178 3105 1234 nisi
3148 1180 3428 1236 Judaicus
3480 1183 3731 1254 pepulus

2025 1268 2266 1336 exstitit,
2301 1267 2466 1336 cujus
2491 1266 2766 1321 cervicem
2793 1267 3000 1338 jugum
3033 1269 3176 1341 legis
3209 1270 3466 1326 attrivit?
3497 1273 3566 1326 Et
3597 1273 3731 1342 quis

2025 1358 2248 1423 asinus,
2302 1356 2414 1412 nisi
2449 1355 2744 1427 gentilitas
2795 1357 2922 1427 fuit,
2956 1376 3126 1428 quam
3171 1360 3416 1430 quilibet
3457 1361 3732 1416 seductor

2024 1449 2235 1518 reperit
2267 1447 2437 1518 quasi
2483 1447 2713 1502 brutum
2747 1448 2987 1512 animal,
3024 1453 3078 1504 et
3121 1449 3282 1504 nulla
3315 1451 3536 1505 ratione
3583 1450 3736 1505 reni-

2023 1541 2172 1606 tens,
2209 1554 2324 1608 quo
2373 1536 2554 1593 voluit
2584 1554 2777 1594 errore
2800 1539 3159 1594 substravit?
3187 1540 3296 1595 Bos
3327 1556 3460 1609 ergo
3502 1555 3730 1610 posses-

2023 1646 2239 1694 sorem,
2273 1631 2328 1682 et
2367 1628 2568 1684 asinus
2623 1629 2851 1683 Domini
2893 1645 3149 1700 praesepe
3182 1629 3464 1699 cognovit,
3498 1628 3633 1700 quia
3676 1633 3733 1685 et

1944 1734 1996 1799 Β
2029 1719 2340 1776 llebraicus
2372 1718 2620 1790 populus
2650 1724 2857 1784 Deum,
2899 1735 3074 1788 quem
3099 1717 3341 1788 colebat,
3370 1719 3471 1773 sed
3499 1718 3730 1788 ignora-

2019 1818 2141 1880 bat,
2177 1811 2414 1884 reperit;
2475 1819 2526 1866 et
2559 1809 2853 1880 gentilitas
2897 1809 3042 1879 legis
3074 1808 3380 1880 pabulum,
3421 1809 3577 1881 quod
3613 1825 3725 1865 non

2021 1905 2291 1971 habebat,
2351 1900 2586 1970 accepit.
2647 1900 2807 1964 Quod
2860 1898 3037 1971 igitur
3086 1899 3354 1970 snperius
3415 1899 3728 1956 nominatis

2021 1995 2228 2052 ovibus
2264 1996 2320 2048 et
2349 1990 2588 2048 camelis
2621 1990 2854 2058 dicitur,
2890 1989 2997 2045 hoc
3046 1989 3291 2046 inferius
3337 1989 3394 2045 in
3453 1989 3641 2045 bobus
3679 1993 3736 2044 et

2021 2084 2205 2141 asinis
2236 2082 2569 2152 replicatur.

2089 2175 2178 2228 24.
2221 2173 2624 2228 Ρνιτάίεαιονεε
2665 2171 2984 2227 Iudaeorum
3027 2171 3179 2226 boves
3200 2171 3336 2240 jugo
3385 2170 3493 2238 legi
3527 2176 3730 2242 pressi.

2021 2295 2087 2304 —
2121 2262 2334 2318 Habuit
2365 2279 2496 2317 vero
2539 2271 2591 2317 et
2623 2270 2754 2317 ante
2811 2261 3216 2330 Redemptoris
3261 2261 3572 2316 adventum
3621 2263 3730 2319 Ju-

2021 2355 2144 2410 daea
2204 2353 2394 2418 boves,
2447 2351 2587 2421 quia
2636 2352 2704 2404 ad
2739 2350 3383 2420 prmdicandum.misit
3413 2352 3725 2421 operarios,

2022 2443 2238 2514 quibus
2271 2458 2406 2498 voce
2444 2441 2716 2495 Veritatis
2761 2439 3002 2495 dicitur:
3062 2442 3142 2496 Vas
3173 2442 3346 2506 vobis,
3397 2441 3723 2513 hypocrita,

2021 2535 2117 2606 qui
2145 2531 2397 2588 circuitis
2420 2548 2574 2585 mare
2605 2536 2655 2586 et
2684 2530 2920 2598 aridam,
2953 2531 3249 2600 utfaciatis
3273 2547 3446 2586 unum
3472 2531 3727 2603 prosely-

2023 2633 2168 2685 tum;
2199 2627 2249 2677 et
2278 2638 2401 2676 cum
2442 2621 2609 2690 fuerit
2647 2621 2842 2690 factus,
2867 2618 3056 2690 facitis
3087 2636 3212 2676 eum
3249 2619 3432 2690 ﬁlium
3459 2620 3730 2691 gehennae

2021 2713 2214 2781 duplo,
2273 2728 2438 2784 quam
2494 2726 2582 2765 vos
2621 2709 2833 2779 (Matth.
2865 2726 3023 2778 χχιιι,
3060 2711 3168 2782 lii).
3228 2709 3383 2773 Quos
3431 2710 3725 2781 graveiu-

2022 2819 2162 2876 gum
2194 2802 2338 2872 legis
2390 2807 2699 2872 presserat,
2729 2799 2869 2870 quia
2893 2799 3172 2856 exteriora
3214 2799 3418 2856 litteras
3449 2800 3731 2857 mandata

2022 2893 2365 2950 tolerabant.
2399 2890 2621 2956 Quibus
2680 2905 2816 2946 voce
2845 2888 3118 2946 Veritatis
3157 2889 3405 2947 dicitur:
3443 2892 3635 2947 Venite
3655 2890 3727 2946 ad

2022 2997 2108 3037 me
2155 2995 2360 3049 omnes,
2392 2979 2493 3051 qui
2550 2979 2806 3034 laboratis
2852 2982 2902 3034 et
2925 2978 3146 3034 onerati
3173 2981 3319 3047 estis,
3349 2987 3400 3035 et
3442 2994 3536 3050 ego
3594 2979 3724 3047 reﬁ-

2023 3073 2169 3130 ciam
2199 3087 2306 3128 vos.
2343 3071 2532 3127 Tollite
2553 3071 2754 3142 jugum
2795 3085 2979 3126 meum
3026 3087 3191 3141 super
3227 3087 3338 3141 vos,
3369 3075 3422 3126 et
3475 3070 3667 3125 discite
3694 3087 3727 3125 a

2025 3180 2127 3231 me,
2152 3163 2286 3234 quia
2315 3161 2466 3218 mitis
2498 3177 2616 3216 sum
2640 3167 2692 3216 et
2715 3162 2942 3218 humilis
2957 3161 3123 3218 corde
3153 3162 3360 3234 (Matth.
3381 3178 3461 3228 x1,
3494 3162 3584 3226 28,
3613 3159 3727 3231 29).

2023 3254 2180 3318 Quod
2241 3269 2376 3325 ergo
2418 3253 2476 3307 in
2527 3250 2838 3323 Evangelio
2877 3251 3021 3308 bene
3064 3252 3466 3308 laborantibus
3497 3249 3727 3321 requies

2023 3344 2402 3415 promittitur,
2428 3343 2537 3400 hoc
2584 3347 2673 3400 est
2702 3343 2857 3414 quod
2900 3342 2993 3398 hic
3018 3344 3161 3414 juga
3192 3343 3368 3400 boum
3407 3343 3726 3414 quingenta

2025 3439 2450 3490 memorantur:
2503 3433 2638 3504 quia
2686 3434 2783 3504 qui
2839 3433 3235 3504 Redemptoris
3279 3431 3539 3488 dominio
3581 3429 3728 3488 colla

2025 3525 2349 3594 subjiciunt
2405 3541 2540 3595 quo,
2601 3524 2712 3580 nisi
2771 3524 2842 3579 ad
2895 3522 3177 3594 requiem,
3228 3523 3533 3579 tendunt?
3579 3522 3724 3593 [νει.

2023 3615 2201 3685 Χνιω
2234 3614 2396 3671 Unde
2426 3617 2482 3671 et
2537 3613 2712 3670 asinae
2741 3615 3076 3686 quingentas
3120 3613 3528 3686 perhibentur;
3591 3610 3730 3682 quia

2024 3709 2234 3763 vocata:
2264 3705 2458 3776 plebes
2487 3705 2814 3775 gentilium,
2847 3705 2985 3760 dum
3021 3705 3093 3760 ad
3138 3705 3394 3777 requiem
3429 3700 3728 3775 pervenire

2024 3796 2375 3863 desiderant,
2410 3799 2622 3850 cuneta
2668 3794 3082 3850 mandatorum
3115 3809 3294 3850 onera
3323 3794 3574 3849 libenter
3605 3807 3730 3863 por-

2024 3885 2345 3940 tant.Unde
2377 3885 2546 3949 bene,
2567 3883 2723 3954 quod
2756 3883 2906 3939 hanc
2931 3884 3188 3955 requiem
3224 3883 3475 3955 populus
3503 3881 3740 3952 gentilis

2026 3978 2344 4046 appeteret,
2358 3974 2538 4029 Jacob
2551 3972 2702 4028 filios
2716 3972 3022 4043 alloquens
3039 3971 3370 4044 prophetica
3383 3971 3490 4026 hoc
3509 3968 3735 4025 studuit

2026 4080 2160 4120 voce
2200 4064 2455 4136 signare,
2492 4063 2731 4118 dicens:
2766 4062 2989 4118 lsachar
3018 4064 3207 4118 asinus
3244 4061 3427 4132 fortis,
3467 4058 3738 4116 accubans

2028 4155 2096 4225 (ε)
2126 4157 2275 4210 inter
2300 4155 2583 4221 terminos,
2605 4152 2742 4210 vidit
2770 4155 3015 4225 requiem
3052 4151 3190 4224 quod
3211 4159 3343 4206 esset
3366 4151 3522 4217 bona,
3554 4155 3604 4205 et
3635 4157 3736 4205 ter-

2027 4260 2151 4299 ram
2181 4245 2329 4315 quod
2373 4245 2601 4316 optima,
2634 4252 2683 4299 et
2727 4245 3006 4315 supposuit
3059 4243 3346 4297 humerum
3396 4239 3466 4295 ad
3501 4245 3734 4311 portan-

2028 4333 2158 4389 dum
2217 4333 2430 4405 (Cenes.
2494 4333 2578 4401 14,
2625 4334 2733 4404 15).
2798 4336 2954 4389 Inter
2993 4331 3271 4389 terminos
3329 4346 3586 4404 namque
3636 4345 3735 4385 ac-

2028 4424 2261 4493 cubare,
2276 4429 2362 4480 est
2377 4422 2705 4495 praestolato
2723 4423 3050 4480 munditiae
3064 4421 3448 4496 requiescere,
3473 4421 3738 4491 nihilque

2033 4515 2103 4570 de
2117 4513 2210 4571 his
2224 4530 2350 4585 que
2371 4514 2597 4571 nuncin
2614 4515 2804 4571 medio
2817 4522 3122 4571 versantur
3136 4513 3515 4586 quaarere,sed
3532 4511 3741 4567 ultima

2034 4604 2383 4660 desiderare.
2406 4603 2706 4676 Fortisque
2731 4604 2934 4661 asinus
2951 4603 3211 4678 requiem
3244 4621 3308 4659 ac
3340 4608 3553 4660 terram
3586 4601 3734 4674 Opti-

2033 4709 2186 4750 mam
2203 4694 2380 4763 videt,
2401 4710 2530 4749 cum
2558 4693 2808 4766 simplex
2828 4695 3123 4768 gentilitas
3145 4694 3360 4750 idcirco
3383 4709 3444 4749 se
3464 4694 3530 4747 ad
3564 4691 3737 4746 robur

2029 4783 2164 4840 boni
2192 4784 2381 4856 operis
2403 4784 2587 4856 erigit,
2605 4785 2743 4856 quia
2765 4786 2836 4841 ad
2856 4790 3080 4842 internae
3106 4785 3234 4842 vita
3254 4782 3499 4856 patriam
3524 4779 3730 4838 tendit.

2029 5020 2177 5089 lens,
2212 5036 2317 5077 nec
2349 5021 2407 5077 in
2457 5021 2838 5092 scriptoribus
2883 5019 3066 5092 sacris
3098 5016 3420 5092 peregrina.
3463 5016 3733 5092 Optatus,

2028 5093 2130 5149 lib.
2164 5087 2206 5148 ll
2229 5094 2299 5149 de
2331 5087 2964 5162 schism.'Donati,cap.
2997 5091 3059 5145 3:
3094 5087 3418 5162 Cathedram
3437 5089 3728 5142 unicam...

2028 5165 2167 5221 sedit
2196 5167 2354 5235 prior
2374 5166 2585 5220 Petrus.
2620 5166 2703 5219 Ita
2733 5163 2833 5218 lib.
2869 5159 3092 5230 1,'cujus
3112 5169 3172 5217 tu
3190 5159 3506 5216 cathedram
3533 5162 3682 5215 sedes
3715 5174 3731 5229 ;

1995 5247 2000 5252 ·
2031 5246 2102 5304 et,
2135 5237 2257 5310 quis
2271 5237 2590 5310 cathedram
2619 5235 2825 5310 sederet
2846 5235 3099 5310 alteram.

2099 5301 2181 5378 (ἀ)
2214 5308 2388 5364 Gilot.
2424 5313 2480 5363 et
2509 5325 2630 5377 seq.
2686 5307 2811 5370 Ed.,
2833 5304 3021 5364 Judaei
3052 5321 3136 5376 op.
3170 5305 3240 5360 At
3281 5303 3448 5378 Gorb.
3479 5301 3729 5378 etgpler.

2027 5376 2192 5446 mea,
2223 5381 2441 5436 Iudaeae
2473 5396 2561 5450 op.
2597 5376 2612 5447 ξ
2647 5379 2800 5447 quod
2839 5380 3108 5435 convenit
3149 5393 3292 5448 seq.,
3317 5377 3507 5432 habuit
3535 5376 3730 5432 Iudaea

2028 5452 2373 5593 bogghgg;
2409 5520 2657 5591 Remig.,
2706 5522 2895 5588 Corb.,
2931 5522 3196 5586 Vindoc.,
3231 5525 3285 5576 et
3335 5537 3476 5590 pene
3508 5535 3726 5586 omnes,

2023 5595 2297 5650 accubans
2330 5596 2386 5650 in
2429 5596 2709 5651 terminos.
2747 5595 2812 5650 Et
2842 5595 3019 5650 infra:
3060 5595 3118 5648 In
3179 5594 3442 5648 terminos
3497 5605 3734 5663 namque

2027 5665 2299 5738 habitare,
2331 5670 2440 5724 etc.
