4086 6166
380 213 500 273 539

1640 212 1913 273 SANC'I‘I
1963 215 2005 274 G
2020 212 2335 275 REGORII
2381 214 2630 276 MAGNI

3740 233 3849 292 540

368 341 677 415 Qua(a)ad
697 343 1045 414 portandum
1077 342 2075 417 humerumsupponit;quiacons-
2106 363 2160 429 Α
2191 346 2324 411 Qua
2376 348 2637 403 convivia
2695 350 2985 419 quomodo
3036 349 3459 421 exhiberentur,
3517 357 3843 435 adjungitur,

374 438 541 504 pecta
583 449 832 505 superna
884 433 1105 506 requie,
1134 433 1437 505 praceptis
1477 432 1648 489 etiam
1711 435 1986 505 gravibus
2018 438 2076 493 in
2189 454 2321 493 cum
2355 438 2620 509 protinus
2652 438 3038 496 subintertur:

377 525 712 599 operatione
736 543 797 582 se
824 525 1081 597 subjicit,
1101 532 1155 580 et
1186 523 1467 597 quidquid
1500 522 1865 581 intolerabile
1897 526 2083 597 pusil-

376 613 675 672 lanimitas
704 613 933 682 asserit,
966 613 1074 669 hoc
1121 613 1170 669 ei
1200 612 1318 669 leve
1349 628 1414 668 ac
1464 611 1629 667 facile
1659 630 1790 685 spes
1822 631 2081 671 remunev

379 704 622 761 rationis
663 702 940 760 ostendit.
975 704 1119 768 Quia
1140 717 1274 773 ergo
1296 702 1367 757 ad
1391 705 1665 757 aeternam
1700 703 1954 774 requiem
1983 720 2081 775 pro

378 795 698 851 electorum
732 797 893 865 parte
912 792 1112 847 Judaa
1142 791 1550 862 gentilitasque
1581 791 1898 865 colligitur,
1931 799 2083 851 recte

381 885 694 958 quingenta
743 884 887 954 juga
936 883 1135 948 boum,
1187 886 1243 938 et
1274 882 1605 954 quingenta
1664 884 1837 939 asina
1881 884 2081 942 haberi

380 975 773 1048 perhibentur.
812 972 1119 1045 Sequitur:

857 1100 1095 1156 CAPUT
1128 1100 1303 1158 XVIII
1335 1104 1453 1175 [νει
1483 1105 1679 1172 XVIII].

452 1217 593 1274 IBID.
628 1249 696 1258 -—
735 1219 808 1274 Ac
834 1217 1061 1288 familia
1091 1220 1271 1275 multa
1296 1221 1488 1276 nimis.

451 1311 542 1363 25.
592 1308 763 1364 Stulti
816 1308 1013 1364 mundi
1049 1311 1207 1380 prius
1251 1312 1426 1366 vocati
1465 1327 1629 1382 quam
1683 1312 1978 1383 sapientes.
2019 1340 2086 1352 --

381 1396 528 1463 Quid
558 1404 665 1467 est,
699 1399 854 1470 quod
889 1398 1051 1470 prius
1083 1398 1423 1454 animalium
1466 1400 1775 1457 multitudo
1807 1401 2091 1457 describi-

386 1491 504 1555 tur,
537 1492 595 1544 et
626 1487 845 1544 familia
884 1487 943 1543 in
975 1497 1231 1544 extremo
1266 1494 1649 1546 memoratur:
1684 1490 1797 1547 nisi
1830 1491 1984 1562 quod
2017 1492 2087 1548 ad

388 1578 777 1650 cognitionem
828 1578 959 1634 ﬁdei
994 1579 1158 1651 prius
1190 1579 1370 1635 stulta
1419 1580 1620 1636 mundi
1661 1581 1899 1637 collecta
1928 1584 2088 1651 sunt,

388 1674 455 1724 ut
499 1672 631 1740 post
659 1669 782 1738 ejus
829 1669 1007 1724 etiam
1058 1674 1252 1725 astuta
1282 1678 1646 1739 vocarentur,
1680 1670 1859 1727 Paulo
1915 1676 2091 1728 attes-

387 1760 570 1824 tante,
602 1757 704 1828 qui
736 1756 846 1812 ait:
882 1758 998 1813 Non
1032 1758 1201 1813 multi
1218 1761 1494 1829 sapientes
1522 1760 1820 1815 secundum
1850 1776 2093 1828 carnem,
2124 1741 2172 1806 Β

383 1862 497 1903 non
526 1847 693 1902 multi
735 1849 997 1918 potentes,
1027 1863 1138 1903 non
1171 1847 1340 1904 multi
1366 1850 1594 1919 nobiles,
1633 1849 1725 1905 sed
1764 1865 1890 1923 qua
1922 1853 2093 1908 stulta

386 1939 513 1991 sunt
541 1935 758 2006 mundi,
781 1936 948 2005 elegit
979 1937 1137 2004 Deus,
1169 1941 1230 1991 ut
1258 1937 1557 2008 confundat
1585 1938 1862 2010 sapientes
1893 1940 1937 2010 (I
1964 1940 2089 1997 Cor.

392 2025 547 2098 1,27)
568 2026 597 2082 ‘I
629 2026 760 2098 Ipsa
795 2040 1051 2097 namque
1079 2032 1291 2082 sancta
1315 2028 1580 2085 Ecclesia
1605 2029 1910 2102 principia,
1940 2030 2095 2086 litte-

396 2132 595 2172 rarum
639 2115 1024 2188 perhibentur
1062 2116 1281 2189 ignara,
1309 2122 1373 2173 ut
1412 2117 1699 2187 videlicet,
1760 2119 1986 2177 cunctis
2034 2120 2095 2177 in

391 2204 867 2277 praedicatoribus
916 2204 1040 2261 suis
1076 2205 1423 2279 Redemptor
1475 2209 1805 2264 ostenderet
1835 2209 1989 2281 quod
2022 2208 2093 2264 ad

390 2294 571 2351 vitam
604 2296 905 2353 credentes
941 2294 1185 2368 populos
1216 2314 1330 2353 non
1382 2314 1596 2369 sermo,
1630 2300 1729 2355 sed
1760 2316 1934 2357 causa
1965 2317 2093 2357 sua-

391 2384 576 2441 deret.
606 2385 922 2456 Sequitur:

842 2511 1070 2569 CAPUT
1096 2512 1287 2571 XVIII
1314 2516 1434 2587 [Vct
1453 2517 1605 2588 XIX].

474 2629 618 2686 Isin.
648 2661 717 2670 —
747 2629 878 2685 Erat
933 2632 1022 2686 vir
1076 2630 1178 2686 ille
1233 2649 1464 2705 magnus
1496 2636 1641 2691 inter
1684 2650 1869 2692 omnes
1908 2636 2098 2692 Orien-

395 2718 552 2776 tales.

466 2811 556 2863 26.
592 2809 841 2865 Christus
877 2810 1227 2866 humanitate
1270 2814 1483 2870 caeteris
1527 2815 1749 2883 similis,
1808 2818 2104 2873 divinitate

396 2902 728 2970 singularis.
760 2930 830 2941 —-
860 2902 1015 2966 Quod
1043 2902 1389 2976 Redemptor
1410 2910 1608 2961 noster
1637 2906 1842 2963 Oriens
1871 2909 2102 2979 dicitur,

395 2986 679 3059 propheta
710 2986 829 3043 26
857 2992 1104 3044 testante
1152 2991 1519 3062 perhibetur,
1592 2995 1693 3066 qui
1724 2996 1804 3050 ait
1838 3014 1852 3051 :
1882 3000 1945 3053 Et
1988 3013 2106 3054 ecce

397 3074 497 3177 vir.
533 3075 721 3181 Oriens
773 3091 971 3181 nomen
1000 3078 1141 3181 eius.
1169 3079 1354 3151 (Zaeh.
1387 3098 1467 3148 vr,
1510 3083 1621 3155 12).
1671 3084 1887 3141 Omnes
1950 3103 2104 3159 ergo,
2138 3114 2187 3181 ο

401 3166 499 3236 qui
537 3166 595 3223 in
646 3167 754 3224 hoc
794 3167 1026 3225 Oriente
1066 3170 1180 3226 ﬁde
1210 3174 1558 3240 consistunt,
1592 3180 1744 3232 recte
1788 3176 2106 3235 Orientales

402 3262 703 3314 vocantur.
737 3258 850 3314 Sed
885 3257 1024 3330 quia
1050 3275 1255 3318 omnes
1279 3262 1545 3321 homines
1574 3267 1981 3324 tantummodo
2002 3269 2105 3325 ho-

402 3346 592 3403 mines
620 3351 784 3416 sunt,
814 3347 941 3418 ipse
970 3356 1164 3405 autem
1213 3352 1414 3409 Oriens
1444 3355 1596 3411 Deus
1638 3360 1694 3412 et
1726 3356 1920 3425 homo,
1954 3365 2103 3416 recte

398 3434 634 3503 dicitur,
684 3439 817 3492 Erat
854 3454 1097 3510 magnus
1151 3440 1300 3497 inter
1337 3458 1521 3499 omnes
1567 3446 1896 3503 Orientales.
1929 3450 2007 3505 Ac
2055 3449 2105 3505 si

390 3531 598 3598 aperte
622 3527 940 3585 diceretur:
984 3529 1222 3600 Omnes,
1254 3533 1353 3603 qui
1388 3536 1446 3590 ln
1478 3535 1592 3592 ﬁde
1613 3536 1730 3593 Deo
1760 3543 2103 3611 nascuntur,

395 3619 828 3690 euperat;quia
856 3635 972 3674 non
1025 3625 1085 3672 ut
1143 3626 1383 3679 cateros
1438 3624 1697 3697 adoptio,
1745 3627 1847 3682 sed
1904 3634 2107 3684 natura

393 3699 564 3758 illum
606 3704 926 3765 divinitatis
952 3710 1183 3778 exultat,
1205 3711 1305 3782 qui
1352 3710 1461 3767 etsi
1495 3711 1856 3770 humanitate
1884 3715 2105 3771 cateris

399 3794 673 3864 apparuit
708 3795 923 3855 similis
967 3800 1274 3859 divinitate
1302 3804 1495 3858 tamen
1537 3803 1753 3859 mansit
1780 3820 1955 3877 super
1980 3820 2103 3862 om-

401 3880 501 3937 nia
522 3883 863 3956 singularis.

756 4022 987 4081 CAPUT
1016 4026 1137 4083 XIX
1168 4027 1315 4099 [Rea
1356 4028 1475 4097 VII,
1512 4032 1636 4088 γει.
1674 4030 1799 4103 ΧΧ].

480 4125 619 4184 Vers.
652 4129 705 4183 4.
737 4160 807 4170 -—
839 4132 914 4187 Et
946 4132 1099 4190 ibant
1140 4134 1248 4205 ﬁlii
1302 4136 1441 4206 ejus,
1499 4142 1551 4191 et
1599 4136 1883 4209 faciebant
1928 4139 2111 4196 convi-

398 4215 495 4269 via
511 4231 610 4285 per
638 4217 844 4275 domos.

471 4302 561 4358 27.
594 4306 656 4360 In
684 4307 820 4376 ﬁliis
875 4311 973 4367 Job
1028 4315 1281 4370 convivia
1336 4314 1737 4387 celebrantibus
1789 4317 2111 4388 praedicato-

407 4404 492 4478 res
530 4392 994 4463 intelligendi.-—
1044 4401 1171 4458 Filii
1208 4403 1416 4459 tacturi
1473 4404 1734 4462 convivia
1777 4422 1879 4478 per
1908 4409 2109 4466 domos

2847 528 3082 585 CAPUT
3112 530 3224 586 XX.

2262 618 2405 672 Iuro.
2434 649 2500 659 —
2526 618 2907 690 Unusquisque
2938 619 2998 675 in
3019 619 3106 675 die
3130 637 3247 678 suo.

2260 708 2349 761 28.
2380 708 2548 764 Juxta
2597 724 2909 765 mensuram
2958 709 3343 780 intelligentiae
3375 715 3630 785 pascendi
3660 719 3848 776 audito-

2193 814 2297 852 res.
2318 830 2384 838 —
2413 799 2467 853 Si
2500 798 2837 870 ignorantia
2864 802 3189 858 obscuritas
3220 803 3345 860 sine
3393 805 3730 864 dubitatione
3757 826 3851 865 nox

2193 888 2385 943 cordis
2442 893 2551 955 est,
2598 889 2930 946 intellectus
2981 908 3096 947 non
3128 893 3418 949 immerito
3466 895 3585 952 dies
3630 902 3856 955 vocatur.

2197 976 2356 1034 Unde
2386 982 2441 1033 et
2472 994 2571 1050 per
2602 978 2851 1035 Paulum
2874 980 3117 1036 dicitur:
3151 983 3304 1038 Alius
3326 982 3541 1054 judicat
3566 985 3701 1042 diem
3732 989 3857 1043 inter

2194 1067 2361 1134 diem,
2410 1068 2557 1124 alius
2622 1068 2841 1137 judicat
2909 1086 3121 1127 omnem
3185 1071 3337 1128 diem
3379 1072 3553 1144 (Rom.
3627 1092 3729 1143 xxv,
3786 1077 3853 1147 5).

2196 1159 2279 1210 Ac
2308 1156 2355 1211 si
2388 1162 2582 1228 aperte
2605 1158 2789 1213 dicat:
2814 1157 2976 1215 Alius
2994 1161 3258 1230 quadam
3276 1160 3571 1218 nonnullis
3594 1163 3855 1219 intermis-

2199 1246 2280 1300 sis
2312 1246 2609 1319 intelligit,
2634 1248 2786 1304 alius
2812 1264 2943 1306 vero
2961 1250 3159 1306 omnia
3182 1253 3255 1322 (b)
3278 1252 3573 1308 intellectu
3595 1253 3856 1325 possibilia

2200 1335 2280 1391 ita
2334 1342 2396 1392 ut
2454 1342 2593 1394 sunt
2642 1339 2887 1397 videnda
2937 1344 3253 1410 cognoscit.
3304 1342 3705 1416 Unusquisque
3746 1359 3860 1414 ergo

2202 1425 2356 1482 ﬁlius
2379 1427 2437 1482 in
2461 1429 2555 1485 die
2586 1446 2692 1485 suo
2716 1430 3045 1487 convivium
3059 1431 3700 1506 exhibet,[quiasanctus
3719 1434 3863 1506 quis-

2200 1535 2313 1589 que
2346 1518 2691 1589 praedicator
2732 1521 2897 1589 juxta
2942 1538 3278 1579 mensuram
3326 1522 3862 1580 illuminataintelli-

2202 1607 2409 1678 gentia
2449 1613 2672 1663 mentes
2708 1610 3067 1666 audientium
3102 1611 3295 1683 epulis
3327 1612 3578 1668 veritatis
3603 1613 3786 1684 pascit.
3812 1613 3864 1667 In

2206 1698 2300 1753 die
2330 1716 2437 1755 suo
2470 1699 2684 1756 Paulus
2710 1702 2917 1758 fecerat
2934 1702 3290 1772 convivium,
3327 1720 3455 1759 cum
3488 1704 3726 1760 dicebat:
3754 1705 3866 1759 Bea-

2203 1787 2368 1843 tiores
2399 1798 2562 1844 erunt
2582 1792 2632 1844 si
2652 1792 2730 1845 sic
2757 1791 3166 1860 permanserint
3195 1793 3503 1848 secundum
3528 1809 3696 1848 meum
3720 1791 3871 1848 consi-

2206 1878 2413 1949 lium(I
2457 1879 2679 1945 Coram,
2715 1880 2826 1951 40).
2861 1880 2940 1937 De
3000 1881 3091 1938 die
3147 1898 3254 1938 suo
3287 1897 3752 1953 unumquemque
3778 1882 3868 1937 ad-

2207 1968 2479 2023 monebat
2528 1970 2801 2040 cogitare,
2835 1985 2966 2027 cum
3028 1972 3277 2028 diceret:
3326 1971 3689 2044 Unusquisque
3711 1972 3763 2027 in
3788 1986 3865 2026 suo

2206 2073 2368 2112 sensu
2398 2057 2638 2113 abundet
2672 2058 2850 2129 (Rom.
2874 2076 2986 2128 xxv,
3017 2061 3093 2130 5).
3125 2060 3441 2133 Sequitur:

2846 2148 3082 2204 CAPUT
3103 2149 3249 2205 XXI.

2279 2237 2420 2292 lein.
2454 2267 2522 2278 ——
2568 2236 2633 2292 Et
2656 2239 2930 2294 mittentes
2960 2240 3227 2295 vocabant
3272 2244 3391 2297 tres
3415 2256 3604 2297 sorores
3630 2254 3762 2308 suas,
3806 2242 3862 2292 ut

2207 2327 2544 2383 comederent
2566 2336 2615 2383 et
2645 2327 2889 2383 biberent
2917 2344 3043 2384 cum
3061 2329 3159 2386 eis.

2279 2419 2461 2474 29.!Ii
2486 2434 2584 2490 per
2603 2418 2751 2489 ﬁlias
2800 2419 2894 2476 Job
2942 2420 3368 2491 signiﬁcantur.
3429 2422 3692 2493 Scriptura
3734 2434 3866 2474 sacra

2210 2510 2366 2566 modo
2385 2510 2557 2580 cibus,
2590 2513 2745 2568 modo
2772 2515 2946 2583 potus.
2977 2542 3047 2554 —
3068 2513 3309 2570 Sorores
3348 2512 3449 2568 lilii
3472 2512 3541 2568 ad
3578 2508 3862 2568 convivium

2214 2605 2455 2656 vocant:
2481 2601 2618 2673 quia
2654 2601 2901 2658 infirmis
2930 2602 3292 2658 auditoribus
3328 2602 3514 2659 sancti
3545 2598 3760 2671 apostoli
3796 2612 3865 2652 re-

2212 2689 2473 2745 fectionis
2501 2707 2766 2763 superna
2793 2692 3006 2764 gaudia
3035 2692 3380 2762 pradicant,
3414 2705 3711 2761 eorumque
3738 2703 3867 2744 men-

2216 2787 2320 2846 tes,
2352 2779 2491 2851 quia
2520 2797 2553 2835 a
2599 2780 2855 2837 veritatis
2880 2780 3089 2851 pabulo
3120 2781 3368 2851 jejunae
3388 2781 3682 2853 aspiciunt,
3712 2774 3868 2833 divini

2214 2869 2431 2941 eloquii
2459 2870 2647 2941 epulis
2692 2876 2955 2942 pascunt.
2991 2871 3131 2943 [νει.
3159 2872 3308 2942 ΧΧΙ.]
3350 2873 3499 2929 Bene
3526 2874 3701 2926 autem
3746 2863 3866 2921 dici-

2214 2963 2347 3015 tur:
2385 2960 2445 3016 Ut
2473 2962 2829 3017 comederent
2876 2968 2927 3017 et
2966 2962 3208 3018 biberent
3262 2979 3394 3019 cum
3447 2962 3545 3018 eis.
3611 2959 3869 3029 Scriptura

2217 3046 2368 3102 enim
2402 3064 2567 3103 sacra
2596 3049 2912 3121 aliquando
2934 3051 3102 3107 nobis
3132 3055 3217 3105 est
3246 3050 3439 3119 cibus,
3471 3046 3756 3121 aliquando
3784 3059 3871 3115 po-

2220 3140 2335 3191 tus.
2369 3136 2544 3192 Cibus
2573 3145 2658 3193 est
2688 3138 2748 3193 in
2797 3138 2937 3195 locis
2969 3139 3430 3208 obscurioribus,
3463 3140 3594 3212 quia
3628 3135 3775 3209 quasi
3793 3148 3870 3188 ex-

2216 3228 2483 3298 ponendo
2542 3228 2852 3301 frangitur,
2896 3234 2953 3285 et
3025 3229 3363 3287 mandendo
3428 3230 3678 3303 glutitur.
3726 3225 3871 3280 Pctus

2214 3334 2347 3374 vero
2380 3324 2468 3375 est
2499 3320 2718 3377 inlocis
2752 3321 3163 3394 apertioribus,
3198 3322 3342 3393 quia
3368 3324 3447 3378 ita
3475 3320 3725 3377 sorbetur
3749 3314 3874 3371 sicut

2212 3407 2525 3465 invenitur.
2561 3411 2765 3466 Cibum
2789 3410 2933 3466 vidit
2957 3411 3241 3483 propheta
3270 3411 3625 3482 Scripturam
3659 3417 3870 3468 sacram,

2215 3500 2309 3571 qui
2370 3503 2704 3571 exponendo
2753 3502 3141 3572 frangeretur,
3188 3516 3322 3556 cum
3381 3501 3633 3556 diceret:
3678 3489 3873 3551 Parvuli

2210 3591 2487 3661 petierunt
2513 3607 2739 3663 panem,
2763 3599 2945 3646 etnon
2992 3594 3110 3646 erat
3140 3588 3241 3661 qui
3275 3593 3558 3661 frangeret
3584 3589 3657 3642 eis
3684 3583 3870 3653 (Thren.

2213 3695 2289 3747 Iv,
2332 3680 2423 3750 4):
2452 3680 2508 3735 id
2538 3684 2648 3749 est,
2682 3680 2895 3736 infirmi
2928 3682 3147 3752 quique
3175 3680 3489 3753 Scriptura
3520 3694 3686 3736 sacra
3714 3672 3873 3730 valen-

2215 3767 2390 3823 tiores
2415 3768 2736 3825 sententias
2769 3770 3060 3841 petierunt
3079 3772 3426 3840 exponendo
3453 3762 3738 3825 comminui
3757 3779 3768 3828 ;

2218 3856 2317 3928 qui
2360 3871 2641 3927 exponere
2688 3858 2899 3915 debeat
2929 3873 3044 3915 non
3070 3856 3221 3914 valet
3249 3857 3522 3915 inveniri.
3547 3856 3737 3911 Potum
3759 3846 3874 3904 vidit

2215 3945 2575 4016 Scripturam
2632 3963 2854 4003 sacram
2913 3946 3211 4018 propheta,
3243 3962 3382 4002 cum
3426 3946 3666 4002 diceret:
3712 3937 3872 3993 Omnes

2214 4035 2458 4091 sitientes
2491 4039 2668 4093 venite
2712 4036 2781 4092 ad
2810 4053 2977 4109 aquas
2998 4036 3154 4108 (Isai.
3206 4053 3291 4107 LV,
3317 4037 3395 4109 1).
3427 4037 3487 4092 Si
3524 4041 3680 4108 potus
3708 4028 3874 4100 aperta

2219 4126 2487 4184 mandata
2527 4144 2642 4184 non
2690 4132 2911 4195 essent,
2943 4143 3045 4199 per
3100 4128 3477 4199 semetipsam
3532 4122 3741 4179 Veritas
3781 4128 3874 4171 non

2218 4217 2528 4273 clamaret:
2577 4216 2639 4272 Si
2669 4218 2791 4288 quis
2840 4217 2977 4287 sitit,
3009 4217 3196 4273 veniat
3252 4217 3330 4273 ad
3361 4232 3447 4272 me
3474 4224 3525 4271 et
3555 4213 3693 4269 bibat
3715 4208 3876 4292 ‘(Joan.

2215 4323 2313 4373 VII,
2336 4306 2446 4375 37).
2473 4305 2643 4369 Quasi
2667 4306 2861 4362 cibum
2893 4309 2950 4362 et
2982 4314 3179 4376 potum
3206 4305 3354 4361 vidit
3396 4302 3669 4377 prOpheta
3708 4294 3876 4353 Judaa

2216 4397 2485 4464 defuisse,
2509 4412 2645 4453 cum
2671 4396 2908 4453 diceret:
2944 4395 3160 4452 Nobiles
3208 4396 3328 4468 ejus
3361 4392 3683 4450 interierunt
3727 4388 3872 4457 fama.

403 4476 588 4547 ibant,
622 4495 757 4539 cum
788 4487 1195 4556 pradicatores
1246 4491 1495 4563 apostoli
1539 4494 1595 4550 in
1628 4476 1871 4553 diversis
1902 4499 2102 4554 mundi

2215 4491 2265 4546 et
2293 4487 2597 4544 multitudo
2627 4488 2744 4559 ejus
2790 4486 2887 4543 siti
2918 4485 3145 4542 exaruit
3172 4485 3325 4557 (Isai.
3363 4502 3416 4553 v,
3450 4484 3558 4554 12).
3593 4484 3874 4563 Paucorutn

398 4565 758 4659 regionibus,
801 4573 1077 4633 virtutum
1095 4578 1302 4650 epulas
1333 4582 1730 4655 audientibus,
1752 4587 2106 4659 quasieden-

396 4653 557 4712 tibus
596 4659 1027 4723 ministrabant.
1057 4665 1218 4725 Unde
1238 4672 1294 4726 et
1315 4670 1534 4729 eisdem
1567 4653 1722 4730 ﬁliis
1741 4653 1813 4734 dre
1841 4678 2107 4735 esurien-

398 4744 557 4825 tibus
613 4750 882 4821 plebibus
955 4753 1201 4814 dicitur:
1259 4759 1393 4815 Date
1458 4763 1577 4818 illis
1626 4780 1715 4821 vos
1772 4770 2107 4825 manducare

396 4821 615 4930 (ﬂblatth.
647 4856 760 4911 xiv,
817 4844 911 4913 17;
962 4862 1057 4914 xv,
1088 4847 1185 4915 32;
1236 4849 1401 4905 Marc.
1434 4867 1513 4921 v1,
1560 4852 1658 4922 37;

398 4927 468 5017 Et
499 4944 774 4991 rursum:
816 4933 1110 4992 Dimittere
1158 4953 1246 4994 eos
1285 4938 1505 5009 jejunos
1550 4942 1697 5010 nolo,
1729 4960 1799 5000 ne
1853 4927 2111 5017 deﬁciant

394 5014 460 5072 in
490 5018 601 5076 via.
635 5019 697 5076 Id
727 5026 839 5091 est,
858 5023 917 5079 in
937 5025 1347 5097 praedicatione
1375 5032 1566 5086 vestra
1587 5030 1819 5088 verbum
1844 5014 2109 5093 consola-

398 5108 577 5165 tionis
610 5113 920 5186 accipiant,
964 5132 1036 5172 ne
1068 5135 1098 5174 a
1157 5118 1420 5175 veritatis
1451 5120 1664 5191 pabulo
1696 5122 1886 5194 jejuni
1922 5141 2111 5183 rema-

400 5202 624 5268 nentes,
662 5201 721 5256 in
750 5202 931 5275 hujus
968 5207 1094 5263 vita
1148 5207 1345 5266 labore
1375 5210 1775 5267 succumbant.
1800 5214 1949 5271 Hinc
1978 5232 2111 5274 rur-

398 5300 530 5380 sum
562 5291 776 5349 eisdem
816 5294 953 5353 ﬁliis
1002 5299 1245 5357 dicitur:
1278 5302 1607 5374 Operamini
1661 5320 1771 5361 non
1791 5306 1976 5362 cibum
2014 5310 2112 5380 qui

396 5373 564 5446 perit,
591 5378 682 5434 sed
702 5384 799 5452 qui
806 5395 1097 5454 permanet
1125 5392 1186 5445 in
1198 5373 1371 5448 vitam
1384 5400 1653 5452 aeternam
1669 5395 1844 5466 (Joan.
1877 5413 1956 5465 vr,
1986 5373 2102 5470 27).

472 5578 550 5655 (α)
577 5578 734 5655 Idem
767 5581 946 5643 Mssa
980 5586 1019 5655 ί)

2216 4578 2433 4650 ειυίρρθ
2483 4582 2571 4634 est
2628 4556 2796 4633 fortia
2843 4580 2899 4632 et
2929 4574 3155 4632 occulta
3184 4575 3279 4631 27
3344 4583 3717 4643 cognoscere;
3748 4556 3873 4650 mul-

2215 4648 2409 4732 torum
2457 4684 2614 4735 vero,
2660 4666 2912 4723 historia
2951 4669 3149 4738 aperta
3180 4664 3421 4721 sentire.
3451 4663 3520 4718 Et
3560 4657 3758 4715 idcirco

2218 4758 2352 4814 daa
2402 4757 2627 4815 nobiles
2686 4773 2801 4813 non
2845 4755 2962 4824 siti,
2997 4756 3097 4811 sed
3147 4754 3297 4810 fame
3353 4751 3639 4810 interiisse
3668 4741 3869 4803 asserit;

2221 4848 2360 4921 quia
2388 4847 2448 4903 hi
2488 4847 2585 4917 qui
2617 4862 2861 4918 praesse
2891 4845 3256 4914 videbantur,
3288 4843 3429 4900 dum
3461 4845 3606 4897 totos
3658 4851 3715 4893 se
3739 4832 3872 4888 exte-

2219 4937 2357 4994 riori
2386 4936 2782 5010 intelligentia
2828 4937 3121 5005 dederant,
3154 4936 3310 5006 quod
3345 4935 3414 4990 de
3455 4923 3870 5016 inﬁmisque}:-

2219 5026 2412 5085 tiendo
2439 5028 2770 5085 mandarent
2798 5042 2916 5084 non
2946 5025 3257 5082 habebant.
3290 5022 3437 5091 Quia
3454 5035 3583 5078 vero
3611 5010 3869 5073 sublimio-

2219 5120 2384 5175 ribus
2428 5118 2499 5174 ab
2532 5118 2755 5174 interno
2802 5116 3092 5173 intellectu
3144 5112 3504 5176 cadentibus,
3540 5100 3867 5197 parvulorufi

2221 5206 2610 5279 intelligentia
2648 5211 2706 5264 et
2736 5207 2794 5263 in
2844 5207 3222 5264 exterioribus
3252 5205 3590 5266 exsiccalur,
3613 5197 3751 5251 recte
3778 5181 3872 5279 illic

2220 5275 2595 5378 adjung'itur:
2645 5298 2932 5356 Multitudo
2961 5302 3083 5368 ejus
3139 5298 3233 5353 siti
3263 5293 3508 5384 exaruit.
3540 5275 3874 5384 acarspgrtf

2221 5372 2434 5452 diceret
2464 5412 2477 5450 :
2512 5394 2649 5449 dum
2671 5390 2883 5460 vulgus
2923 5389 3051 5444 vita
3092 5404 3212 5443 sua
3244 5382 3499 5444 studium
3530 5372 3748 5439 deserit,
3769 5372 3873 5438 jam

1027 5605 1106 5645 ua
1134 5592 1666 5671 et_ati_portandum,
1690 5598 1985 5671 humerum
2015 5600 2266 5671 apponit.

474 5654 549 5724 (b)
587 5654 777 5723 Corb.,
806 5654 1115 5717 GermIac.
1149 5662 1230 5732 pl.
1250 5654 1391 5720 Mss.
1435 5682 1568 5724 cum
1597 5654 1711 5729 vet.
1744 5670 1894 5728 Edit.
1928 5654 2107 5731 Pari's'.
2133 5654 2200 5729 et
2230 5668 2427 5741 BasiL,
2458 5669 2644 5727 omnia
2674 5667 2743 5723 ad
2773 5666 3119 5724 intellectum
3145 5656 3447 5736 possibilia.
