4086 6166
237 197 356 259 541

1178 192 1598 257 MORALIUM
1646 192 1791 254 LIB.
1841 191 1890 251 Ι.
1940 224 2014 236 -
2057 188 2134 251 ΙΝ
2178 189 2436 252 CAPUT
2479 192 2502 253 Ι
2545 191 2614 251 Β.
2661 190 2824 253 JOB.

3660 195 3777 253 342

231 347 342 387 nec
365 332 581 388 ﬂuenta
611 330 871 389 historiae
892 331 1165 404 exquirit.
1199 333 1266 387 Et
1295 334 1520 388 occulta
1551 332 1699 388 sacri
1733 327 1949 403 eloquii
1980 329 2034 397 Α
2067 328 2155 384 nis
2206 327 2474 401 gloriam,
2508 325 2930 399 cogitationum
2983 325 3280 398 pulverem
3333 331 3579 398 tergere,
3613 340 3772 397 gres-

230 423 515 477 mandata
545 431 597 478 et
633 431 793 494 apert
823 440 857 479 a
887 439 948 477 se
981 421 1338 479 intellexisse
1383 428 1693 490 testantur,
1728 424 1828 494 qui
1860 439 1954 478 re-

226 511 502 584 probanti
543 528 606 568 se
633 511 822 583 judici
867 517 1287 583 conquerentes
1336 513 1566 568 dicunt:
1600 513 1952 570 Manducavi-

223 618 357 657 mus
384 606 436 656 et
466 601 707 657 bibimus
737 617 920 657 coram
954 611 1003 657 te
1044 602 1198 673 (Luc.
1230 619 1352 671 xm,
1394 604 1510 674 26).
1554 604 1709 668 Quod
1756 608 1952 674 aperte

224 690 575 762 exponendo
607 692 1011 763 subjungunt:
1047 693 1109 746 Et
1138 693 1201 747 in
1246 693 1446 763 plateis
1479 696 1682 748 nostris
1714 693 1952 749 docuisti

231 776 614 849 (Ibid.).0uia
644 795 779 850 ergo
825 793 986 835 sacra
1035 779 1260 851 eloquia
1289 781 1348 836 in
1396 781 1539 838 locis
1599 782 1950 838 obscuriori-

229 871 350 926 bus
379 871 721 940 exponendo
753 869 1122 942 franguntur,
1151 870 1208 926 in
1240 871 1384 927 locis
1403 888 1532 928 vero
1562 874 1952 945 apertioribus

227 960 337 1028 ita,
368 965 434 1015 ut
468 961 706 1016 inventa
736 960 972 1031 fuerint,
1021 965 1314 1032 potantur,
1350 962 1578 1019 dicatur
1609 968 1791 1020 recte:
1820 965 1954 1020 Hit-

223 1051 402 1104 tentes
432 1051 698 1104 vocabant
725 1058 836 1106 tres
865 1065 1076 1106 sorores
1105 1068 1251 1120 suas,
1286 1056 1344 1107 ut
1383 1052 1728 1109 comederent
1780 1063 1830 1110 et
1862 1055 1950 1110 bi-

228 1138 423 1192 berent
451 1154 578 1193 cum
608 1141 705 1194 eis.
733 1145 812 1196 Ac
845 1139 889 1195 si
924 1145 1122 1211 aperte
1153 1141 1750 1199 dicereturzinﬁrmos
1781 1160 1955 1215 quos-

228 1244 344 1299 que
376 1228 597 1285 blanda
624 1230 694 1284 ad
727 1245 787 1286 se
821 1232 1197 1302 persuasione
1235 1233 1622 1304 deducebant,
1669 1240 1956 1305 quatenu-

229 1333 445 1374 eorum
468 1323 716 1383 mentes,
738 1324 793 1375 et
811 1337 1023 1392 magna
1056 1337 1158 1394 per
1178 1323 1732 1395 contemplationem
1773 1325 1956 1385 disse-

228 1413 437 1464 rentes
479 1413 804 1479 pascerent,
836 1415 894 1466 et
943 1427 1116 1482 parva
1165 1429 1265 1481 per
1305 1413 1609 1472 historiam
1659 1417 1952 1473 tradentes

239 1498 561 1555 nutrirent.
585 1499 896 1571 Sequitur:

689 1589 923 1646 CAPUT
951 1591 1103 1648 xxn
1135 1593 1284 1665 [νει.
1323 1593 1494 1666 xxu].

2059 435 2279 491 susque
2311 420 2503 475 cordis
2535 420 2603 474 ab
2636 419 2863 474 interna
2894 417 3144 474 elatione
3168 416 3487 473 mundare?
3521 416 3634 472 Nec
3666 417 3771 473 ob-

2060 514 2172 564 stat
2202 509 2274 564 ab
2302 509 2636 564 omnimoda
2669 506 2999 562 Mediatoris
3041 506 3285 561 scientia
3316 506 3469 578 quod
3516 505 3729 560 dicitur
3755 521 3770 561 :

2060 600 2140 653 Ne
2167 600 2337 667 forte:
2370 597 2511 652 Nam
2545 606 2750 651 cuncta
2781 595 2991 663 sciens,
3027 595 3126 650 sed
3162 594 3309 666 (c)in
3343 592 3636 650 locutione
3673 609 3776 649 sua

2060 687 2444 760 ignorantiam
2471 692 2722 743 nostram
2756 686 3104 757 suscipiens.
3139 684 3237 741 28
3270 689 3443 755 atque
3468 685 3608 739 dum
3640 700 3777 739 sus-

2061 779 2203 849 cipit
2231 779 2465 847 docens,
2516 793 2938 848 nonnunquam
2974 775 3141 847 quasi
3191 792 3259 832 ex
3316 779 3509 831 nostra
3540 774 3777 830 dubita—

2061 877 2216 932 tione
2265 876 2540 947 loquilur,
2589 875 2743 932 sicut
2773 874 2945 930 dicit:
2998 875 3174 929 Filius
3231 874 3469 928 hominis
3525 874 3770 935 veniens,

2057 974 2241 1036 putas,
2296 961 2538 1017 inveniet
2603 960 2760 1029 ﬁdem
2812 975 2976 1030 super
3027 967 3229 1014 terram.
3270 958 3420 1029 (Luc.
3472 973 3630 1023 xvm,
3690 955 3774 1024 3).

2061 1051 2313 1124 Expletis
2344 1067 2479 1123 ergo
2512 1049 2813 1114 conviviis,
2838 1048 3188 1104 sacrificium
3219 1048 3321 1103 Job
3351 1062 3451 1119 pro
3480 1045 3616 1100 filiis
3691 1046 3778 1099 of-

2060 1143 2248 1198 ferens
2278 1142 2534 1196 dicebat:
2570 1140 2646 1195 Ne
2672 1144 2820 1210 [orte
2854 1140 3199 1211 peccaverint
3247 1137 3364 1208 [itii
3416 1137 3545 1203 mei,
3577 1143 3629 1190 et
3683 1134 3776 1190 be-

2061 1233 2376 1289 nedircerint
2417 1232 2521 1286 Deo
2553 1232 2613 1285 in
2641 1229 2893 1286 cordibus
2923 1229 3070 1291 suis;
3103 1229 3240 1299 quia
3289 1227 3640 1297 Redemptor
3679 1241 3775 1280 no-

2063 1327 2180 1378 ster
2213 1325 2521 1392 postquam
2554 1318 2957 1390 praedicatores
2987 1334 3126 1374 suos
3153 1335 3186 1372 a
3217 1315 3387 1372 malis
3430 1316 3777 1386 impugnan-

2062 1412 2220 1467 tibus
2251 1409 2442 1478 diluit,
2477 1409 2652 1465 etiam
2686 1409 2833 1464 inter
2864 1409 3018 1464 bona
3050 1424 3179 1479 quae
3201 1409 3437 1479 egerant
3459 1423 3489 1461 a
3509 1402 3774 1460 tentatio-

2064 1502 2240 1557 nibus
2260 1498 2537 1556 defendit.
2563 1498 2836 1570 Sequitur
2867 1514 2884 1554 :

2349 1607 2582 1663 CAPUT
2605 1606 2784 1662 XXIV
2817 1605 2950 1676 [Vet.
2977 1606 3168 1668 XXIV;
3203 1607 3326 1660 Rec.
3356 1604 3472 1674 IX].

595 1679 935 1785 Ϊ-,σίξῗδθηέ
977 1681 1038 1737 in
1075 1683 1289 1785 θνᾷῗηδ,
1319 1687 1780 1785 ίῗαηδίδκηίάίθδ
1825 1707 1956 1748 ⁸0⁷³·
1991 1704 2030 1769 Β
2136 1719 2278 1771 ΙΒιο.
2313 1747 2379 1756 -
2403 1716 2490 1770 Sic
2509 1715 2749 1785 faciebat
2777 1716 2872 1772 Job
2903 1717 3110 1770 cunctis
3139 1713 3350 1770 diebus.

235 1768 388 1825 vivii
443 1770 690 1826 mittebat
731 1771 847 1839 Job,
880 1778 934 1828 et
982 1773 1360 1842 sancti/icabat
1419 1792 1538 1832 eos:
1594 1795 1953 1851 consurgens-

234 1876 342 1932 que
369 1859 620 1916 diluculo
640 1861 900 1933 oﬂerebat
929 1862 1243 1921 holocausta
1269 1869 1647 1938 persingulos.

307 1949 397 2004 30.
434 1950 683 2007 Christus
701 1953 1126 2024 pradicatorum
1148 1972 1372 2012 suorum
1402 1960 1561 2014 corda
1606 1963 1851 2020 mundat.
1885 1998 1954 2006 —

230 2040 294 2096 ln
329 2041 530 2096 orbem
564 2041 689 2098 dies
734 2042 981 2100 convivii
1040 2050 1366 2113 transeunt,
1408 2065 1541 2104 cum
1595 2053 1955 2123 praedicatio-

233 2147 380 2186 num
436 2130 768 2188 ministeria
827 2139 1200 2207 peraguntur.
1238 2135 1607 2210 Peractisque
1651 2144 1950 2211 conviviis,

231 2215 653 2274 holocaustum
677 2219 787 2276 Job
819 2237 919 2292 pro
947 2221 1084 2278 filiis
1116 2223 1359 2286 obtulit;
1393 2227 1530 2297 quia
1551 2245 1653 2299 pro
1671 2232 1954 2303 apostolis

235 2307 308 2361 de
382 2307 793 2377 praedicatione
852 2311 1261 2383 redeuntibus,
1317 2314 1548 2371 Patrem
1600 2317 1955 2392 Redemptor

242 2396 520 2452 exoravit.
558 2397 710 2453 Bene
741 2403 934 2455 autem
961 2401 1240 2458 mittendo
1283 2405 1651 2463 sanctiﬁcare
1699 2409 1951 2479 dicitur;

236 2486 382 2558 quia
414 2485 558 2543 dum
590 2493 858 2544 sanctum
883 2489 1189 2561 Spiritum,
1226 2493 1306 2566 (α)
1358 2494 1457 2566 qui
1490 2513 1522 2551 a
1561 2513 1624 2552 se
1673 2501 1954 2571 procedit,

238 2575 667 2647 discipulorum
699 2579 972 2636 cordibus
1003 2581 1227 2650 tribuit,
1262 2583 1506 2655 quiquid
1544 2585 1725 2658 culpa:
1765 2589 1957 2646 inesse

239 2665 435 2737 potuit
460 2669 824 2724 emundavit.
860 2669 1147 2741 Recteque
1175 2672 1246 2727 ad
1289 2673 1581 2730 otl‘erenda
1618 2676 1958 2735 holocausta

241 2755 500 2812 diluculo
533 2774 884 2831 consurgere
907 2759 1278 2832 perhibetur;
1313 2763 1452 2834 quia
1474 2781 1574 2836 per
1635 2767 1742 2823 hoc
1801 2770 1956 2839 quod

244 2862 350 2917 pro
382 2847 551 2902 nobis
575 2848 1014 2906 intercessionis
1039 2867 1162 2907 sua
1191 2852 1525 2923 petitionem
1557 2857 1784 2924 obtulit,
1845 2859 1959 2914 dis-

240 2951 412 2990 cussa
434 2937 651 2993 erroris
690 2943 876 3006 nocte,
908 2939 1179 2996 humanas
1235 2943 1448 2998 mentis
1503 2946 1775 3002 tenebras
1822 2947 1958 3003 illu-

232 3025 469 3093 stravit;
507 3043 579 3082 nc
611 3042 720 3096 quo
751 3028 970 3099 peccati
1002 3030 1290 3103 contagio,
1315 3049 1384 3088 ex
1411 3031 1537 3105 ipsa
1594 3037 1951 3107 praedicatio-

233 3112 324 3168 nis
346 3115 558 3185 gratia,
593 3131 759 3173 mens
799 3116 860 3174 in
918 3119 1142 3175 occulto
1190 3120 1512 3191 polluatur;
1549 3140 1620 3180 ne
1651 3123 1763 3182 sibi
1821 3143 1951 3198 quae

233 3203 356 3274 agit
386 3203 610 3261 tribuat
643 3223 657 3273 ;
691 3223 764 3262 ne
785 3207 899 3262 sibi
932 3208 1244 3266 tribuendo
1273 3228 1398 3282 qua)
1449 3213 1674 3284 agebat,
1708 3215 1952 3274 amittat.

231 3290 394 3349 Unde
427 3299 581 3350 recte
603 3296 1026 3369 subjungitur:

482 3383 713 3441 CAPUT
742 3386 927 3442 XXIII
953 3388 1095 3461 [νει.
1125 3390 1289 3445 XXIII
1313 3405 1327 3460 ;
1363 3391 1484 3448 Rec.
1527 3393 1656 3466 VII].

305 3472 452 3569 Isin.
478 3504 548 3569 _—-
582 3473 808 3569 Dicebat
837 3479 1005 3546 enim,
1039 3481 1121 3534 Ne
1147 3481 1292 3547 forte
1317 3485 1666 3553 peccaverint
1681 3483 1791 3554 ﬁlii
1819 3482 1949 3569 mei,

234 3567 292 3615 et
324 3560 706 3621 benedixerint
733 3567 836 3621 Deo
858 3567 916 3622 in
947 3567 1201 3625 cordibus
1230 3571 1362 3626 suis.

308 3651 396 3704 31.
429 3651 650 3708 Macula:
678 3671 711 3709 a
736 3656 1196 3725 praedicatoribus
1233 3667 1532 3718 contractae
1561 3663 1826 3732 quomodo
1864 3661 1951 3716 di-

233 3739 546 3799 luendz.--
576 3749 691 3800 Deo
722 3744 938 3818 quippe
977 3747 1340 3817 benedicere,
1370 3750 1429 3806 id
1462 3757 1550 3808 est
1582 3752 1949 3820 maledicere,

232 3834 326 3885 est
355 3831 427 3886 de
449 3832 575 3901 ejus
607 3849 852 3891 munere
884 3836 998 3893 sibi
1043 3837 1291 3908 gloriam
1324 3841 1602 3911 praebere.
1630 3841 1950 3899 Underecte

233 3919 456 3975 sanctis
488 3921 768 3991 apostolis
791 3932 916 3994 post
946 3926 1416 3996 pradicationem
1450 3929 1735 3986 Dominus
1773 3931 1950 4002 pedes

226 4004 368 4062 lavit
401 4008 580 4077 (Joan.
615 4027 741 4081 xm,
770 4012 862 4083 5),⁸
914 4020 975 4068 ut
1047 4014 1316 4072 videlicet
1347 4023 1543 4090 aperte
1600 4024 1952 4076 monstraret

222 4095 360 4165 quia
388 4097 738 4172 plerumque
768 4110 822 4157 et
846 4100 906 4157 in
939 4102 1089 4160 bono
1121 4120 1293 4176 opere
1324 4107 1543 4178 peccati
1580 4109 1774 4181 pulvis
1810 4125 1948 4167 con-

224 4184 506 4255 trahitur,
557 4193 616 4245 et
648 4188 785 4246 inde
842 4191 1228 4262 inquinantur
1280 4195 1525 4268 vestigia
1582 4198 1950 4270 loquentium

225 4275 381 4330 unde
405 4276 772 4334 audientium
798 4280 970 4336 corda
1023 4283 1404 4340 mundantur.
1432 4285 1576 4343 Nam
1622 4304 1774 4357 saepe
1807 4305 1951 4345 non-

229 4363 375 4418 nulli
409 4365 548 4421 dum
580 4366 1001 4426 exhortationis
1032 4373 1204 4427 verba
1236 4373 1816 4446 faciunt,quamlibet
1864 4382 1948 4435 te-

2134 1811 2223 1864 32.
2257 1809 2637 1863 Hotocaustum
2675 1825 2707 1862 a
2741 1807 2950 1861 Christo
3004 1821 3102 1877 pro
3157 1806 3313 1860 nobis
3363 1804 3571 1875 jugiter
3612 1802 3768 1858 obla-

2064 1904 2198 1954 tum.
2234 1899 2468 1954 Cunctis
2499 1898 2701 1952 diebus
2730 1898 2837 1951 Job
2869 1896 3220 1952 sacrificium
3246 1894 3450 1951 offerre
3487 1909 3602 1950 non
3647 1907 3770 1948 ces-

2063 1993 2185 2056 sat;
2221 1986 2356 2058 quia
2379 1987 2503 2042 sine
2528 1985 2953 2041 intermissione
2992 2001 3094 2056 pro
3142 1984 3308 2041 nobis
3364 1982 3772 2038 holocaustum

2064 2078 2413 2149 Redemptor
2441 2076 2723 2143 immolat,
2759 2076 2855 2146 qui
2888 2076 3013 2131 sine
3035 2075 3352 2130 cessatione
3394 2072 3543 2129 Patri
3600 2087 3769 2129 suam

2064 2184 2166 2239 pro
2201 2168 2370 2224 nobis
2423 2167 2880 2221 incarnationem
2931 2169 3308 2221 demonstrat.
3369 2165 3500 2235 Ipsa
3556 2162 3772 2234 quippe

2065 2259 2192 2328 ejus
2253 2256 2579 2312 incarnatio
2629 2260 2840 2310 nostra:
2881 2255 3317 2310 emundationis
3376 2252 3590 2307 oblatio
3647 2254 3768 2317 est;

2063 2363 2316 2417 cumque
2347 2362 2407 2402 se
2437 2345 2735 2402 hominem
2767 2345 3041 2412 ostendit,
3074 2343 3287 2400 delicta
3307 2341 3564 2398 hominis
3592 2340 3772 2396 inter-

2062 2437 2300 2492 veniens
2329 2436 2517 2491 diluit.
2551 2436 2620 2490 Et
2648 2435 3032 2490 humanitatis
3062 2451 3181 2490 suis
3215 2433 3488 2503 mysterio
3519 2444 3770 2503 perenne

2065 2527 2414 2582 sacriﬁcium
2442 2524 2730 2593 immolat,
2756 2525 2896 2596 quia
2935 2529 2992 2580 et
3026 2525 3145 2580 haec
3186 2528 3322 2579 sunt
3367 2527 3585 2579 aeterna
3643 2535 3766 2591 qua

2067 2618 2332 2672 mundat.

2137 2707 2222 2761 33.
2259 2706 2393 2777 [νει.
2453 2706 2620 2776 XXV.]
2656 2705 2807 2776 Quid
2853 2706 3113 2760 hactenus
3158 2704 3223 2758 de
3265 2718 3426 2758 sensu
3471 2701 3664 2755 histor.
3713 2704 3768 2754 et

2065 2798 2314 2869 altegor.,
2342 2797 2734 2868 quiddeinccps
2763 2797 2827 2852 de
2854 2793 3526 2865 moratiprosequendum.
3555 2821 3626 2833 —
3651 2789 3766 2861 Igi-

2067 2894 2164 2943 tur
2181 2888 2313 2958 quia
2335 2887 2396 2943 in
2417 2887 2540 2957 ipso
2563 2885 2941 2956 expositionis
2972 2884 3202 2940 exordio
3234 2884 3316 2939 sic
3346 2897 3596 2955 persona
3615 2879 3768 2935 beati

2067 2979 2170 3033 Job
2202 2976 2464 3032 nuntiari
2494 2976 2805 3031 Dominum
2839 2974 3116 3041 diximus,
3143 2977 3208 3028 ut
3231 2972 3526 3044 designari
3557 2986 3657 3040 per
3699 2968 3769 3022 il-

1983 3079 2025 3146 C
2063 3067 2183 3122 lum
2209 3071 2383 3138 caput
2411 3070 2467 3122 et
2495 3081 2726 3137 corpus,
2760 3065 2815 3119 id
2857 3071 2961 3133 est,
2991 3064 3288 3119 Christum
3338 3067 3395 3116 et
3448 3059 3766 3116 Ecclesiam

2063 3158 2422 3214 diceremus:
2457 3161 2760 3227 postquam
2791 3159 2967 3227 caput
2997 3158 3261 3210 nostrum
3293 3150 3586 3223 quomodo
3616 3149 3765 3205 desi-

2061 3252 2306 3320 gnatum
2338 3247 2628 3314 credatur,
2703 3245 3092 3315 ostendimus,
3150 3258 3307 3300 nunc
3353 3257 3565 3312 corpus
3612 3240 3762 3310 ejus,

2059 3339 2212 3409 quod
2247 3353 2353 3394 nos
2388 3353 2615 3400 sumus,
2641 3337 2935 3408 quomodo
2982 3334 3360 3407 exprimatur,
3405 3332 3760 3388 indicemus:

2061 3433 2124 3484 ut
2144 3428 2284 3499 quia
2305 3427 2637 3483 audivimus
2667 3443 2735 3482 ex
2765 3427 3004 3482 historia
3035 3426 3191 3497 quod
3225 3425 3528 3489 miremur,
3553 3436 3768 3493 cogno-

2061 3518 2252 3573 vimus
2276 3532 2344 3575 ex
2369 3516 2555 3588 capite
2585 3517 2739 3587 quod
2773 3516 3106 3581 credamus;
3140 3515 3574 3570 consideremus
3609 3527 3764 3566 nunc

2062 3623 2128 3662 ex
2160 3622 2400 3678 corpore
2431 3606 2587 3676 quod
2614 3605 2856 3661 vivendo
2886 3609 3211 3661 teneamus.
3237 3603 3300 3659 In
3332 3599 3765 3672 nobismetipsis

2062 3712 2318 3767 namque
2373 3695 2653 3750 debemus
2710 3695 3119 3750 transformare
3178 3694 3332 3766 quod
3391 3691 3670 3763 legimus;
3705 3693 3765 3746 ut

2062 3802 2191 3841 cum
2227 3802 2326 3854 per
2355 3785 2620 3839 auditum
2645 3800 2706 3839 se
2736 3783 2964 3839 animus
3005 3783 3237 3851 excitat,
3294 3783 3365 3838 ad
3401 3781 3762 3853 operandum

2060 3875 2210 3946 quod
2236 3872 2484 3929 audierit
2512 3873 2629 3928 vita
2658 3876 2988 3928 concurrat.

2379 3987 2614 4044 CAPUT
2644 3988 2796 4044 xxv
2829 3989 2957 4055 [νει.
2991 3988 3156 4055 XXVI,
3192 3987 3309 4041 περ.
3341 3986 3426 4056 x1.

2131 4097 2379 4156 Vsas.1.
2404 4129 2471 4140 —-
2501 4099 2590 4155 Vir
2619 4097 2818 4155 eratin
2851 4103 2998 4154 terra
3029 4098 3137 4152 Hus
3165 4095 3388 4151 nomine
3414 4094 3550 4150 Job.‘

2129 4191 2470 4246 3,1.SENSUS
2502 4189 2858 4245 MORALIS.--
2898 4188 2992 4244 Job
3040 4188 3232 4244 electos
3285 4185 3586 4256 significat.
3630 4184 3758 4252 Quae

2058 4297 2245 4338 eorum
2265 4280 2480 4351 aﬂectio
2502 4278 2650 4335 circa
2683 4287 2904 4334 terrena
2935 4281 2987 4333 et
3034 4286 3347 4334 mterna.—
3397 4274 3459 4331 Si
3503 4273 3610 4331 Job
3661 4273 3762 4329 do-

2059 4373 2206 4439 lens,
2239 4377 2293 4428 et
2324 4372 2446 4429 Hus
2490 4370 2822 4428 consiliator
2869 4369 3102 4439 dicitur,
3162 4385 3275 4425 non
3328 4365 3619 4422 immerito
3661 4369 3763 4437 per

225 4452 439 4515 nulter.
466 4471 590 4513 sese
619 4456 997 4527 intrinsecus,
1033 4460 1171 4532 quia
1204 4478 1304 4534 per
1333 4465 1412 4534 (b)
1442 4480 1540 4521 eos
1582 4467 1948 4538 purgationis
1978 4461 2025 4528 D
2060 4467 2304 4535 utraque
2337 4463 2575 4518 nomina
2595 4461 2812 4517 electus
2859 4461 3109 4532 quisque
3158 4459 3478 4531 ﬁguratur;
3512 4456 3649 4528 quia
3680 4455 3765 4512 ni-

223 4542 414 4613 gratia
484 4544 803 4614 derivatur,
859 4548 1175 4618 extollunt;
1228 4567 1482 4625 cumque
1539 4556 1710 4612 verbo
1755 4556 1944 4613 aliena

223 4649 404 4703 opera
434 4634 688 4704 diluunt,
720 4637 890 4708 quasi
921 4655 988 4694 ex
1019 4639 1169 4696 bono
1201 4641 1408 4698 itinere
1430 4643 1728 4715 pulverem
1775 4646 1937 4702 malas

223 4722 595 4795 cogitationis
626 4731 888 4783 sumunt.
924 4729 1072 4794 Quid
1099 4746 1230 4800 ergo
1266 4732 1375 4786 fuit
1414 4741 1542 4804 post
1573 4735 1937 4806 praedicatio-

223 4829 361 4870 nem
386 4815 564 4886 pedes
585 4815 1009 4888 discipulorum
1045 4819 1252 4889 lavare,
1286 4822 1399 4877 nisi
1431 4828 1560 4894 post
1585 4826 1942 4896 praedicatio-

301 5065 378 5132 (ιι)
417 5062 660 5147 1Corb.,
684 5065 952 5139 Vindoc.,
986 5067 1234 5137 Ebroic.,
1271 5070 1443 5138 Utic.,
1494 5081 1546 5129 et
1577 5073 1677 5144 3.1.,
1730 5074 1826 5146 qui
1874 5091 1944 5131 ex

222 5150 280 5190 se
312 5137 580 5202 procedit.

299 5206 496 5286 (b)_l_t_a_
527 5209 663 5286 Mss.
699 5209 1011 5286 Anglio.__e_t
1039 5210 1301 5286 plerique
1332 5231 1397 5270 ex
1421 5217 1654 5286 nostris,
1691 5235 1792 5274 nec
1827 5236 1943 5275 non

220 5278 524 5360 vet.JIi‘.di_t_.
584 5280 748 5360 Unus
790 5278 1229 5360 e§_Vindocin-.
1282 5286 1477 5357 habet,
1532 5278 1945 5360 praedicationis

221 5352 438 5434 gratia.
470 5353 554 5407 Ita
587 5355 763 5434 etiam
814 5352 1040 5434 Belvac.
1082 5354 1268 5434 Verba
1326 5352 1632 5434 sequentia
1690 5363 1941 5434 priorem

217 5422 540 5505 lectionem
592 5425 1012 5505 prefer-endam
1071 5429 1321 5505 suadere
1369 5422 1945 5505 videnturz'Cumque

219 5494 388 5551 verba
419 5494 610 5577 aliena
631 5513 795 5577 opera
821 5496 1084 5577 diluunt,
1117 5502 1276 5571 quasi
1300 5517 1370 5558 ea:
1409 5503 1544 5561 bono
1579 5507 1778 5561 itinere
1824 5494 1947 5577 p'ut-

218 5580 431 5640 verem;
442 5567 602 5640 gnatae
630 5567 976 5640 cogitationis
1002 5567 1250 5628 sumunt.

303 5639 374 5711 (ε)
398 5637 491 5696 Sic
513 5637 716 5699 omnes
751 5641 888 5698 Mss.
912 5642 1115 5703 nostri.
1141 5647 1208 5699 At
1235 5644 1381 5702 Edit.
1431 5647 1609 5706 Basil.
1646 5649 1806 5720 1511,
1829 5649 1946 5708 Pa-

2059 4555 2272 4610 mirum
2301 4552 2728 4610 consiliatorem
2761 4552 3026 4608 animum
3059 4551 3366 4618 inhabitat,
3404 4548 3500 4619 qui
3559 4547 3763 4602 dolens

2047 4645 2116 4699 de
2140 4643 2526 4716 praesentibus
2549 4642 2617 4698 ad
2647 4646 2853 4698 aeterna
2884 4641 3138 4698 festinat.
3163 4640 3309 4697 Nam
3339 4643 3474 4694 sunt
3496 4634 3761 4693 nonnulli

2048 4734 2146 4806 qui
2176 4734 2350 4790 vitam
2382 4749 2549 4788 suam
2583 4733 2922 4805 negligunt;
2956 4737 3013 4788 et
3044 4733 3183 4787 dum
3221 4728 3555 4788 transitoria
3584 4743 3761 4798 appe-

2047 4826 2198 4894 tunt,
2225 4824 2362 4879 dum
2395 4829 2608 4880 aeterna
2637 4822 2723 4879 vel
2756 4839 2871 4881 non
2910 4822 3268 4894 intelligunt,
3327 4819 3416 4876 vel
3465 4816 3759 4874 intellecta

2051 5076 2151 5133 ris.
2176 5077 2334 5147 1518,
2367 5080 2422 5132 et
2443 5077 2566 5132 aliae
2596 5077 2830 5144 habent,
2863 5075 2953 5130 sed
2982 5074 3042 5147 in
3071 5071 3355 5142 semetipso
3383 5067 3752 5147 ignorantiam

2049 5155 2295 5203 nostram
2321 5145 2654 5220 suscipiens;
2687 5162 2827 5202 sane
2871 5146 3145 5220 mendose
3174 5149 3230 5198 et
3251 5145 3752 5220 contraAmentem

2052 5221 2241 5276 sancti
2297 5214 2778 5290 Docto'ris,quem
2810 5217 3075 5290 Agnoitis
3122 5215 3410 5290 haereticis
3462 5214 3752 5290 faventem

2053 5292 2357 5346 inducunt.
2394 5285 2643 5346 Consule
2701 5305 2828 5358 quas
2864 5285 2946 5342 _in
3003 5289 3130 5356 ejus
3183 5285 3304 5341 Vita
3359 5287 3624 5355 diximus,
3681 5286 3752 5341 de

2050 5362 2234 5432 ipsius
2266 5363 2531 5418 doctrina
2551 5357 2827 5417 adversus
2848 5359 3146 5432 Agnoitas.
3174 5363 3316 5432 Lege
3348 5358 3529 5432 etiam,
3576 5357 3750 5429 epist.

2053 5430 2122 5488 ad
2157 5433 2354 5504 Eulog.
2408 5431 3113 5504 Alexanerpatriarchq
3161 5430 3300 5504 olim
3350 5431 3417 5485 42
3475 5431 3575 5504 lib.
3626 5444 3749 5504 vui,

2053 5505 2174 5560 ind.
2199 5506 2250 5571 3,
2287 5501 2385 5575 qui
2425 5520 2581 5559 nunc
2610 5507 2700 5559 est
2729 5503 2815 5575 10.
2849 5503 2910 5558 In
2930 5520 3047 5575 qua
3076 5521 3109 5558 a
3139 5502 3366 5559 Christo
3423 5503 3601 5558 etiam
3652 5501 3751 5556 ho-

2052 5575 2210 5632 mine
2230 5574 2456 5632 omnem
2497 5574 2888 5647 ignorantiam
2915 5574 3162 5632 amovet.
