4086 6166
364 231 485 293 543

1634 208 1913 270 SANGTI
1958 202 2340 268 GREGORII
2389 195 2632 259 MAGNI

3753 193 3854 255 5H

365 355 766 429 contemnunt,
801 373 905 414 nec
937 355 1196 411 dolorem
1247 348 1529 416 sentiunt,
1560 360 1665 401 nec
1696 342 1910 399 habere
1940 356 2070 397 con-
2101 341 2151 409 Α
2185 336 2340 395 timis
2373 334 2567 390 sentit.
2589 334 2738 387 Sunt
2764 344 3016 400 namque
3047 326 3314 383 nonnulli
3337 325 3455 402 qui
3483 333 3539 388 in
3567 331 3715 387 bonis
3750 349 3862 403 quia

368 453 565 528 silium
593 450 806 506 sciunt.
830 447 1094 516 Cumque
1127 456 1400 512 superna,
1436 452 1562 510 quas
1607 433 1948 498 amiserunt,
1977 445 2094 486 non
2204 429 2422 486 faciunt
2453 423 2752 494 simplices
2783 437 2896 476 non
2926 423 3084 485 sunt,
3112 419 3252 473 dum
3285 435 3402 475 non
3437 423 3492 476 in
3530 420 3613 476 his
3650 421 3864 476 retribu'

369 522 753 606 considerant,
788 552 915 593 esse
947 551 1030 604 se,
1065 532 1177 587 heu
1203 527 1399 585 miseri
1429 525 1439 580 !
1467 527 1522 579 in
1552 525 1722 579 bonis
1745 522 1824 592 (a)
1860 524 2090 590 putant.

372 633 746 704 Nequaquam
772 629 925 684 enim
961 625 1031 678 ad
1066 619 1326 678 veritatis
1359 619 1571 683 lucem,
1604 613 1696 669 cui
1729 611 1946 668 conditi
1978 613 2091 664 fue-

371 703 525 792 rant,
562 720 771 775 mentis
802 715 1002 772 oculos
1025 712 1296 783 erigunt;
1332 720 1694 777 nequaquam
1733 703 1798 756 ad
1828 706 2089 756 contem-

371 811 686 884 plationem
720 813 944 862 aeternae
987 803 1183 875 patriae
1227 796 1501 854 desiderii
1563 794 1744 850 aciem
1806 792 2084 845 tendunt:

370 882 469 957 sed
498 897 838 967 semetipsos
869 894 927 947 in
963 891 1053 946 his
1077 888 1148 944 ad
1163 903 1292 960 quis
1307 884 1703 958 projectisunt
1729 882 2088 947 deserentes,

372 990 528 1046 vices
561 987 760 1058 patriae
802 982 1055 1053 diligunt
1084 979 1354 1037 exsilium
1387 975 1537 1047 quod
1579 972 1903 1045 patiuntur,
1926 974 1980 1023 et
2031 969 2087 1058 in

372 1057 655 1144 caecitate,
682 1090 859 1144 quam
891 1071 1161 1137 tolerant,
1204 1066 1369 1138 quasi
1412 1064 1474 1121 in
1539 1063 1796 1119 claritate
1844 1057 2087 1113 luminis

376 1171 682 1225 exsultant.
715 1168 785 1219 At
815 1167 1016 1220 contra
1046 1162 1358 1216 electorum
1393 1159 1618 1211 mentes
1659 1153 1799 1206 dum
1847 1155 2084 1204 cunctas

373 1254 712 1313 transitoria
742 1252 900 1309 nulla
922 1267 1050 1308 esse
1073 1248 1462 1321 conspiciunt,
1488 1244 1565 1315 (ὸ)
1585 1241 1657 1298 ad
1675 1257 1800 1312 qua;
1821 1241 2052 1293 sintcon
2068 1268 2086 1278 α

375 1346 510 1400 ἀὶίπδ
542 1343 890 1415 exquirunt;
926 1356 1180 1412 cumque
1221 1351 1420 1392 eorum
1499 1328 1885 1388 satisfactioni
1944 1325 2089 1381 nihil

374 1432 539 1492 extra
572 1437 742 1490 Deum
778 1432 1012 1498 sufficit,
1044 1432 1174 1502 ipsa
1218 1422 1617 1498 inquisitionis
1676 1417 2085 1476 exercitatione

378 1526 614 1594 fatigata
653 1524 884 1579 illorum
929 1521 1220 1590 cogitatio,
1254 1512 1312 1573 in
1369 1513 1686 1570 conditoris
1738 1508 1830 1563 sui
1871 1522 1971 1577 spe
2030 1510 2086 1562 et

378 1612 867 1682 contemplatione
901 1609 1230 1682 requiescit,
1263 1604 1535 1677 supernis
1560 1597 1827 1657 interseri
1867 1595 2090 1652 civibus

389 1704 638 1775 appetit;
667 1706 722 1757 et
763 1701 1166 1771 unusquisque
1197 1713 1395 1753 eorum
1428 1693 1622 1748 adhuc
1651 1692 1708 1746 in
1734 1689 1950 1744 mundo
1970 1703 2093 1741 cor-

384 1809 523 1866 pore
580 1791 827 1862 positus,
875 1794 1067 1845 mente
1116 1789 1238 1858 jam
1297 1793 1455 1842 extra
1523 1783 1813 1838 mundum
1877 1776 2088 1846 surgit,

383 1898 704 1938 aerumnam
732 1879 941 1944 exsilii,
970 1894 1141 1948 quam
1173 1875 1397 1945 tolerat,
1430 1873 1708 1945 deplorat,
1749 1874 1805 1925 et
1849 1868 1920 1924 ad
1989 1882 2092 1921 su-

381 1972 623 2030 blimem
648 1971 890 2043 patriam
924 1967 1356 2025 incessentibus
1389 1982 1450 2023 se
1467 1964 1686 2022 amoris
1712 1960 1964 2018 stimulis
2007 1974 2096 2014 ex-

383 2067 543 2122 citat.
578 2064 714 2120 Cum
743 2079 878 2135 ergo
909 2061 1114 2118 dolens
1137 2060 1311 2127 videt,
1332 2075 1504 2130 quam
1529 2058 1606 2113 sit
1627 2060 1907 2112 aeternum
1939 2050 2093 2123 quod

387 2151 905 2227 perdidit,invenit
942 2150 1174 2206 salubre
1220 2147 1554 2214 consilium,
1613 2142 1931 2216 temporale
1991 2141 2095 2194 hoc

378 2243 674 2315 despicere
709 2243 858 2313 quod
891 2240 1201 2310 percurrit;
1228 2244 1285 2295 et
1314 2255 1423 2310 quo
1458 2237 1637 2308 magis
1697 2234 1905 2290 crescit
1953 2249 2096 2288 con-

375 2331 496 2388 silii
528 2333 792 2400 scientia,
826 2335 890 2387 ut
922 2331 1182 2401 peritura
1201 2329 1302 2385 29
1345 2329 1595 2392 deserat,
1619 2341 1685 2380 eo
1718 2326 1954 2393 augetur
1985 2323 2092 2376 do-

379 2423 486 2490 lor,
514 2422 664 2493 quod
691 2421 942 2477 necdum
975 2421 1046 2476 ad
1081 2433 1356 2476 mansura
1397 2415 1704 2487 pertingat.
1741 2412 1900 2467 Unde
1951 2411 2096 2468 bene

389 2529 496 2585 per
537 2511 904 2567 Salomonem
961 2510 1202 2565 dicitur:
1235 2507 1305 2580 (ε)
1358 2507 1462 2576 Qui
1503 2503 1729 2576 apponit
1784 2504 2093 2570 scientiam,

381 2602 609 2673 apponit
649 2599 892 2655 dolorem
923 2598 1142 2669 (Eccles.
1169 2595 1348 2668 1,18).
1382 2595 1458 2666 (d)
1491 2594 1598 2658 Qui
1628 2594 1779 2648 enim
1813 2593 1920 2648 scit
1969 2591 2094 2660 jam

379 2706 614 2747 summa
643 2706 769 2761 qua
801 2688 990 2744 adhuc
1012 2703 1127 2744 non
1159 2686 1350 2756 habet,
1384 2684 1570 2754 magis
1629 2685 1700 2740 de
1743 2682 1962 2739 intimis
2036 2683 2094 2738 in

382 2782 597 2854 quibus
627 2781 909 2836 retinetur
938 2779 1112 2834 dolet.

455 2872 544 2926 35.
586 2873 648 2926 In
709 2873 857 2924 terra
897 2870 1028 2932 Hus,
1073 2867 1128 2921 id
1186 2871 1286 2934 est,
1335 2869 1391 2920 in
1433 2865 1660 2921 consitio
1717 2863 1991 2920 habitant.
2027 2895 2096 2905 --

381 2960 566 3014 Recte
596 2973 731 3028 ergo
764 2958 822 3013 in
853 2961 1008 3013 terra
1038 2957 1159 3012 llus
1193 2955 1450 3010 habitare
1477 2954 1586 3008 Job
1617 2954 1848 3021 dicitur,
1883 2953 2095 3022 quiain

391 3047 646 3103 scientias
670 3047 912 3102 consilio
942 3045 1108 3101 electi
1140 3044 1600 3114 uniuscujusque
1629 3043 1830 3098 dolens
1861 3043 2093 3099 animus

390 3140 639 3194 tenetur.
671 3138 1020 3194 Intuendum
1053 3150 1284 3207 quoque
1315 3140 1403 3190 est
1459 3150 1633 3205 quam
1693 3133 1891 3189 nullus
1931 3133 2096 3190 dolor

390 3229 608 3287 mentis
637 3227 712 3284 sit
741 3227 798 3282 in
823 3226 1047 3283 actione
1078 3224 1568 3296 praecipitationis.
1611 3223 1719 3288 Qui
1759 3223 1913 3278 enim
1971 3224 2094 3280 sine

386 3318 647 3377 consiliis
679 3317 899 3385 vivunt,
933 3313 1039 3387 qui
1062 3331 1123 3372 se
1153 3314 1310 3385 ipsos
1331 3330 1523 3370 rerum
1555 3313 1857 3370 eventibus
1897 3315 2097 3384 praeci-

388 3409 537 3480 pites
584 3409 876 3474 deserunt,
934 3404 1097 3460 nullo
1150 3404 1381 3460 interim
1425 3403 1843 3475 cogitationum
1902 3403 2099 3460 dolore

390 3499 725 3570 fatigantur.
760 3495 901 3554 Nam
953 3495 1053 3565 qui
1103 3493 1343 3550 solerter
1382 3494 1441 3550 in
1490 3495 1617 3549 vitae
1676 3493 1917 3550 consilio
1977 3494 2097 3566 ﬁgit

392 3593 671 3654 mentem,
695 3590 863 3642 caute
892 3600 1021 3641 sese
1051 3584 1108 3639 in
1135 3584 1296 3640 omni
1327 3585 1550 3642 actione
1580 3584 2098 3655 circumspiciendo

394 3677 750 3744 considerat;
783 3681 840 3733 et
864 3691 935 3732 ne
966 3691 1034 3731 ex
1065 3691 1124 3731 re
1154 3690 1284 3744 quae
1329 3677 1522 3746 agitur
1572 3674 1914 3749 repentinus
1965 3674 2100 3730 ﬁnis

394 3769 785 3838 adversusque
837 3766 1143 3837 subripiat,
1195 3769 1349 3824 hunc
1399 3767 1562 3837 prius
1621 3767 1868 3823 molliter
1911 3766 2099 3837 posito

393 3859 537 3930 pede
557 3857 928 3930 cogitationis
961 3857 1192 3930 palpat;
1223 3863 1428 3931 pensat
1451 3875 1520 3914 ne
1552 3858 1623 3914 ab
1646 3858 1736 3914 his
1766 3874 1895 3930 qua:
1927 3873 2098 3928 agen-

395 3949 464 4004 da
497 3955 634 4004 sunt
657 3947 904 4004 formido
938 3949 1283 4020 prspediat;
1317 3965 1389 4004 ne
1419 3949 1478 4004 in
1510 3948 1602 4004 his
1633 3965 1758 4020 quae
1781 3947 2103 4002 differenda

399 4045 538 4099 sunt
569 4039 945 4112 praecipitatio
984 4039 1278 4112 impellat;
1326 4056 1397 4096 ne
1447 4056 1621 4112 prava
1667 4055 1769 4111 per
1804 4036 2104 4107 concupis-

400 4129 651 4188 centiam
678 4134 876 4201 aperto
908 4128 1060 4185 bello
1094 4134 1398 4200 superent;
1433 4145 1504 4184 ne
1539 4133 1693 4184 recta
1741 4144 1837 4198 per
1869 4128 2103 4184 inanem

399 4225 643 4297 gloriam
695 4221 1025 4278 insidiando
1085 4222 1483 4294 supplantant.
1518 4221 1626 4277 Job
1659 4235 1794 4292 ergo
1853 4219 1911 4274 in
1957 4223 2109 4275 terra

395 4302 519 4370 lius
551 4312 799 4381 habitat,
831 4313 968 4368 dum
1005 4329 1168 4370 mens
1199 4312 1364 4369 electi
1406 4328 1518 4384 quo
1550 4309 1738 4383 magis
1771 4326 1871 4382 per
1916 4310 2109 4365 consi-

393 4401 745 4489 liumvivere
777 4402 999 4470 nititur,
1033 4419 1098 4458 eo
1123 4403 1354 4476 angusti
1387 4401 1630 4476 itineris
1670 4400 1866 4457 dolore
1911 4401 2113 4474 fatiga-

398 4499 510 4563 tur.
533 4491 834 4562 Sequitur:

652 4581 884 4638 CAPUT
912 4581 1108 4638 xxvn
1141 4585 1273 4654 [Vet.
1307 4582 1510 4651 XXVII,
1544 4586 1663 4641 Rec.
1692 4585 1809 4658 xu.

399 4754 404 4760 _
478 4672 696 4729 IBID.-
741 4673 993 4745 Simplex
1035 4677 1084 4729 et
1117 4683 1318 4746 rectus,
1370 4674 1564 4730 timens
1620 4676 1808 4744 Deum,
1859 4679 1910 4732 et
1959 4691 2109 4731 rece-

405 4763 537 4822 dens
556 4781 590 4819 a
611 4763 775 4820 malo.

473 4856 722 4911 36.1usti
733 4853 1060 4926 simplicitas
1082 4861 1132 4910 et
1147 4854 1430 4911 rectitude.
1456 4886 1520 4896 —
1541 4854 1815 4926 Quisquis
1831 4860 2108 4912 aeternam

410 4945 662 5020 patriam
693 4945 928 5018 appetit,
964 4943 1212 5016 simplex
1236 4943 1695 5016 proculdubioet
1725 4949 1917 5001 rectus
1938 4947 2108 5002 vivit:

409 5036 658 5109 simplex
689 5036 953 5092 vidi-licet
971 5050 1161 5106 opere,
1197 5041 1388 5091 rectus
1415 5034 1556 5104 fide;
1589 5032 1914 5106 simplexin
1946 5036 2114 5092 bonis

411 5139 536 5195 quis
568 5124 814 5182 inferius
831 5122 1072 5196 peragit,
1097 5129 1287 5180 rectus
1318 5121 1377 5178 in
1410 5122 1661 5179 summis
1716 5139 1845 5194 qua:
1901 5122 1961 5178 in
2020 5123 2113 5179 in-

411 5394 420 5404 .
483 5353 562 5425 (a)
594 5352 763 5421 Editi,
797 5358 855 5410 in
889 5358 1041 5430 bonis
1054 5359 1468 5430 felicesputant.
1497 5356 2117 5430 Expunximus'cofeli-

404 5439 516 5501 cas,
538 5432 608 5501 _ut_-
639 5429 1174 5501 merumglossema
1208 5429 1342 5485 Mss.
1366 5430 1748 5501 incognitum.

407 5526 423 5536 ο
477 5499 552 5641 ἑὸ)
581 5497 741 5555 Colb.
774 5502 832 5552 et
858 5499 1044 5581 Corh.,
1075 5501 1145 5581 ad
1175 5518 1332 5572 quem
1366 5497 1528 5570 Reg;
1557 5503 1624 5557 ad
1656 5503 1814 5573 quod.

501 5572 545 5639 c)
570 5569 754 5639 Rem.,
791 5572 1039 5641 Remig.,
1079 5571 1338 5637 Vindoc.,
1373 5573 1564 5637 Corb.,
1602 5575 1763 5641 Reg,
1789 5593 1814 5630 a

435 5641 445 5652 .
479 5569 545 5641 (c)
570 5569 754 5653 Be.m.,
791 5571 1039 5653 Remigz,
1079 5569 1338 5653 Vin‘docq
1373 5569 1564 5653 cura,
1602 5569 2117 5653 Iiég.,_aliiqucan-

406 5642 624 5716 tiqssic
646 5642 952 5716 legendum
987 5643 1214 5696 docent.
1242 5645 1300 5697 In
1334 5644 1489 5710 edit.,
1524 5645 1618 5716 qui
1657 5642 1808 5702 addit
1832 5642 2117 5705 scientiam

407 5713 557 5770 addit
577 5717 627 5772 et
657 5713 920 5769 dolorem.

2201 519 2418 574 tionem
2445 513 2709 579 interius,
2745 512 2842 567 sed
2875 508 3129 566 exterius
3161 509 3407 566 favorem
3439 515 3699 581 quaerunt.
3725 511 3854 567 Unde

2202 610 2348 664 bene
2380 623 2481 677 per
2507 603 2816 675 quemdam
2851 599 3172 669 sapientem
3206 599 3447 655 dicitur:
3491 600 3576 656 Vw
3622 600 3858 670 peccatori

2201 705 2406 752 terram
2437 693 2768 764 ingredienti
2801 690 3014 745 duabus
3044 690 3148 743 viis
3188 689 3382 759 (Eccti.
3424 704 3484 756 ιι,
3532 689 3635 758 14).
3656 689 3858 744 Duabus

2203 787 2417 857 quippe
2447 785 2551 838 viis
2584 789 2850 854 peccator
2908 785 3123 835 terram
3169 777 3502 848 ingreditur,
3553 776 3766 847 quando
3816 779 3865 831 et

2201 876 2301 932 Dei
2335 880 2424 929 est
2456 874 2609 945 quod
2643 886 2812 942 opere
2842 869 3094 935 exhibet,
3129 872 3185 923 et
3215 868 3416 923 mundi
3440 867 3588 938 quod
3619 881 3713 937 per
3737 864 3863 934 cogi-

2199 965 2478 1020 tationem
2512 962 2736 1034 quaerit.

2271 1057 2356 1108 37.
2395 1055 2428 1108 Α
2483 1057 2677 1109 timore
2716 1051 2956 1119 inchoat,
3008 1049 3071 1103 in
3110 1048 3383 1103 charitate
3409 1054 3867 1103 consummatur.--

2197 1146 2350 1199 Bene
2422 1147 2614 1199 autem
2667 1141 2912 1196 dicitur:
2971 1140 3182 1194 T‘imens
3239 1138 3428 1205 Deum,
3477 1145 3526 1193 et
3580 1135 3804 1191 recedens
3844 1153 3869 1189 a

2191 1236 2378 1296 malo;
2432 1234 2569 1304 quia
2617 1236 2820 1287 sancta
2876 1229 3196 1285 electorum
3229 1227 3487 1283 Ecclesia
3516 1224 3871 1297 simplicitatis

2199 1340 2322 1381 suae
2343 1329 2398 1380 et
2419 1320 2790 1378 rectitudinis
2811 1319 2874 1389 (θ)
2890 1318 3012 1374 vias
3025 1315 3500 1382 timoreinchoat,
3516 1314 3614 1370 sed
3626 1313 3870 1368 charitate

2199 1418 2598 1470 consummat.
2625 1412 2728 1466 Cui
2759 1414 2897 1465 tunc
2926 1412 3015 1464 est
3055 1407 3317 1462 funditus
3352 1423 3386 1461 a
3435 1405 3585 1460 malo
3623 1402 3870 1466 recedere,

2190 1524 2324 1563 eum
2356 1524 2424 1562 ex
2459 1521 2653 1560 amore
2704 1502 2797 1557 Dei
2828 1499 3065 1572 coeperit
3101 1500 3225 1570 jam
3253 1496 3436 1553 'nolle
3481 1511 3722 1567 peccare.
3752 1494 3869 1550 Cum

2197 1614 2330 1654 vero
2362 1597 2552 1653 adhuc
2588 1596 2794 1650 timore
2827 1594 2981 1648 bona
3012 1590 3151 1661 agit,
3186 1607 3219 1645 a
3251 1589 3408 1644 malo
3442 1589 3659 1659 penitus
3677 1602 3777 1640 non
3798 1601 3872 1638 re-

2202 1688 2411 1754 cessit;
2446 1687 2582 1758 quia
2623 1702 2688 1740 eo
2720 1685 2845 1755 ipso
2907 1686 3127 1753 peccat,
3175 1695 3287 1749 quo
3340 1693 3573 1750 peccare
3626 1674 3795 1740 vellet,
3837 1672 3872 1726 si

2203 1777 2364 1833 nulte
2398 1775 2703 1847 potuisset.
2733 1774 2905 1829 Recte
2961 1787 3100 1843 ergo
3146 1786 3279 1825 cum
3347 1769 3547 1823 timere
3585 1766 3749 1822 Deum
3784 1761 3872 1818 Job

2201 1867 2432 1932 dicitur,
2454 1866 2718 1921 recedere
2749 1864 2921 1919 etiam
2953 1880 2986 1917 a
3019 1861 3172 1916 malo
3205 1858 3575 1931 perhibetur;
3607 1856 3730 1927 quia
3758 1853 3874 1907 dum

2203 1961 2425 2012 metum
2440 1955 2696 2013 charitas
2725 1954 3008 2025 sequitur,
3023 1968 3091 2008 ea
3105 1967 3228 2021 quae
3244 1952 3321 2021 (Ῑ)
3341 1944 3869 2016 menterelinquitur,

2201 2049 2366 2104 etiam
2407 2063 2507 2118 per
2561 2045 2934 2116 cogitationis
2993 2042 3372 2114 propositum
3423 2037 3589 2108 culpa
3631 2035 3872 2090 calcatur.

2199 2139 2334 2210 [νει.
2368 2137 2622 2206 XXVIII].
2666 2136 2735 2191 Et
2792 2135 2927 2206 quia
2971 2149 3037 2189 ex
3095 2133 3302 2187 timore
3340 2127 3767 2200 unumquodque
3800 2123 3874 2177 vi-

2198 2230 2346 2285 tium
2372 2228 2666 2301 premitur,
2701 2243 2768 2281 ex
2795 2223 3077 2281 charitate
3098 2227 3294 2278 autem
3337 2221 3566 2276 virtutes
3612 2217 3872 2281 oriuntur,

2199 2325 2352 2377 recte
2384 2317 2780 2390 subjungitur:

2669 2451 2901 2508 CAPUT
2933 2449 3136 2506 xxvu
3159 2450 3300 2519 [Rec.
3341 2448 3474 2517 xu].

2272 2593 2444 2647 Vsas.
2476 2593 2529 2646 2.
2572 2618 2639 2630 —-
2672 2589 2906 2658 Natique
2943 2590 3067 2641 sunt
3099 2592 3146 2640 et
3178 2591 3386 2654 septem
3415 2582 3518 2652 ﬁlii
3545 2583 3592 2635 et
3621 2587 3720 2633 tres
3737 2575 3867 2645 ﬁliae.

2273 2684 2360 2738 38.
2420 2681 2630 2753 Septem
2679 2680 2782 2749 ﬁlii
2814 2678 2909 2734 Job
2972 2676 3206 2732 totidem
3238 2674 3396 2729 dona
3452 2672 3683 2742 Spiritus
3726 2663 3871 2721 sancti

2200 2775 2553 2846 signiﬁcant;
2577 2780 2681 2828 tres
2725 2770 2874 2838 ﬁliae,
2924 2783 3096 2839 spem,
3147 2765 3311 2833 ﬁdem
3356 2768 3408 2819 et
3462 2761 3780 2816 charitatem.
3816 2783 3871 2793 -

2201 2867 2432 2937 Septem
2463 2863 2680 2936 quippe
2713 2858 2878 2915 nobis
2913 2857 3016 2913 ﬁlii
3051 2859 3400 2922 nascuntur,
3444 2867 3576 2908 cum
3619 2865 3712 2919 per
3752 2861 3871 2899 con-

2200 2956 2524 3026 ceptionem
2557 2954 2720 3008 bona
2752 2946 3135 3018 cogitationis,
3170 2945 3363 3000 sancti
3398 2942 3640 3015 Spiritus
3683 2941 3869 3007 septem

2203 3047 2262 3102 in
2288 3046 2454 3103 nobis
2483 3044 2727 3101 virtutes
2768 3042 3052 3097 oriuntur.
3104 3042 3266 3092 Hanc
3322 3049 3576 3104 namque
3629 3030 3872 3085 internam

2205 3135 2424 3209 prolem
2458 3133 2735 3205 propheta
2775 3130 3127 3196 dinumerat,
3176 3141 3314 3181 cum
3379 3124 3622 3196 Spiritus
3660 3121 3872 3209 mentem

2203 3205 2501 3291 iecundat,
2530 3224 2763 3279 dicens:
2799 3219 3108 3291 Requiescet
3153 3230 3326 3287 super
3365 3231 3490 3271 eum
3540 3212 3759 3282 Spiritus
3791 3205 3873 3260 Do-

2202 3320 2369 3383 mini,
2425 3317 2654 3388 spiritus
2702 3314 2991 3386 sapientiae
3033 3318 3083 3366 et
3127 3305 3467 3373 intellectus,
3514 3303 3727 3376 spiritus
3771 3312 3877 3352 con-

2206 3409 2326 3464 silii
2355 3412 2408 3461 et
2436 3404 3038 3477 fortitudiniaspiritus
3067 3399 3322 3454 scientia?
3371 3406 3421 3452 et
3463 3392 3672 3467 pietatis
3709 3398 3756 3444 et
3797 3401 3877 3440 re-

2205 3499 2381 3573 ptcbit
2412 3515 2532 3554 eum
2563 3498 2793 3568 spiritus
2821 3492 3033 3549 timoris
3065 3490 3284 3545 Domini
3317 3489 3501 3559 (Isa.i.,
3550 3503 3626 3550 χι,
3651 3481 3724 3551 2).
3762 3477 3876 3573 Cum

2208 3563 2344 3661 ergo
2365 3606 2465 3660 per
2498 3563 2811 3643 adventum
2858 3583 3106 3654 Spiritus
3137 3579 3357 3646 sancti,
3401 3573 3694 3646 sapientia,
3738 3563 3878 3661 intel-

2206 3659 2412 3748 lectus,
2447 3676 2784 3739 consilium,
2817 3671 3116 3737 fortitudo,
3149 3667 3422 3733 scientia,
3451 3666 3632 3738 pietas
3660 3677 3719 3718 ac
3737 3659 3881 3714 timor

2210 3767 2772 3837 Dominiunicuique
2806 3767 3066 3819 nostrum
3095 3759 3195 3815 30
3225 3757 3512 3829 gignitur,
3553 3752 3708 3825 quasi
3746 3762 3880 3803 man-

2212 3876 2351 3917 sura
2383 3856 2694 3930 posteritas
2727 3853 2784 3908 in
2820 3857 3012 3907 mente
3071 3851 3452 3920 propagatur,
3511 3861 3629 3917 quae
3663 3849 3883 3930 supernae

2213 3924 2424 4006 nostris
2459 3943 2780 4001 nobilitatis
2813 3956 2998 4013 genus
3031 3955 3095 3994 eo
3126 3936 3198 3992 ad
3229 3936 3411 3992 vitam
3445 3934 3670 4005 longius
3709 3924 3885 4013 servat,

2216 4055 2327 4113 quo
2361 4036 2540 4093 amori
2567 4011 2902 4090 internitatis
2961 4028 3164 4085 sociat.
3209 4019 3323 4082 Sed
3376 4026 3596 4081 habent
3640 4020 3694 4075 in
3749 4011 3886 4113 nobis

2216 4102 2436 4199 septem
2462 4125 2565 4180 filii
2598 4133 2711 4179 tres
2743 4120 2943 4195 procul
2976 4118 3150 4175 dubio
3165 4131 3397 4172 sorores
3429 4131 3587 4182 suas,
3609 4109 3730 4182 quia
3747 4102 3891 4199 quid-

2219 4193 2357 4292 quid
2389 4218 2553 4272 virile
2588 4216 2642 4271 hi
2667 4193 3170 4271 virtutumsensus
3196 4205 3439 4273 faciunt,
3477 4204 3620 4276 spei,
3644 4193 3888 4292 fideic-ha-

2218 4284 2490 4380 ritatique
2520 4305 2905 4375 conjungunt.
2937 4301 3135 4374 Neque
3166 4296 3324 4354 enim
3356 4297 3429 4352 ad
3460 4291 3674 4350 denarii
3705 4284 3890 4360 perfec-

2219 4377 2436 4456 tionem
2469 4399 2689 4468 septem
2725 4393 2831 4448 filii
2863 4391 3226 4464 perveniunt,
3262 4386 3378 4442 nisi
3429 4385 3489 4439 in
3540 4382 3666 4445 fide,
3712 4390 3795 4468 spe
3843 4377 3892 4468 et

2221 4489 2495 4546 charitate
2526 4463 2703 4540 fuerit
2732 4463 2904 4538 omne
2949 4481 3104 4551 quod
3147 4480 3352 4549 agunt.
3407 4472 3551 4538 Quia
3603 4482 3727 4524 vero
3764 4463 3892 4518 hanc

2221 4578 2603 4654 praeeuntium
2634 4574 2911 4629 virtutum
2970 4569 3197 4642 copiam
3239 4563 3590 4621 multimoda
3644 4559 3889 4613 bonorum

2221 4652 2459 4743 operum
2485 4663 2751 4738 cogitatio
2775 4663 3055 4733 sequitur,
3081 4661 3234 4714 recte
3263 4652 3676 4725 subjungitur:

2636 4798 2866 4856 CAPUT
2895 4796 3132 4853 XXVIII
3158 4795 3304 4865 [Ριθσ.
3330 4791 3505 4862 XIII].

2292 4940 2461 4995 Vsas.
2497 4943 2547 4994 3.
2601 4967 2670 4978 —
2739 4936 2801 4990 Et
2874 4935 2985 5004 fuit
3036 4929 3296 5003 possessio
3333 4929 3459 4997 ejus
3503 4929 3699 4994 septem
3733 4905 3890 4968 millia

2221 5034 2405 5091 ovium
2433 5033 2484 5085 et
2515 5029 2621 5084 tria
2650 5026 2834 5081 millia
2863 5021 3218 5079 camelorum.
3862 5087 3870 5099 .

2292 5121 2529 5178 39.0ves
2559 5115 2792 5190 possidet
2823 5115 2918 5188 qui
2947 5115 3179 5169 mentem
3234 5107 3527 5165 innoxiam
3583 5101 3721 5158 intus
3772 5105 3889 5148 ven-

2297 5357 2368 5426 (d)
2393 5355 2470 5409 lla
2500 5355 2614 5426 duo
2638 5351 2768 5426 Mss.
2795 5352 2953 5426 Reg,
3004 5350 3059 5401 et
3114 5344 3285 5426 (ξονι)ζ
3345 5328 3889 5426 nonnulliAmEbﬂ:

2225 5405 2813 5495 unus—exhﬁemig”
2860 5405 3206 5495 Compendq
3233 5411 3509 5495 _Longip.
3537 5423 3551 5463 :
3587 5405 3891 5495 1(ξιιξμσηυπ

2224 5500 2512 5557 scientiam
2539 5475 2813 5552 summam
2819 5492 2996 5550 adhuc
3009 5475 3132 5545 ἠοη
3152 5475 3330 5549 habet,
3366 5475 3547 5557 minus
3575 5475 3654 5542 de,
3681 5476 3778 5529 etc.

2297 5554 3012 5642 (ﬁe)Vindocincnses,yias
3041 5579 3073 5617 a
3105 5564 3297 5642 timore
3329 5554 3572 5642 ἱεσᾷοζξί-
3619 5609 3832 5642 "tum,

2297 5614 2366 5712 ili
2400 5614 2819 5712 Sicuanliuquior
2850 5614 3070 5712 ,Re_m.,_
3105 5614 3314 5712 1070er
3367 5626 3574 5688 Germ.,
3619 5614 3884 5672 Vindocin.

2228 5707 2536 5785 etoL'Editi,
2567 5707 2685 5789 quae
2707 5718 2851 5770 metu
2877 5707 3238 5780 relinquitur.
