4086 6166
237 275 354 335 545

1165 272 1565 335 MOBALIUM
1610 271 1761 331 LIB.
1815 270 1862 329 l.
1910 301 1988 311 —-
2031 270 2110 328 IN
2160 269 2415 330 CAPUT
2461 271 2505 331 Ι.
2552 271 2619 331 Β.
2667 271 2828 332 JOB.

3637 279 3755 346 546

237 415 348 467 tate
374 411 570 482 pascit.
604 442 672 452 --
702 411 938 465 Servata
968 409 1180 481 quippe
1210 410 1449 466 veritate
1497 408 1770 477 historiae,
1806 405 1940 462 imi-
1970 407 2021 472 Α
2056 421 2206 472 mus,
2255 405 2440 464 levius
2485 424 2662 464 onera
2710 408 2902 464 aliena
2950 409 3293 468 toleramus.
3339 413 3602 488 Cumque
3649 435 3756 475 nos

239 501 347 556 tari
363 500 707 572 spiritaliter
721 516 892 571 possu
905 515 1058 566 mus,
1074 499 1229 570 quod
1244 500 1551 555 carnaliter
1564 499 1849 554 audimus.
1866 497 1945 568 (a)

237 591 445 647 Ovium
477 591 635 645 enim
661 597 880 659 septem
915 589 1096 643 millia
1137 589 1526 659 possidemus,
1559 605 1692 646 cum
1725 588 1941 659 cogita-

239 682 434 736 tiones
468 681 775 744 innocuas,
800 679 1046 750 perfecta
1074 680 1266 734 cordis
1300 678 1608 746 munditia,
1633 679 1786 734 intra
1819 693 1949 733 nos-

241 772 522 843 metipsos
557 770 838 842 inquisito
871 771 1123 825 veritatis
1156 771 1368 842 pabulo
1402 770 1712 841 pascimus.

311 863 399 918 40.
437 861 689 916 Camelos
733 861 995 929 possidet,
1027 861 1125 931 qui
1153 860 1293 931 quod
1327 862 1386 915 in
1433 876 1490 915 se
1519 862 1694 916 altum
1732 875 1795 914 ac
1825 863 1947 914 tor-

239 959 486 1018 tuosum,
520 958 614 1005 aut
659 950 790 1020 ﬁdei
833 949 1043 1017 subdit,
1077 955 1170 1004 aut
1199 966 1317 1020 prae
1347 950 1615 1006 charitate
1662 949 1848 1019 ﬂectit.
1879 979 1947 989 ——

235 1046 546 1112 Erantque
575 1041 744 1096 nobis
777 1040 833 1093 in
884 1040 1252 1111 possessione
1283 1040 1460 1095 etiam
1496 1041 1606 1094 tria
1639 1040 1819 1095 millia
1851 1056 1946 1094 ca-

239 1132 552 1194 melorum,
584 1129 633 1184 si
674 1146 869 1195 omne,
905 1131 1057 1200 quod
1101 1129 1158 1184 in
1191 1130 1359 1185 nobis
1411 1130 1593 1185 altum
1628 1147 1692 1186 ac
1725 1135 1943 1185 tortuo-

237 1238 369 1277 sum
402 1225 513 1285 est,
539 1219 750 1274 rationi
773 1219 905 1274 ﬁdei
930 1219 1222 1285 subditur,
1245 1224 1301 1274 et
1333 1221 1442 1275 sub
1465 1220 1790 1288 cognitione
1823 1219 1948 1273 Tri-

238 1312 465 1377 nitatis,
492 1316 696 1381 sponte
727 1309 786 1364 in
820 1311 1082 1380 appetitu
1109 1308 1463 1364 humilitatis
1496 1308 1828 1364 inclinatur.
1850 1308 1948 1363 Ca-

239 1399 430 1456 melos
477 1399 693 1470 quippe
735 1397 1133 1470 possidemus,
1166 1397 1215 1454 si
1260 1398 1416 1469 quod
1447 1397 1628 1453 altum
1661 1399 1946 1468 sapimus,

239 1488 548 1544 humiliter
583 1490 968 1559 deponamus.
1001 1487 1259 1543 Camclos
1309 1487 1508 1558 procul
1539 1487 1714 1542 dubio
1765 1488 1949 1557 possi-

239 1580 475 1643 demus,
505 1594 636 1633 cum
669 1577 1048 1649 cogitationes
1081 1582 1312 1633 nostras
1344 1579 1414 1632 ad
1447 1576 1805 1632 infirmitatis
1840 1577 1950 1633 fra-

239 1675 429 1726 terna
473 1668 942 1739 compassionem
998 1667 1306 1735 ﬂectimus,
1361 1673 1423 1723 ut
1471 1667 1726 1724 vicissim
1773 1684 1950 1724 onera

2058 497 2226 566 quasi
2278 497 2590 570 singularis
2643 499 2940 569 sapientia
2983 501 3224 558 altitudo
3276 519 3390 560 non
3448 507 3651 575 elevat,
3685 510 3760 570 ad

2057 588 2458 656 perferendam
2505 589 2677 645 alieni
2709 591 2900 645 cordis
2931 591 3221 659 inertiam,
3256 610 3419 650 mens
3463 611 3527 652 se
3559 604 3760 656 nostra

2057 677 2464 746 aequanimiter
2494 678 2756 734 inclinat.
2788 679 2960 735 Recte
2992 685 3185 736 autem
3233 683 3354 740 sive
3377 686 3525 758 juga
3555 688 3755 758 boum,

2057 767 2175 822 sive
2225 767 2401 823 asina
2453 769 2780 840 quingenta
2809 771 3177 840 referuntur;
3211 775 3350 843 quia
3397 776 3482 831 vel
3513 777 3574 834 in
3625 779 3756 847 hoc,

2057 859 2208 928 quod
2247 861 2560 928 prudenter
2584 861 2868 932 sapimus,
2902 861 2986 917 vel
3024 863 3081 916 in
3115 863 3242 931 hoc,
3277 867 3428 935 quod
3461 867 3764 929 humiliter

2056 945 2417 1018 ignoramus,
2464 953 2602 1006 dum
2653 956 2877 1007 aeterna
2932 954 3090 1023 pacis
3142 955 3396 1025 requiem
3421 960 3759 1030 quaerimus,

2058 1041 2224 1108 quasi
2257 1043 2410 1097 intra
2433 1041 2641 1112 jubilei
2679 1059 2986 1097 numerum
3021 1047 3307 1099 tenemur.
3339 1047 3651 1117 Sequitur:

2343 1130 2575 1185 CAPUT
2608 1130 2757 1185 XXX
2795 1132 2925 1196 [νει.
2960 1131 3126 1198 XXXI,
3160 1132 3281 1188 Rec.
3313 1133 3478 1206 XIV].

2129 1223 2265 1278 ῙΒιι).
2300 1252 2366 1261 --
2395 1223 2465 1274 Ac
2491 1220 2715 1289 familia
2743 1221 2916 1274 multa
2947 1219 3131 1277 nimis.

2129 1313 2217 1366 42.
2249 1311 2414 1365 Multa
2464 1309 2682 1379 [amilia
2729 1313 2804 1364 est
2853 1310 3143 1366 multitudo
3191 1312 3589 1381 cogitationum
3616 1318 3763 1372 cohi-

2060 1403 2252 1458 benda.
2285 1431 2353 1441 —
2385 1400 2630 1454 Multam
2665 1399 2842 1454 nimis
2892 1400 3169 1455 familiam
3207 1404 3593 1472 possidemus,
3627 1423 3762 1464 cum

2059 1487 2440 1560 cogitationes
2473 1486 2806 1541 innumeras
2850 1486 2960 1541 sub
2993 1487 3208 1543 mentis
3239 1489 3637 1547 dominatione
3668 1511 3762 1550 re—

2060 1579 2434 1646 stringimus;
2459 1576 2666 1646 neipsa
2681 1576 2772 1630 sui
2791 1576 3170 1633 multitudine
3187 1580 3447 1636 animum
3462 1590 3762 1653 superent,

2063 1682 2132 1722 ne
2167 1682 2432 1736 perverso
2476 1664 2677 1720 ordine
2717 1665 3086 1721 discretionis
3131 1671 3342 1722 nostra
3375 1669 3762 1742 principatum

248 1764 449 1814 nostra
476 1761 792 1827 portantes,
827 1757 1029 1814 aliena
1060 1758 1390 1814 inﬁrmitati
1423 1757 1673 1828 compati
1704 1759 1944 1813 condes-
1982 1774 2027 1839 Β
2059 1755 2300 1811 calcent.
2336 1755 2401 1809 Et
2452 1755 2596 1809 bene
2626 1753 3042 1823 cogitationum
3086 1755 3259 1810 turba
3298 1757 3494 1813 multa
3530 1760 3761 1817 familia

244 1848 546 1904 cendendo
565 1849 918 1903 noverimus.
943 1849 1192 1904 Possunt
1225 1849 1396 1904 etiam
1431 1865 1529 1919 per
1551 1849 1825 1916 camelos,
1850 1849 1949 1919 qui

246 1939 527 2010 ungulam
560 1956 927 2010 nequaquam
974 1940 1225 2009 ﬁndunt,
1261 1941 1359 1994 sed
1393 1945 1584 1995 tamen
1630 1941 1948 2009 ruminant,

244 2035 613 2085 terrenarum
641 2045 829 2084 rerum
855 2029 1017 2084 bona
1040 2029 1506 2100 dispensationes
1529 2030 1802 2101 intelligi:
1829 2048 1950 2101 qua

244 2119 385 2192 quia
416 2119 636 2175 habent
661 2117 878 2190 aliquid
909 2119 1130 2186 saculi,
1159 2124 1215 2174 et
1255 2120 1472 2191 aliquid
1501 2121 1620 2188 Dei,
1657 2138 1755 2192 per
1787 2137 1946 2179 com-

243 2226 423 2267 mune
454 2225 552 2266 eas
579 2223 816 2264 necesse
845 2213 933 2264 est
977 2208 1194 2264 animal
1228 2209 1540 2280 designari.
1572 2213 1765 2282 Neque
1795 2211 1950 2268 enim

245 2304 477 2355 terrena
509 2299 886 2370 dispensatio,
911 2299 1180 2370 quamvis
1208 2303 1432 2354 aeterna
1458 2299 1698 2354 utilitati
1721 2302 1952 2372 serviat,

246 2389 373 2443 sine
430 2388 864 2458 perturbatione
921 2387 1132 2443 mentis
1196 2387 1347 2444 valet
1403 2388 1687 2444 exhiberi.
1747 2392 1763 2460 [_
1831 2393 1949 2446 Vel.

243 2481 408 2535 XXIX.
445 2480 460 2548 ]
494 2479 643 2545 Quia
689 2479 869 2550 igitur
916 2496 1017 2550 per
1064 2480 1214 2535 hanc
1264 2485 1321 2536 et
1365 2481 1435 2536 ad
1491 2497 1743 2550 praesens
1793 2499 1952 2539 mens

248 2569 653 2637 confunditur,
687 2570 825 2624 etin
862 2575 1206 2641 perpetuum
1244 2587 1464 2627 merces
1491 2585 1753 2642 paratur,
1787 2575 1952 2644 quasi

250 2675 554 2715 commune
586 2657 825 2723 animal,
852 2663 908 2713 et
925 2659 1144 2729 aliquid
1178 2661 1246 2716 de
1268 2661 1392 2732 lege
1422 2661 1616 2728 habet,
1642 2667 1697 2717 et
1729 2663 1952 2734 aliquid

245 2765 360 2804 non
385 2748 582 2803 habet.
616 2747 902 2819 Ungulam
936 2764 1184 2820 namque
1216 2766 1327 2806 non
1364 2750 1552 2817 ﬁndit,
1587 2751 1726 2822 quia
1757 2768 1870 2807 non
1891 2771 1952 2809 se

243 2838 478 2910 penitus
513 2838 710 2893 anima
742 2839 811 2892 ab
841 2840 1001 2893 omni
1035 2844 1264 2895 terreno
1296 2856 1466 2911 opere
1494 2841 1816 2914 disjungit;
1850 2845 1950 2898 sed

241 2934 439 2984 tamen
487 2927 763 2996 ruminat,
793 2929 930 2998 quia
964 2928 1109 2984 bene
1135 2928 1529 3000 dispensanda
1582 2932 1947 3003 temporalia,

242 3033 346 3090 per
389 3015 766 3073 certitudinis
819 3016 1090 3072 ﬁduciam
1141 3017 1396 3073 calestia
1435 3024 1646 3089 sperat.
1685 3022 1949 3077 Terrena

242 3108 423 3178 igitur
453 3105 949 3177 dispensationes,
975 3107 1139 3177 quasi
1175 3107 1522 3164 camelorum
1559 3125 1740 3176 more,
1765 3112 1950 3181 capite

239 3199 352 3270 legi
383 3199 760 3263 concordant,
794 3199 940 3268 pede
995 3198 1366 3268 discrepant;
1400 3199 1536 3268 quia
1565 3205 1621 3255 et
1651 3202 1778 3258 caeli
1811 3207 1947 3258 sunt

239 3289 340 3345 illa
362 3307 490 3360 qua
514 3289 679 3358 juste
705 3289 962 3345 viventes
987 3293 1288 3359 appetunt,
1313 3295 1367 3345 et
1390 3289 1558 3360 hujus
1586 3293 1948 3348 mundisunt

236 3396 307 3435 ea
334 3377 393 3433 in
428 3378 642 3449 quibus
675 3392 842 3446 opere
884 3382 1212 3433 versantur.
1239 3378 1354 3434 Nos
1385 3395 1516 3450 ergo
1549 3398 1682 3437 cum
1711 3385 1945 3441 easdem

235 3474 494 3524 terrenas
542 3467 1014 3538 dispensationes
1042 3468 1370 3539 cognitione
1410 3471 1714 3528 Trinitatis
1745 3475 1947 3530 subdi-

239 3579 400 3632 mus,
425 3563 584 3633 quasi
617 3561 868 3618 camelos
895 3563 972 3633 (b)
1004 3562 1116 3618 ﬁde
1149 3564 1536 3634 possidemus.
1564 3566 1868 3636 Sequitur:

682 3653 911 3709 CAPUT
951 3654 1135 3709 xxxx
1169 3654 1301 3726 [νει.
1337 3655 1498 3726 XXX].

303 3745 611 3812 Quingenta
658 3759 872 3813 quoque
892 3745 1033 3814 juga
1074 3745 1253 3810 boum,
1290 3749 1338 3799 et
1379 3748 1695 3815 quingenta
1746 3750 1943 3805 asinae.

315 3835 402 3888 41.
431 3834 599 3886 Boum
634 3833 778 3904 juga
809 3833 1090 3888 concordes
1135 3835 1381 3888 virtutes.
1418 3835 1600 3891 Asina
1650 3836 1948 3892 lascivien-

233 3930 335 3989 tes,
376 3929 555 3978 motus
585 3931 680 3978 aut
729 3925 1076 3993 cogitationes
1125 3924 1418 3994 simplices.
1451 3956 1519 3965 —
1564 3925 1712 3995 Juga
1765 3927 1941 3984 boum

234 4013 295 4066 in
323 4029 498 4068 usum
523 4015 736 4068 nostra:
761 4012 1147 4081 possessionis
1178 4017 1333 4078 sunt,
1364 4014 1434 4082 (ε)
1467 4030 1600 4069 cum
1625 4017 1944 4072 concordes

234 4103 484 4157 virtutes
507 4105 744 4156 exarant
769 4100 1046 4156 duritiam
1071 4102 1304 4156 mentis.
1323 4104 1676 4172 Quingentas
1711 4121 1945 4176 quoque

235 4193 434 4245 asinae
474 4191 862 4261 possidemus,
895 4205 1026 4246 cum
1060 4190 1424 4246 lascivientes
1474 4196 1667 4248 motus
1700 4195 1944 4251 restrin-

236 4279 468 4350 gimus;
495 4284 551 4336 et
571 4280 857 4351 quidquid
883 4280 939 4334 in
982 4279 1148 4335 nobis
1167 4280 1402 4336 carnale
1441 4296 1746 4352 exsurgere
1770 4301 1946 4354 appe-

235 4372 327 4436 tit,
360 4368 604 4439 spiritali
655 4369 849 4424 cordis
892 4371 1190 4426 dominatu
1239 4369 1619 4427 refrenemus.
1655 4372 1756 4427 Vel
1793 4379 1945 4429 certe

237 4459 439 4513 asinae
470 4458 784 4528 possidere,
810 4463 897 4514 est
927 4459 1310 4528 cogitationes
1343 4459 1495 4514 intra
1521 4475 1621 4514 nos
1644 4461 1941 4533 simplices

237 4563 476 4619 regere:
515 4563 641 4618 qua
674 4546 813 4602 dum
837 4547 895 4602 in
930 4547 1539 4603 subtilioriintellectu
1574 4566 1804 4606 currere
1828 4569 1944 4608 non

235 4637 438 4691 valent
465 4653 578 4706 quo
613 4638 779 4708 quasi
813 4638 1032 4709 pigrius
1071 4637 1389 4704 ambulant,
1425 4654 1488 4693 eo
1523 4640 1770 4694 fraterna
1801 4658 1947 4697 one-

237 4743 305 4782 ra
345 4727 707 4780 mansuetius
755 4731 1005 4798 portant.
1041 4727 1183 4783 Sunt
1228 4743 1480 4799 namque
1531 4729 1797 4785 nonnulli
1846 4731 1948 4802 qui

234 4817 380 4870 dum
406 4813 523 4870 alta
553 4830 665 4871 non
700 4814 1058 4887 intelligunt,
1089 4817 1167 4887 (ά)
1199 4817 1270 4871 ad
1321 4817 1605 4872 exteriora
1637 4833 1948 4875 conversa-

235 4907 418 4961 tionis
431 4921 604 4978 opera
616 4922 675 4962 se
690 4904 972 4962 humilius
988 4910 1277 4977 premunt.
1297 4907 1445 4963 Bene
1459 4923 1595 4979 ergo
1613 4923 1713 4978 per
1727 4909 1944 4977 asinas,

237 4995 476 5066 pigrum
509 4995 743 5066 quidem
789 4995 1030 5062 animal,
1062 4995 1160 5049 sed
1196 4998 1388 5050 tamen
1422 4996 1722 5066 portandis
1751 4999 1950 5054 oneri-

237 5085 352 5140 bus
382 5084 664 5152 deditum,
699 5086 790 5140 81
833 5084 1129 5156 simplices
1162 5085 1552 5156 cogitationes
1581 5086 1903 5156 accipimus
1933 5107 1948 5159 ;

231 5176 372 5246 quia
393 5176 536 5231 dum
569 5180 833 5232 nostram
859 5175 1201 5245 plerumque
1226 5175 1615 5246 ignorantiam
1642 5177 1942 5247 cognosci-

308 5421 390 5481 (α)
415 5417 576 5472 Rem.
605 5422 656 5470 et
690 5415 937 5486 Remig.,
961 5415 1354 5484 Corb.,Germ.
1385 5431 1396 5469 :
1425 5415 1553 5470 Oves
1574 5416 1717 5469 enim
1741 5421 1947 5482 septem

226 5491 442 5546 millia.
470 5489 554 5542 Ita
585 5490 803 5542 veteres
836 5487 983 5542 Edit.
1018 5487 1200 5542 Paris.
1221 5491 1277 5542 et
1308 5487 1481 5541 Basil.

304 5562 386 5631 (b)
411 5560 503 5614 Sic
526 5562 662 5613 Mss.
693 5558 756 5612 In
779 5558 1044 5630 Vulgatis
1068 5558 1337 5614 additur:
1365 5561 1514 5613 intra
1539 5557 1944 5613 indivz’sibilem

223 5647 554 5692 numerum,
589 5632 722 5695 sive,
754 5635 864 5686 etc.

298 5705 385 5773 (Δ)
417 5700 668 5767 Ebroic.,
705 5701 762 5758 S.
798 5700 1104 5773 Ebrulph.,
1137 5703 1324 5758 Germ.
1353 5707 1410 5758 et
1457 5701 1580 5768 alii,
1606 5719 1730 5760 cum
1769 5700 1948 5756 cordis

228 5779 476 5834 virtutes
507 5780 766 5830 exorant.

1981 3145 2032 3214 C

2061 1844 2450 1916 appellatione
2481 1843 2763 1914 signatur.
2795 1843 2937 1898 Nam
2972 1845 3195 1900 scimus
3215 1848 3369 1917 quod
3397 1848 3636 1905 absente
3667 1852 3764 1908 do-

2062 1933 2237 1996 mina,
2273 1931 2616 1986 ancillarum
2661 1929 2868 1999 lingua
2921 1935 3304 2002 perstrepunt,
3337 1933 3633 1994 silentium
3666 1941 3764 1996 de-

2062 2026 2286 2088 serunt,
2318 2020 2575 2090 deputati
2625 2022 2814 2090 operis
2855 2019 3046 2077 ofﬁcia
3094 2023 3418 2093 negligunt,
3460 2030 3768 2102 totumque

2064 2111 2298 2166 sibimet
2341 2109 2600 2166 ordinem
2654 2110 2884 2164 vivendi
2917 2111 3308 2167 confundunt.
3333 2115 3405 2169 At
3450 2116 3500 2172 si
3531 2124 3768 2190 repente

2063 2201 2300 2258 domina
2339 2200 2552 2266 veniat,
2587 2215 2715 2254 mox
2768 2204 3194 2270 perstrepentes
3241 2201 3454 2272 lingua
3501 2207 3766 2272 reticent,

2063 2291 2253 2346 officia
2293 2289 2760 2359 uniuscujusque
2822 2289 3008 2358 operis
3060 2297 3327 2360 repetunt
3372 2309 3387 2358 ;
3443 2293 3643 2366 sicque
3694 2299 3766 2354 ad

2063 2398 2208 2451 opus
2256 2379 2580 2452 proprium,
2613 2395 2680 2432 ac
2730 2379 2780 2434 si
2814 2395 2927 2433 non
2970 2381 3332 2448 recesserint,
3372 2390 3764 2446 revertuntur.

2062 2470 2117 2523 Si
2152 2467 2380 2539 igitura
2411 2467 2584 2521 domo
2623 2466 2834 2522 mentis
2865 2466 2932 2520 ad
2985 2474 3431 2525 monumentum
3464 2473 3607 2530 ratio
3639 2475 3768 2532 dis-

2062 2559 2246 2624 cedat,
2271 2557 2439 2628 quasi
2464 2555 2705 2612 absente
2725 2555 2980 2623 domina,
3007 2556 3418 2626 c0gitationum
3445 2578 3506 2618 se
3527 2564 3763 2636 clamor,

2061 2647 2218 2702 velut
2247 2644 2481 2718 garrula
2503 2644 2848 2700 ancillarum
2875 2646 3044 2700 turba
3075 2646 3544 2721 multiplicat..Ut
3573 2660 3766 2711 autem

2065 2738 2207 2792 ratio
2252 2737 2322 2791 ad
2367 2739 2621 2790 mentem
2674 2734 2928 2800 redierit,
2963 2751 3096 2791 mox
3138 2753 3200 2793 se
3230 2740 3494 2797 confusio
3545 2745 3767 2801 tumul-

2065 2834 2233 2883 tuosa
2282 2825 2628 2896 compescit;
2664 2828 2721 2879 et
2762 2825 2924 2895 quasi
2975 2825 3200 2881 ancilla
3231 2843 3290 2884 se
3319 2830 3386 2884 ad
3438 2831 3767 2902 injunctum

2063 2934 2210 2989 opus
2260 2917 2424 2972 tacite
2474 2914 2819 2985 reprimunt,
2869 2914 3009 2970 dum
3059 2916 3448 2988 cogitationes
3494 2924 3764 2993 protinus

2061 3007 2254 3064 causis
2286 3022 2344 3061 se
2368 3003 2619 3075 propriis
2651 3003 2725 3058 ad
2747 3003 3061 3060 utilitatem
3094 3005 3369 3064 subdunt.
3396 3008 3763 3071 Possidemus

2062 3113 2196 3166 ergo
2224 3094 2465 3150 multam
2493 3092 2792 3162 familiam,
2820 3109 2953 3148 cum
2975 3095 3277 3166 rectojure
3307 3096 3634 3157 innumeris
3666 3120 3766 3159 co-

2061 3184 2437 3258 gitationibus
2484 3182 2726 3238 rationis
2774 3183 3124 3240 discretione
3173 3185 3570 3244 dominamur.
3604 3192 3763 3258 Quod

2059 3277 2334 3332 nimirum
2385 3289 2516 3328 cum
2563 3272 2804 3328 solerter
2851 3271 3101 3344 agimus,
3129 3275 3299 3347 jungi
3349 3293 3450 3348 per
3497 3282 3761 3338 eamdem

2059 3365 2469 3423 discretionem
2521 3362 2743 3435 angelis
2793 3378 3090 3418 conamur.
3125 3363 3289 3421 Unde
3319 3369 3375 3421 et
3423 3372 3577 3425 recte
3617 3371 3764 3428 sub-

2054 3457 2316 3530 iungitur
2343 3469 2357 3510 :

2673 3542 2906 3598 CAPUT
2945 3542 3134 3599 XXXI.

2127 3637 2263 3692 Iam.
2297 3667 2363 3674 —
2394 3635 2639 3704 Eratque
2671 3636 2756 3688 vir
2789 3635 2887 3688 ille
2913 3651 3142 3705 magnus
3174 3637 3318 3692 inter
3345 3652 3530 3694 omnes
3561 3640 3762 3697 Orien-

2057 3724 2210 3780 tales.

2129 3813 2214 3866 43.
2252 3815 2454 3866 Earum
2501 3813 2873 3880 refrenatione
2920 3815 3113 3881 magni
3163 3814 3463 3882 e/ﬁcimur.
3493 3847 3559 3858 —
3606 3819 3762 3876 Tunc

2058 3917 2308 3972 namque
2332 3900 2522 3972 magni
2551 3900 2699 3954 inter
2721 3915 2925 3954 omnes
2948 3901 3268 3956 Orientales
3289 3903 3594 3972 efﬁcimur,
3623 3924 3756 3962 cum

2057 3992 2138 4048 eis
2161 3989 2485 4062 spiritibUS,
2518 3989 2617 4060 qui
2659 3990 2868 4045 orienti
2902 3990 3015 4044 luci
3060 3989 3363 4057 inhaerent,
3398 4008 3599 4061 pressa
3630 4012 3760 4050 car-

2059 4080 2209 4137 nalis
2241 4079 2625 4151 corruptionis
2658 4079 2890 4147 nebula,
2919 4079 3283 4136 discretionis
3315 4085 3523 4136 nostra
3555 4085 3756 4153 radiis,

2057 4172 2117 4227 in
2149 4177 2429 4242 quantum
2465 4169 2819 4241 possibilitas
2861 4171 3134 4242 suppetit,
3168 4169 3478 4226 sociamur.
3514 4173 3673 4229 Unde
3703 4178 3760 4231 et

2057 4278 2158 4332 per
2189 4259 2436 4316 Paulum
2485 4258 2730 4315 dicitur:
2766 4259 2960 4316 Nostra
3007 4263 3343 4316 conversatio
3373 4261 3438 4316 in
3485 4263 3637 4318 caelis
3682 4272 3760 4320 est

2056 4351 2330 4423 (Philipp.
2367 4367 2448 4416 Ill,
2497 4350 2611 4421 20).
2653 4350 2930 4421 Quisquis
2979 4349 3322 4421 temporalia
3369 4368 3433 4406 ac
3483 4353 3762 4410 defectiva

2055 4442 2339 4511 sequitur,
2364 4455 2635 4495 occasum
2663 4440 2805 4510 petit
2833 4457 2846 4506 ;
2880 4439 3142 4510 quisquis
3174 4456 3306 4497 vero
3339 4458 3586 4514 superna
3617 4444 3763 4499 desi-

2056 4533 2243 4598 derat,
2276 4531 2414 4602 quia
2460 4530 2518 4584 in
2551 4528 2780 4585 Oriente
2829 4529 3069 4596 habitet,
3103 4530 3483 4587 demonstrat.
3517 4536 3758 4602 Magnus

2057 4635 2193 4693 ergo
2226 4636 2339 4676 non
2367 4619 2521 4674 inter
2569 4618 2980 4686 Occidentales,
3013 4621 3110 4676 sed
3147 4619 3294 4678 inter
3324 4622 3646 4678 Orientales
3677 4625 3758 4679 ef-

2059 4711 2269 4775 ficitur,
2303 4709 2400 4780 qui
2447 4725 2562 4765 non
2607 4708 2680 4780 (e)
2711 4708 2861 4764 inter
2907 4708 3190 4764 malorum
3239 4711 3493 4767 actiones
3542 4711 3659 4767 ima
3703 4717 3762 4767 et

2059 4799 2299 4871 fugitiva
2331 4798 2740 4869 quarentium,
2773 4799 2875 4854 sed
2924 4798 3074 4855 inter
3104 4798 3307 4855 choros
3346 4801 3622 4869 proﬁcere
3652 4815 3762 4853 su-

2057 4905 2365 4962 pernorum
2398 4889 2606 4944 civium
2639 4893 2904 4946 conatur.
2939 4888 3247 4955 Sequitur:

2313 4979 2546 5036 CAPUT
2575 4978 2775 5034 xxxu
2807 4981 2942 5051 [νει.
2990 4978 3184 5045 xxx”,
3219 4979 3341 5036 Rec.
3367 4976 3493 5047 XV].

2127 5089 2303 5144 Vens.
2328 5091 2380 5143 4.
2414 5089 2477 5142 Et
2528 5087 2679 5143 ibant
2709 5088 2816 5156 ﬁlii
2843 5091 2984 5155 eius,
3021 5093 3070 5139 et
3105 5085 3397 5156 faciebant
3445 5083 3760 5140 convivium

2053 5193 2155 5248 per
2187 5179 2394 5246 domos,
2427 5177 2827 5248 uniusquisque
2855 5175 2916 5229 in
2947 5173 3035 5228 die
3062 5188 3180 5228 suo.

2127 5412 2204 5481 (ά)
2235 5411 2328 5466 Sic
2362 5411 2501 5465 Mss.
2536 5409 2700 5466 Corb.
2737 5413 2798 5481 et
2823 5411 3186 5481 Germ.,_qua
3229 5406 3506 5477 particula
3533 5423 3756 5481 praepa-

2058 5478 2199 5536 ratio
2230 5482 2409 5536 animi
2445 5481 2748 5535 indicatur.
2785 5480 2914 5534 Mox
2945 5479 3187 5534 verbum
3231 5485 3485 5549 premunt
3515 5478 3756 5552 perinde

2057 5561 2144 5607 est
2170 5569 2235 5607 ac
2266 5552 2597 5621 deprimunt.
2637 5553 2695 5604 In
2729 5552 2902 5614 Edit.,
2934 5567 3030 5621 per
3057 5552 3362 5606 exteriora.

2128 5624 2202 5695 (ε)
2235 5625 2430 5695 Antiq.
2469 5624 2656 5688 Rem.,
2691 5626 2785 5694 qui
2816 5639 2922 5679 non
2948 5623 3094 5678 inter
3125 5626 3354 5679 actionis
3386 5622 3498 5677 ima
3529 5625 3579 5678 et
3606 5621 3758 5694 fugi-

2058 5701 2188 5753 tiva.
2222 5697 2388 5752 Corb.
2424 5712 2537 5754 non
2569 5695 2743 5753 habet
2773 5697 3068 5754 malorum.
