  <div class='ocr_page' id='page_1' title='image "/cluster/home/n/w/nwhite01/storage/ocr_20150623/75/hvd.32044054758800/279.png"; bbox 0 0 4104 6162; ppageno 0'>
   <div class='ocr_carea' id='block_1_1' title="bbox 323 291 435 356">
    <p class='ocr_par' dir='ltr' id='par_1_1' title="bbox 323 291 435 356">
     <span class='ocr_line' id='line_1_1' title="bbox 323 291 435 356; baseline 0.027 -5"><span class='ocrx_word' id='word_1_1' title='bbox 323 291 435 356; x_wconf 73' lang='grc'><strong>547</strong></span> 
     </span>
    </p>
   </div>
   <div class='ocr_carea' id='block_1_2' title="bbox 1589 276 2579 347">
    <p class='ocr_par' dir='ltr' id='par_1_2' title="bbox 1589 276 2579 347">
     <span class='ocr_line' id='line_1_2' title="bbox 1589 276 2579 347; baseline -0.008 -1"><span class='ocrx_word' id='word_1_2' title='bbox 1589 282 1858 346; x_wconf 84' lang='lat' dir='ltr'><strong>SANCTI</strong></span> <span class='ocrx_word' id='word_1_3' title='bbox 1906 279 2277 347; x_wconf 81' lang='lat' dir='ltr'><strong>GREGORII</strong></span> <span class='ocrx_word' id='word_1_4' title='bbox 2324 276 2579 340; x_wconf 84' lang='lat' dir='ltr'><strong>MAGNI</strong></span> 
     </span>
    </p>
   </div>
   <div class='ocr_carea' id='block_1_3' title="bbox 3717 282 3837 343">
    <p class='ocr_par' dir='ltr' id='par_1_3' title="bbox 3717 282 3837 343">
     <span class='ocr_line' id='line_1_3' title="bbox 3717 282 3837 343; baseline 0.033 -4"><span class='ocrx_word' id='word_1_5' title='bbox 3717 282 3837 343; x_wconf 75' lang='lat' dir='ltr'><strong>5i8</strong></span> 
     </span>
    </p>
   </div>
   <div class='ocr_carea' id='block_1_4' title="bbox 392 416 3837 500">
    <p class='ocr_par' dir='ltr' id='par_1_4' title="bbox 392 416 3837 500">
     <span class='ocr_line' id='line_1_4' title="bbox 392 416 3837 500; baseline -0.003 -12"><span class='ocrx_word' id='word_1_6' title='bbox 392 433 480 489; x_wconf 72' lang='grc'><strong>44.</strong></span> <span class='ocrx_word' id='word_1_7' title='bbox 515 431 747 488; x_wconf 77' lang='lat' dir='ltr'><strong>Virtutes</strong></span> <span class='ocrx_word' id='word_1_8' title='bbox 793 427 1051 500; x_wconf 75' lang='lat' dir='ltr'><strong>singulae,</strong></span> <span class='ocrx_word' id='word_1_9' title='bbox 1071 428 1130 480; x_wconf 89' lang='lat' dir='ltr'><strong>in</strong></span> <span class='ocrx_word' id='word_1_10' title='bbox 1172 424 1259 482; x_wconf 82' lang='lat' dir='ltr'><strong>die</strong></span> <span class='ocrx_word' id='word_1_11' title='bbox 1296 440 1390 481; x_wconf 90' lang='lat' dir='ltr'><strong>suo</strong></span> <span class='ocrx_word' id='word_1_12' title='bbox 1432 423 1742 480; x_wconf 77' lang='lat' dir='ltr'><strong>convivium</strong></span> <span class='ocrx_word' id='word_1_13' title='bbox 1783 421 2015 493; x_wconf 81' lang='lat' dir='ltr'><strong>faciunt.</strong></span> <span class='ocrx_word' id='word_1_14' title='bbox 2047 424 2105 489; x_wconf 84' lang='grc' dir='ltr'><strong>Α</strong></span> <span class='ocrx_word' id='word_1_15' title='bbox 2134 416 2419 484; x_wconf 75' lang='lat' dir='ltr'><strong>sublevat,</strong></span> <span class='ocrx_word' id='word_1_16' title='bbox 2453 416 2621 488; x_wconf 88' lang='lat' dir='ltr'><strong>quasi</strong></span> <span class='ocrx_word' id='word_1_17' title='bbox 2655 432 2757 489; x_wconf 92' lang='lat' dir='ltr'><strong>per</strong></span> <span class='ocrx_word' id='word_1_18' title='bbox 2787 417 2913 473; x_wconf 91' lang='lat' dir='ltr'><strong>dies</strong></span> <span class='ocrx_word' id='word_1_19' title='bbox 2943 434 3084 474; x_wconf 91' lang='lat' dir='ltr'><strong>suos</strong></span> <span class='ocrx_word' id='word_1_20' title='bbox 3115 434 3430 476; x_wconf 85' lang='lat' dir='ltr'><strong>numerosa</strong></span> <span class='ocrx_word' id='word_1_21' title='bbox 3451 419 3685 478; x_wconf 91' lang='lat' dir='ltr'><strong>soboles</strong></span> <span class='ocrx_word' id='word_1_22' title='bbox 3708 436 3837 493; x_wconf 83' lang='lat' dir='ltr'><strong>pas-</strong></span> 
     </span>
    </p>
   </div>
   <div class='ocr_carea' id='block_1_5' title="bbox 319 511 2020 593">
    <p class='ocr_par' dir='ltr' id='par_1_5' title="bbox 319 511 2020 593">
     <span class='ocr_line' id='line_1_5' title="bbox 319 511 2020 593; baseline -0.008 -15"><span class='ocrx_word' id='word_1_23' title='bbox 319 553 390 567; x_wconf 89' lang='lat'><strong>--</strong></span> <span class='ocrx_word' id='word_1_24' title='bbox 420 521 545 579; x_wconf 86' lang='lat' dir='ltr'>Filii</span> <span class='ocrx_word' id='word_1_25' title='bbox 579 537 678 593; x_wconf 90' lang='lat' dir='ltr'><strong>per</strong></span> <span class='ocrx_word' id='word_1_26' title='bbox 725 521 927 575; x_wconf 87' lang='lat' dir='ltr'><strong>domos</strong></span> <span class='ocrx_word' id='word_1_27' title='bbox 957 515 1281 572; x_wconf 88' lang='lat' dir='ltr'><strong>convivium</strong></span> <span class='ocrx_word' id='word_1_28' title='bbox 1334 513 1570 577; x_wconf 88' lang='lat' dir='ltr'><strong>faciunt,</strong></span> <span class='ocrx_word' id='word_1_29' title='bbox 1606 514 1746 568; x_wconf 91' lang='lat' dir='ltr'><strong>dum</strong></span> <span class='ocrx_word' id='word_1_30' title='bbox 1780 511 2020 566; x_wconf 88' lang='lat' dir='ltr'><strong>virtutes</strong></span> 
     </span>
    </p>
   </div>
   <div class='ocr_carea' id='block_1_6' title="bbox 321 603 2017 684">
    <p class='ocr_par' dir='ltr' id='par_1_6' title="bbox 321 603 2017 684">
     <span class='ocr_line' id='line_1_6' title="bbox 321 603 2017 684; baseline -0.009 -16"><span class='ocrx_word' id='word_1_31' title='bbox 321 611 563 684; x_wconf 69' lang='lat' dir='ltr'><strong>singulae</strong></span> <span class='ocrx_word' id='word_1_32' title='bbox 585 611 667 682; x_wconf 82' lang='grc' dir='ltr'><strong>(α)</strong></span> <span class='ocrx_word' id='word_1_33' title='bbox 691 609 860 680; x_wconf 91' lang='lat' dir='ltr'><strong>juxta</strong></span> <span class='ocrx_word' id='word_1_34' title='bbox 881 607 1122 662; x_wconf 89' lang='lat' dir='ltr'><strong>modum</strong></span> <span class='ocrx_word' id='word_1_35' title='bbox 1151 603 1452 676; x_wconf 91' lang='lat' dir='ltr'><strong>proprium</strong></span> <span class='ocrx_word' id='word_1_36' title='bbox 1474 606 1724 658; x_wconf 91' lang='lat' dir='ltr'><strong>mentem</strong></span> <span class='ocrx_word' id='word_1_37' title='bbox 1751 604 2017 672; x_wconf 83' lang='lat' dir='ltr'><strong>pascunt.</strong></span> 
     </span>
    </p>
   </div>
   <div class='ocr_carea' id='block_1_7' title="bbox 321 690 2018 768">
    <p class='ocr_par' dir='ltr' id='par_1_7' title="bbox 321 690 2018 768">
     <span class='ocr_line' id='line_1_7' title="bbox 321 690 2018 768; baseline -0.01 -7"><span class='ocrx_word' id='word_1_38' title='bbox 321 705 392 761; x_wconf 87' lang='lat' dir='ltr'><strong>Et</strong></span> <span class='ocrx_word' id='word_1_39' title='bbox 423 705 568 760; x_wconf 89' lang='lat' dir='ltr'><strong>bene</strong></span> <span class='ocrx_word' id='word_1_40' title='bbox 613 701 860 757; x_wconf 86' lang='lat' dir='ltr'><strong>dicitur:</strong></span> <span class='ocrx_word' id='word_1_41' title='bbox 897 699 1268 768; x_wconf 72' lang='lat' dir='ltr'><strong>Unusquisque</strong></span> <span class='ocrx_word' id='word_1_42' title='bbox 1307 697 1367 750; x_wconf 86' lang='lat' dir='ltr'><strong>in</strong></span> <span class='ocrx_word' id='word_1_43' title='bbox 1404 696 1495 749; x_wconf 87' lang='lat' dir='ltr'><strong>die</strong></span> <span class='ocrx_word' id='word_1_44' title='bbox 1540 709 1654 748; x_wconf 87' lang='lat' dir='ltr'><strong>suo.</strong></span> <span class='ocrx_word' id='word_1_45' title='bbox 1679 692 1814 747; x_wconf 90' lang='lat' dir='ltr'><strong>Dies</strong></span> <span class='ocrx_word' id='word_1_46' title='bbox 1861 690 2018 747; x_wconf 92' lang='lat' dir='ltr'><strong>enim</strong></span> 
     </span>
    </p>
   </div>
   <div class='ocr_carea' id='block_1_8' title="bbox 326 782 2018 862">
    <p class='ocr_par' dir='ltr' id='par_1_8' title="bbox 326 782 2018 862">
     <span class='ocr_line' id='line_1_8' title="bbox 326 782 2018 862; baseline -0.009 -14"><span class='ocrx_word' id='word_1_47' title='bbox 326 792 796 862; x_wconf 83' lang='lat' dir='ltr'><strong>uniuscuiusque</strong></span> <span class='ocrx_word' id='word_1_48' title='bbox 846 787 968 856; x_wconf 87' lang='lat' dir='ltr'><strong>ﬁlii,</strong></span> <span class='ocrx_word' id='word_1_49' title='bbox 1020 791 1109 841; x_wconf 89' lang='lat' dir='ltr'><strong>est</strong></span> <span class='ocrx_word' id='word_1_50' title='bbox 1156 783 1509 840; x_wconf 91' lang='lat' dir='ltr'><strong>illuminatio</strong></span> <span class='ocrx_word' id='word_1_51' title='bbox 1550 782 2018 852; x_wconf 80' lang='lat' dir='ltr'><strong>uniuscujusque</strong></span> 
     </span>
    </p>
   </div>
   <div class='ocr_carea' id='block_1_9' title="bbox 319 869 2019 946">
    <p class='ocr_par' dir='ltr' id='par_1_9' title="bbox 319 869 2019 946">
     <span class='ocr_line' id='line_1_9' title="bbox 319 869 2019 946; baseline -0.008 -9"><span class='ocrx_word' id='word_1_52' title='bbox 319 881 566 937; x_wconf 89' lang='lat' dir='ltr'><strong>virtutis.</strong></span> <span class='ocrx_word' id='word_1_53' title='bbox 600 879 672 934; x_wconf 90' lang='lat' dir='ltr'><strong>Ut</strong></span> <span class='ocrx_word' id='word_1_54' title='bbox 701 878 855 934; x_wconf 92' lang='lat' dir='ltr'><strong>enim</strong></span> <span class='ocrx_word' id='word_1_55' title='bbox 890 876 1008 930; x_wconf 73' lang='lat' dir='ltr'><strong>haec</strong></span> <span class='ocrx_word' id='word_1_56' title='bbox 1043 875 1172 946; x_wconf 90' lang='lat' dir='ltr'><strong>ipsa</strong></span> <span class='ocrx_word' id='word_1_57' title='bbox 1201 876 1355 929; x_wconf 92' lang='lat' dir='ltr'><strong>dona</strong></span> <span class='ocrx_word' id='word_1_58' title='bbox 1385 873 1638 928; x_wconf 81' lang='lat' dir='ltr'><strong>breviter</strong></span> <span class='ocrx_word' id='word_1_59' title='bbox 1667 869 2019 941; x_wconf 80' lang='lat' dir='ltr'><strong>septiformis</strong></span> 
     </span>
    </p>
   </div>
   <div class='ocr_carea' id='block_1_10' title="bbox 320 961 2017 1043">
    <p class='ocr_par' dir='ltr' id='par_1_10' title="bbox 320 961 2017 1043">
     <span class='ocr_line' id='line_1_10' title="bbox 320 961 2017 1043; baseline -0.008 -16"><span class='ocrx_word' id='word_1_60' title='bbox 320 972 517 1043; x_wconf 63' lang='lat' dir='ltr'><strong>gratias</strong></span> <span class='ocrx_word' id='word_1_61' title='bbox 552 970 850 1041; x_wconf 91' lang='lat' dir='ltr'><strong>replicem,</strong></span> <span class='ocrx_word' id='word_1_62' title='bbox 883 967 1064 1022; x_wconf 88' lang='lat' dir='ltr'><strong>alium</strong></span> <span class='ocrx_word' id='word_1_63' title='bbox 1095 966 1243 1021; x_wconf 89' lang='lat' dir='ltr'><strong>diem</strong></span> <span class='ocrx_word' id='word_1_64' title='bbox 1280 965 1452 1020; x_wconf 88' lang='lat' dir='ltr'><strong>habet</strong></span> <span class='ocrx_word' id='word_1_65' title='bbox 1500 962 1805 1032; x_wconf 88' lang='lat' dir='ltr'><strong>sapientia,</strong></span> <span class='ocrx_word' id='word_1_66' title='bbox 1837 961 2017 1015; x_wconf 90' lang='lat' dir='ltr'><strong>alium</strong></span> 
     </span>
    </p>
   </div>
   <div class='ocr_carea' id='block_1_11' title="bbox 319 1050 2016 1125">
    <p class='ocr_par' dir='ltr' id='par_1_11' title="bbox 319 1050 2016 1125">
     <span class='ocr_line' id='line_1_11' title="bbox 319 1050 2016 1125; baseline -0.008 -9"><span class='ocrx_word' id='word_1_67' title='bbox 319 1059 671 1125; x_wconf 90' lang='lat' dir='ltr'><strong>intellectus,</strong></span> <span class='ocrx_word' id='word_1_68' title='bbox 704 1057 879 1112; x_wconf 89' lang='lat' dir='ltr'><strong>alium</strong></span> <span class='ocrx_word' id='word_1_69' title='bbox 914 1055 1248 1122; x_wconf 86' lang='lat' dir='ltr'><strong>consilium,</strong></span> <span class='ocrx_word' id='word_1_70' title='bbox 1283 1053 1458 1109; x_wconf 89' lang='lat' dir='ltr'><strong>alium</strong></span> <span class='ocrx_word' id='word_1_71' title='bbox 1511 1051 1807 1117; x_wconf 80' lang='lat' dir='ltr'><strong>fortitudo,</strong></span> <span class='ocrx_word' id='word_1_72' title='bbox 1840 1050 2016 1105; x_wconf 91' lang='lat' dir='ltr'><strong>alium</strong></span> 
     </span>
    </p>
   </div>
   <div class='ocr_carea' id='block_1_12' title="bbox 319 1139 2017 1217">
    <p class='ocr_par' dir='ltr' id='par_1_12' title="bbox 319 1139 2017 1217">
     <span class='ocr_line' id='line_1_12' title="bbox 319 1139 2017 1217; baseline -0.007 -12"><span class='ocrx_word' id='word_1_73' title='bbox 319 1149 586 1214; x_wconf 86' lang='lat' dir='ltr'><strong>scientia,</strong></span> <span class='ocrx_word' id='word_1_74' title='bbox 612 1148 790 1203; x_wconf 91' lang='lat' dir='ltr'><strong>alium</strong></span> <span class='ocrx_word' id='word_1_75' title='bbox 825 1146 1030 1217; x_wconf 84' lang='lat' dir='ltr'><strong>pietas,</strong></span> <span class='ocrx_word' id='word_1_76' title='bbox 1062 1144 1243 1199; x_wconf 81' lang='lat' dir='ltr'><strong>alium</strong></span> <span class='ocrx_word' id='word_1_77' title='bbox 1276 1145 1466 1198; x_wconf 87' lang='lat' dir='ltr'><strong>timor.</strong></span> <span class='ocrx_word' id='word_1_78' title='bbox 1492 1143 1688 1212; x_wconf 85' lang='lat' dir='ltr'><strong>Neque</strong></span> <span class='ocrx_word' id='word_1_79' title='bbox 1719 1140 1871 1196; x_wconf 89' lang='lat' dir='ltr'><strong>enim</strong></span> <span class='ocrx_word' id='word_1_80' title='bbox 1907 1139 2017 1194; x_wconf 88' lang='lat' dir='ltr'><strong>hoc</strong></span> 
     </span>
    </p>
   </div>
   <div class='ocr_carea' id='block_1_13' title="bbox 319 1227 2015 1308">
    <p class='ocr_par' dir='ltr' id='par_1_13' title="bbox 319 1227 2015 1308">
     <span class='ocr_line' id='line_1_13' title="bbox 319 1227 2015 1308; baseline -0.009 -13"><span class='ocrx_word' id='word_1_81' title='bbox 319 1242 408 1295; x_wconf 87' lang='lat' dir='ltr'><strong>est</strong></span> <span class='ocrx_word' id='word_1_82' title='bbox 437 1252 659 1308; x_wconf 90' lang='lat' dir='ltr'><strong>sapere,</strong></span> <span class='ocrx_word' id='word_1_83' title='bbox 694 1236 845 1307; x_wconf 91' lang='lat' dir='ltr'><strong>quod</strong></span> <span class='ocrx_word' id='word_1_84' title='bbox 881 1233 1199 1303; x_wconf 91' lang='lat' dir='ltr'><strong>intelligere</strong></span> <span class='ocrx_word' id='word_1_85' title='bbox 1226 1249 1239 1298; x_wconf 92' lang='lat'><strong>;</strong></span> <span class='ocrx_word' id='word_1_86' title='bbox 1280 1232 1416 1304; x_wconf 82' lang='lat' dir='ltr'><strong>quia</strong></span> <span class='ocrx_word' id='word_1_87' title='bbox 1445 1230 1614 1286; x_wconf 89' lang='lat' dir='ltr'><strong>multi</strong></span> <span class='ocrx_word' id='word_1_88' title='bbox 1645 1233 1859 1283; x_wconf 60' lang='lat' dir='ltr'><strong>aeterna</strong></span> <span class='ocrx_word' id='word_1_89' title='bbox 1886 1227 2015 1298; x_wconf 86' lang='lat' dir='ltr'><strong>qui-</strong></span> 
     </span>
    </p>
   </div>
   <div class='ocr_carea' id='block_1_14' title="bbox 318 1321 2018 1397">
    <p class='ocr_par' dir='ltr' id='par_1_14' title="bbox 318 1321 2018 1397">
     <span class='ocr_line' id='line_1_14' title="bbox 318 1321 2018 1397; baseline -0.008 -14"><span class='ocrx_word' id='word_1_90' title='bbox 318 1329 449 1383; x_wconf 88' lang='lat' dir='ltr'><strong>dem</strong></span> <span class='ocrx_word' id='word_1_91' title='bbox 495 1327 751 1397; x_wconf 90' lang='lat' dir='ltr'><strong>sapiunt,</strong></span> <span class='ocrx_word' id='word_1_92' title='bbox 784 1325 882 1380; x_wconf 89' lang='lat' dir='ltr'><strong>sed</strong></span> <span class='ocrx_word' id='word_1_93' title='bbox 936 1323 1057 1377; x_wconf 73' lang='lat' dir='ltr'><strong>haec</strong></span> <span class='ocrx_word' id='word_1_94' title='bbox 1108 1321 1430 1393; x_wconf 90' lang='lat' dir='ltr'><strong>intelligere</strong></span> <span class='ocrx_word' id='word_1_95' title='bbox 1472 1333 1840 1391; x_wconf 85' lang='lat' dir='ltr'><strong>nequaquam</strong></span> <span class='ocrx_word' id='word_1_96' title='bbox 1887 1332 2018 1387; x_wconf 83' lang='lat' dir='ltr'><strong>pos-</strong></span> 
     </span>
    </p>
   </div>
   <div class='ocr_carea' id='block_1_15' title="bbox 319 1406 2017 1486">
    <p class='ocr_par' dir='ltr' id='par_1_15' title="bbox 319 1406 2017 1486">
     <span class='ocr_line' id='line_1_15' title="bbox 319 1406 2017 1486; baseline -0.008 -15"><span class='ocrx_word' id='word_1_97' title='bbox 319 1420 480 1472; x_wconf 86' lang='lat' dir='ltr'><strong>sunt.</strong></span> <span class='ocrx_word' id='word_1_98' title='bbox 514 1414 810 1486; x_wconf 81' lang='lat' dir='ltr'><strong>Sapientia</strong></span> <span class='ocrx_word' id='word_1_99' title='bbox 839 1428 977 1484; x_wconf 88' lang='lat' dir='ltr'><strong>ergo</strong></span> <span class='ocrx_word' id='word_1_100' title='bbox 1009 1412 1065 1466; x_wconf 92' lang='lat' dir='ltr'><strong>in</strong></span> <span class='ocrx_word' id='word_1_101' title='bbox 1098 1410 1207 1467; x_wconf 71' lang='lat'><strong>32</strong></span> <span class='ocrx_word' id='word_1_102' title='bbox 1240 1410 1334 1465; x_wconf 92' lang='lat' dir='ltr'><strong>die</strong></span> <span class='ocrx_word' id='word_1_103' title='bbox 1363 1426 1471 1465; x_wconf 90' lang='lat' dir='ltr'><strong>suo</strong></span> <span class='ocrx_word' id='word_1_104' title='bbox 1503 1409 1824 1464; x_wconf 89' lang='lat' dir='ltr'><strong>convivium</strong></span> <span class='ocrx_word' id='word_1_105' title='bbox 1861 1406 2017 1470; x_wconf 81' lang='lat' dir='ltr'><strong>facit,</strong></span> 
     </span>
    </p>
   </div>
   <div class='ocr_carea' id='block_1_16' title="bbox 318 1496 2016 1578">
    <p class='ocr_par' dir='ltr' id='par_1_16' title="bbox 318 1496 2016 1578">
     <span class='ocr_line' id='line_1_16' title="bbox 318 1496 2016 1578; baseline -0.008 -16"><span class='ocrx_word' id='word_1_106' title='bbox 318 1506 455 1578; x_wconf 85' lang='lat' dir='ltr'><strong>quia</strong></span> <span class='ocrx_word' id='word_1_107' title='bbox 524 1509 775 1561; x_wconf 86' lang='lat' dir='ltr'><strong>mentem</strong></span> <span class='ocrx_word' id='word_1_108' title='bbox 838 1504 908 1557; x_wconf 90' lang='lat' dir='ltr'><strong>de</strong></span> <span class='ocrx_word' id='word_1_109' title='bbox 968 1506 1317 1557; x_wconf 86' lang='lat' dir='ltr'><strong>aeternorum</strong></span> <span class='ocrx_word' id='word_1_110' title='bbox 1386 1515 1488 1571; x_wconf 87' lang='lat' dir='ltr'><strong>spe</strong></span> <span class='ocrx_word' id='word_1_111' title='bbox 1553 1503 1607 1552; x_wconf 92' lang='lat' dir='ltr'><strong>et</strong></span> <span class='ocrx_word' id='word_1_112' title='bbox 1669 1496 2016 1552; x_wconf 90' lang='lat' dir='ltr'><strong>certitudine</strong></span> 
     </span>
    </p>
   </div>
   <div class='ocr_carea' id='block_1_17' title="bbox 317 1586 2017 1657">
    <p class='ocr_par' dir='ltr' id='par_1_17' title="bbox 317 1586 2017 1657">
     <span class='ocr_line' id='line_1_17' title="bbox 317 1586 2017 1657; baseline -0.008 -5"><span class='ocrx_word' id='word_1_113' title='bbox 317 1596 526 1652; x_wconf 89' lang='lat' dir='ltr'><strong>reﬁcit.</strong></span> <span class='ocrx_word' id='word_1_114' title='bbox 562 1593 890 1650; x_wconf 93' lang='lat' dir='ltr'><strong>Intellectus</strong></span> <span class='ocrx_word' id='word_1_115' title='bbox 919 1591 977 1647; x_wconf 89' lang='lat' dir='ltr'><strong>in</strong></span> <span class='ocrx_word' id='word_1_116' title='bbox 1011 1592 1103 1646; x_wconf 92' lang='lat' dir='ltr'><strong>die</strong></span> <span class='ocrx_word' id='word_1_117' title='bbox 1133 1608 1239 1646; x_wconf 92' lang='lat' dir='ltr'><strong>suo</strong></span> <span class='ocrx_word' id='word_1_118' title='bbox 1284 1589 1611 1644; x_wconf 87' lang='lat' dir='ltr'><strong>convivium</strong></span> <span class='ocrx_word' id='word_1_119' title='bbox 1647 1591 1845 1657; x_wconf 89' lang='lat' dir='ltr'><strong>parat;</strong></span> <span class='ocrx_word' id='word_1_120' title='bbox 1879 1586 2017 1656; x_wconf 89' lang='lat' dir='ltr'><strong>quia</strong></span> 
     </span>
    </p>
   </div>
   <div class='ocr_carea' id='block_1_18' title="bbox 317 1675 2014 1754">
    <p class='ocr_par' dir='ltr' id='par_1_18' title="bbox 317 1675 2014 1754">
     <span class='ocr_line' id='line_1_18' title="bbox 317 1675 2014 1754; baseline -0.006 -15"><span class='ocrx_word' id='word_1_121' title='bbox 317 1686 378 1740; x_wconf 90' lang='lat' dir='ltr'><strong>in</strong></span> <span class='ocrx_word' id='word_1_122' title='bbox 410 1703 476 1741; x_wconf 90' lang='lat' dir='ltr'><strong>eo</strong></span> <span class='ocrx_word' id='word_1_123' title='bbox 509 1685 659 1754; x_wconf 88' lang='lat' dir='ltr'><strong>quod</strong></span> <span class='ocrx_word' id='word_1_124' title='bbox 694 1681 891 1738; x_wconf 88' lang='lat' dir='ltr'><strong>audita</strong></span> <span class='ocrx_word' id='word_1_125' title='bbox 922 1685 1204 1751; x_wconf 88' lang='lat' dir='ltr'><strong>penetrat,</strong></span> <span class='ocrx_word' id='word_1_126' title='bbox 1240 1678 1548 1734; x_wconf 88' lang='lat' dir='ltr'><strong>reﬁciendo</strong></span> <span class='ocrx_word' id='word_1_127' title='bbox 1597 1693 1712 1743; x_wconf 92' lang='lat' dir='ltr'><strong>cor,</strong></span> <span class='ocrx_word' id='word_1_128' title='bbox 1747 1675 2014 1730; x_wconf 82' lang='lat' dir='ltr'><strong>tenebras</strong></span> 
     </span>
    </p>
   </div>
   <div class='ocr_carea' id='block_1_19' title="bbox 2129 508 3261 581">
    <p class='ocr_par' dir='ltr' id='par_1_19' title="bbox 2129 508 3261 581">
     <span class='ocr_line' id='line_1_19' title="bbox 2129 508 3261 581; baseline 0.001 -16"><span class='ocrx_word' id='word_1_129' title='bbox 2129 509 2315 566; x_wconf 86' lang='lat' dir='ltr'><strong>cenda</strong></span> <span class='ocrx_word' id='word_1_130' title='bbox 2343 508 2665 564; x_wconf 84' lang='lat' dir='ltr'><strong>convivium</strong></span> <span class='ocrx_word' id='word_1_131' title='bbox 2698 511 2885 579; x_wconf 87' lang='lat' dir='ltr'><strong>parat.</strong></span> <span class='ocrx_word' id='word_1_132' title='bbox 2941 510 3216 581; x_wconf 87' lang='lat' dir='ltr'><strong>Sequitur</strong></span> <span class='ocrx_word' id='word_1_133' title='bbox 3249 526 3261 566; x_wconf 91' lang='lat'>:</span> 
     </span>
    </p>
   </div>
   <div class='ocr_carea' id='block_1_20' title="bbox 2343 597 3618 672">
    <p class='ocr_par' dir='ltr' id='par_1_20' title="bbox 2343 597 3618 672">
     <span class='ocr_line' id='line_1_20' title="bbox 2343 597 3618 672; baseline 0.003 -20"><span class='ocrx_word' id='word_1_134' title='bbox 2343 597 2573 653; x_wconf 73' lang='lat' dir='ltr'><strong>CAPUT</strong></span> <span class='ocrx_word' id='word_1_135' title='bbox 2604 597 2838 654; x_wconf 83' lang='lat' dir='ltr'><strong>XXXIII</strong></span> <span class='ocrx_word' id='word_1_136' title='bbox 2871 598 3007 670; x_wconf 83' lang='lat' dir='ltr'><strong>[Vet.</strong></span> <span class='ocrx_word' id='word_1_137' title='bbox 3041 601 3263 670; x_wconf 81' lang='lat' dir='ltr'><strong>XXXIII,</strong></span> <span class='ocrx_word' id='word_1_138' title='bbox 3305 603 3426 658; x_wconf 71' lang='lat' dir='ltr'><strong>Rea.</strong></span> <span class='ocrx_word' id='word_1_139' title='bbox 3464 603 3618 672; x_wconf 83' lang='lat' dir='ltr'><strong>XVI].</strong></span> 
     </span>
    </p>
   </div>
   <div class='ocr_carea' id='block_1_21' title="bbox 2131 688 3835 760">
    <p class='ocr_par' dir='ltr' id='par_1_21' title="bbox 2131 688 3835 760">
     <span class='ocr_line' id='line_1_21' title="bbox 2131 688 3835 760; baseline 0 -16"><span class='ocrx_word' id='word_1_140' title='bbox 2131 688 2273 746; x_wconf 83' lang='lat' dir='ltr'><strong>Isin.</strong></span> <span class='ocrx_word' id='word_1_141' title='bbox 2323 719 2390 729; x_wconf 93' lang='grc'><strong><em>-</em></strong></span> <span class='ocrx_word' id='word_1_142' title='bbox 2439 693 2511 746; x_wconf 86' lang='lat' dir='ltr'><strong>Et</strong></span> <span class='ocrx_word' id='word_1_143' title='bbox 2558 690 2834 743; x_wconf 87' lang='lat' dir='ltr'><strong>mittentes</strong></span> <span class='ocrx_word' id='word_1_144' title='bbox 2881 690 3143 745; x_wconf 88' lang='lat' dir='ltr'><strong>vocabant</strong></span> <span class='ocrx_word' id='word_1_145' title='bbox 3175 695 3283 746; x_wconf 86' lang='lat' dir='ltr'><strong>tres</strong></span> <span class='ocrx_word' id='word_1_146' title='bbox 3325 706 3535 747; x_wconf 81' lang='lat' dir='ltr'><strong>sorores</strong></span> <span class='ocrx_word' id='word_1_147' title='bbox 3582 707 3738 760; x_wconf 87' lang='lat' dir='ltr'><strong>suas,</strong></span> <span class='ocrx_word' id='word_1_148' title='bbox 3772 698 3835 747; x_wconf 87' lang='lat' dir='ltr'><strong>ut</strong></span> 
     </span>
    </p>
   </div>
   <div class='ocr_carea' id='block_1_22' title="bbox 2481 779 3458 838">
    <p class='ocr_par' dir='ltr' id='par_1_22' title="bbox 2481 779 3458 838">
     <span class='ocr_line' id='line_1_22' title="bbox 2481 779 3458 838; baseline -0.001 0"><span class='ocrx_word' id='word_1_149' title='bbox 2481 779 2826 838; x_wconf 86' lang='lat' dir='ltr'><strong>comederent</strong></span> <span class='ocrx_word' id='word_1_150' title='bbox 2857 788 2908 834; x_wconf 88' lang='lat' dir='ltr'><strong>et</strong></span> <span class='ocrx_word' id='word_1_151' title='bbox 2939 780 3180 835; x_wconf 86' lang='lat' dir='ltr'><strong>biberent</strong></span> <span class='ocrx_word' id='word_1_152' title='bbox 3208 797 3335 835; x_wconf 91' lang='lat' dir='ltr'><strong>cum</strong></span> <span class='ocrx_word' id='word_1_153' title='bbox 3355 783 3458 837; x_wconf 87' lang='lat' dir='ltr'><strong>eis.</strong></span> 
     </span>
    </p>
   </div>
   <div class='ocr_carea' id='block_1_23' title="bbox 2198 869 3833 942">
    <p class='ocr_par' dir='ltr' id='par_1_23' title="bbox 2198 869 3833 942">
     <span class='ocr_line' id='line_1_23' title="bbox 2198 869 3833 942; baseline -0.001 -12"><span class='ocrx_word' id='word_1_154' title='bbox 2198 877 2285 931; x_wconf 82' lang='grc'><strong>46.</strong></span> <span class='ocrx_word' id='word_1_155' title='bbox 2334 875 2410 931; x_wconf 76' lang='lat' dir='ltr'><strong>Ad</strong></span> <span class='ocrx_word' id='word_1_156' title='bbox 2445 872 2759 930; x_wconf 85' lang='lat' dir='ltr'><strong>convivium</strong></span> <span class='ocrx_word' id='word_1_157' title='bbox 2808 869 3075 926; x_wconf 85' lang='lat' dir='ltr'><strong>virtutum</strong></span> <span class='ocrx_word' id='word_1_158' title='bbox 3122 871 3448 937; x_wconf 68' lang='lat' dir='ltr'><strong>invitandae,</strong></span> <span class='ocrx_word' id='word_1_159' title='bbox 3500 887 3642 942; x_wconf 84' lang='lat' dir='ltr'><strong>spes,</strong></span> <span class='ocrx_word' id='word_1_160' title='bbox 3680 873 3833 941; x_wconf 80' lang='lat' dir='ltr'><strong>ﬁdes,</strong></span> 
     </span>
    </p>
   </div>
   <div class='ocr_carea' id='block_1_24' title="bbox 2127 963 3834 1035">
    <p class='ocr_par' dir='ltr' id='par_1_24' title="bbox 2127 963 3834 1035">
     <span class='ocr_line' id='line_1_24' title="bbox 2127 963 3834 1035; baseline -0.002 -13"><span class='ocrx_word' id='word_1_161' title='bbox 2127 967 2386 1022; x_wconf 85' lang='lat' dir='ltr'><strong>charitas.</strong></span> <span class='ocrx_word' id='word_1_162' title='bbox 2439 993 2507 1008; x_wconf 91' lang='lat'><strong>--</strong></span> <span class='ocrx_word' id='word_1_163' title='bbox 2555 967 2692 1019; x_wconf 91' lang='lat' dir='ltr'><strong>Cum</strong></span> <span class='ocrx_word' id='word_1_164' title='bbox 2750 966 2995 1019; x_wconf 75' lang='lat' dir='ltr'><strong>virtutes</strong></span> <span class='ocrx_word' id='word_1_165' title='bbox 3061 967 3276 1017; x_wconf 87' lang='lat' dir='ltr'><strong>nostrae</strong></span> <span class='ocrx_word' id='word_1_166' title='bbox 3338 963 3396 1016; x_wconf 91' lang='lat' dir='ltr'><strong>in</strong></span> <span class='ocrx_word' id='word_1_167' title='bbox 3447 978 3619 1018; x_wconf 88' lang='lat' dir='ltr'><strong>omne</strong></span> <span class='ocrx_word' id='word_1_168' title='bbox 3683 964 3834 1035; x_wconf 90' lang='lat' dir='ltr'><strong>quod</strong></span> 
     </span>
    </p>
   </div>
   <div class='ocr_carea' id='block_1_25' title="bbox 2129 1051 3835 1128">
    <p class='ocr_par' dir='ltr' id='par_1_25' title="bbox 2129 1051 3835 1128">
     <span class='ocr_line' id='line_1_25' title="bbox 2129 1051 3835 1128; baseline -0.003 -17"><span class='ocrx_word' id='word_1_169' title='bbox 2129 1063 2330 1128; x_wconf 90' lang='lat' dir='ltr'><strong>agunt,</strong></span> <span class='ocrx_word' id='word_1_170' title='bbox 2382 1057 2450 1125; x_wconf 89' lang='lat' dir='ltr'><strong>(c)</strong></span> <span class='ocrx_word' id='word_1_171' title='bbox 2489 1071 2676 1126; x_wconf 89' lang='lat' dir='ltr'><strong>spem,</strong></span> <span class='ocrx_word' id='word_1_172' title='bbox 2719 1055 2916 1120; x_wconf 88' lang='lat' dir='ltr'><strong>ﬁdem,</strong></span> <span class='ocrx_word' id='word_1_173' title='bbox 2966 1060 3020 1107; x_wconf 87' lang='lat' dir='ltr'><strong>et</strong></span> <span class='ocrx_word' id='word_1_174' title='bbox 3049 1051 3392 1108; x_wconf 87' lang='lat' dir='ltr'><strong>charitatem</strong></span> <span class='ocrx_word' id='word_1_175' title='bbox 3425 1052 3608 1122; x_wconf 89' lang='lat' dir='ltr'><strong>ciunt,</strong></span> <span class='ocrx_word' id='word_1_176' title='bbox 3663 1052 3835 1123; x_wconf 89' lang='lat' dir='ltr'><strong>quasi</strong></span> 
     </span>
    </p>
   </div>
   <div class='ocr_carea' id='block_1_26' title="bbox 2129 1141 3834 1218">
    <p class='ocr_par' dir='ltr' id='par_1_26' title="bbox 2129 1141 3834 1218">
     <span class='ocr_line' id='line_1_26' title="bbox 2129 1141 3834 1218; baseline -0.004 -15"><span class='ocrx_word' id='word_1_177' title='bbox 2129 1151 2456 1218; x_wconf 88' lang='lat' dir='ltr'><strong>operatores</strong></span> <span class='ocrx_word' id='word_1_178' title='bbox 2506 1144 2632 1210; x_wconf 85' lang='lat' dir='ltr'><strong>ﬁlii,</strong></span> <span class='ocrx_word' id='word_1_179' title='bbox 2681 1148 2799 1200; x_wconf 86' lang='lat' dir='ltr'><strong>tres</strong></span> <span class='ocrx_word' id='word_1_180' title='bbox 2850 1144 2920 1198; x_wconf 90' lang='lat' dir='ltr'><strong>ad</strong></span> <span class='ocrx_word' id='word_1_181' title='bbox 2969 1141 3299 1197; x_wconf 89' lang='lat' dir='ltr'><strong>convivium</strong></span> <span class='ocrx_word' id='word_1_182' title='bbox 3341 1157 3568 1198; x_wconf 87' lang='lat' dir='ltr'><strong>sorores</strong></span> <span class='ocrx_word' id='word_1_183' title='bbox 3603 1147 3834 1208; x_wconf 83' lang='lat' dir='ltr'><strong>vocant,</strong></span> 
     </span>
    </p>
   </div>
   <div class='ocr_carea' id='block_1_27' title="bbox 2128 1231 3837 1305">
    <p class='ocr_par' dir='ltr' id='par_1_27' title="bbox 2128 1231 3837 1305">
     <span class='ocr_line' id='line_1_27' title="bbox 2128 1231 3837 1305; baseline -0.003 -14"><span class='ocrx_word' id='word_1_184' title='bbox 2128 1241 2193 1291; x_wconf 93' lang='lat' dir='ltr'><strong>ut</strong></span> <span class='ocrx_word' id='word_1_185' title='bbox 2223 1235 2386 1304; x_wconf 91' lang='lat' dir='ltr'><strong>ﬁdes,</strong></span> <span class='ocrx_word' id='word_1_186' title='bbox 2430 1249 2564 1305; x_wconf 86' lang='lat' dir='ltr'><strong>spes</strong></span> <span class='ocrx_word' id='word_1_187' title='bbox 2594 1238 2650 1288; x_wconf 90' lang='lat' dir='ltr'><strong>et</strong></span> <span class='ocrx_word' id='word_1_188' title='bbox 2691 1232 2942 1288; x_wconf 88' lang='lat' dir='ltr'><strong>charitas</strong></span> <span class='ocrx_word' id='word_1_189' title='bbox 2973 1231 3032 1284; x_wconf 93' lang='lat' dir='ltr'><strong>in</strong></span> <span class='ocrx_word' id='word_1_190' title='bbox 3085 1245 3231 1300; x_wconf 90' lang='lat' dir='ltr'><strong>opus</strong></span> <span class='ocrx_word' id='word_1_191' title='bbox 3261 1231 3480 1286; x_wconf 90' lang='lat' dir='ltr'><strong>bonum</strong></span> <span class='ocrx_word' id='word_1_192' title='bbox 3540 1232 3837 1301; x_wconf 82' lang='lat' dir='ltr'><strong>gaudeant</strong></span> 
     </span>
    </p>
   </div>
   <div class='ocr_carea' id='block_1_28' title="bbox 2128 1319 3838 1398">
    <p class='ocr_par' dir='ltr' id='par_1_28' title="bbox 2128 1319 3838 1398">
     <span class='ocr_line' id='line_1_28' title="bbox 2128 1319 3838 1398; baseline -0.003 -18"><span class='ocrx_word' id='word_1_193' title='bbox 2128 1325 2282 1398; x_wconf 93' lang='lat' dir='ltr'><strong>quod</strong></span> <span class='ocrx_word' id='word_1_194' title='bbox 2325 1339 2693 1395; x_wconf 70' lang='lat' dir='ltr'><strong>unaqnaaqus</strong></span> <span class='ocrx_word' id='word_1_195' title='bbox 2742 1323 2922 1376; x_wconf 90' lang='lat' dir='ltr'><strong>virtus</strong></span> <span class='ocrx_word' id='word_1_196' title='bbox 2970 1319 3359 1375; x_wconf 87' lang='lat' dir='ltr'><strong>administrat.</strong></span> <span class='ocrx_word' id='word_1_197' title='bbox 3412 1322 3546 1385; x_wconf 68' lang='lat' dir='ltr'><strong>Quae</strong></span> <span class='ocrx_word' id='word_1_198' title='bbox 3579 1321 3738 1390; x_wconf 90' lang='lat' dir='ltr'><strong>quasi</strong></span> <span class='ocrx_word' id='word_1_199' title='bbox 3764 1337 3838 1376; x_wconf 85' lang='lat' dir='ltr'><strong>ex</strong></span> 
     </span>
    </p>
   </div>
   <div class='ocr_carea' id='block_1_29' title="bbox 2128 1409 3837 1483">
    <p class='ocr_par' dir='ltr' id='par_1_29' title="bbox 2128 1409 3837 1483">
     <span class='ocr_line' id='line_1_29' title="bbox 2128 1409 3837 1483; baseline -0.004 -11"><span class='ocrx_word' id='word_1_200' title='bbox 2128 1417 2256 1472; x_wconf 89' lang='lat' dir='ltr'><strong>cibo</strong></span> <span class='ocrx_word' id='word_1_201' title='bbox 2287 1416 2434 1470; x_wconf 84' lang='lat' dir='ltr'><strong>vires</strong></span> <span class='ocrx_word' id='word_1_202' title='bbox 2463 1414 2776 1483; x_wconf 87' lang='lat' dir='ltr'><strong>accipiunt,</strong></span> <span class='ocrx_word' id='word_1_203' title='bbox 2810 1413 2947 1466; x_wconf 91' lang='lat' dir='ltr'><strong>dum</strong></span> <span class='ocrx_word' id='word_1_204' title='bbox 2981 1409 3148 1465; x_wconf 84' lang='lat' dir='ltr'><strong>bonis</strong></span> <span class='ocrx_word' id='word_1_205' title='bbox 3177 1411 3454 1481; x_wconf 82' lang='lat' dir='ltr'><strong>operibus</strong></span> <span class='ocrx_word' id='word_1_206' title='bbox 3504 1411 3837 1466; x_wconf 86' lang='lat' dir='ltr'><strong>fidentiores</strong></span> 
     </span>
    </p>
   </div>
   <div class='ocr_carea' id='block_1_30' title="bbox 2127 1501 3835 1576">
    <p class='ocr_par' dir='ltr' id='par_1_30' title="bbox 2127 1501 3835 1576">
     <span class='ocr_line' id='line_1_30' title="bbox 2127 1501 3835 1576; baseline -0.004 -15"><span class='ocrx_word' id='word_1_207' title='bbox 2127 1507 2316 1574; x_wconf 88' lang='lat' dir='ltr'><strong>ﬁunt;</strong></span> <span class='ocrx_word' id='word_1_208' title='bbox 2348 1511 2405 1561; x_wconf 90' lang='lat' dir='ltr'><strong>et</strong></span> <span class='ocrx_word' id='word_1_209' title='bbox 2435 1506 2575 1560; x_wconf 92' lang='lat' dir='ltr'><strong>dum</strong></span> <span class='ocrx_word' id='word_1_210' title='bbox 2607 1508 2735 1576; x_wconf 88' lang='lat' dir='ltr'><strong>post</strong></span> <span class='ocrx_word' id='word_1_211' title='bbox 2783 1503 2979 1559; x_wconf 91' lang='lat' dir='ltr'><strong>cibum</strong></span> <span class='ocrx_word' id='word_1_212' title='bbox 3030 1501 3544 1573; x_wconf 85' lang='lat' dir='ltr'><strong>contemplationis</strong></span> <span class='ocrx_word' id='word_1_213' title='bbox 3573 1518 3702 1559; x_wconf 85' lang='lat' dir='ltr'><strong>rore</strong></span> <span class='ocrx_word' id='word_1_214' title='bbox 3739 1503 3835 1556; x_wconf 91' lang='lat' dir='ltr'><strong>in-</strong></span> 
     </span>
    </p>
   </div>
   <div class='ocr_carea' id='block_1_31' title="bbox 2127 1591 3617 1667">
    <p class='ocr_par' dir='ltr' id='par_1_31' title="bbox 2127 1591 3617 1667">
     <span class='ocr_line' id='line_1_31' title="bbox 2127 1591 3617 1667; baseline -0.003 -15"><span class='ocrx_word' id='word_1_215' title='bbox 2127 1597 2288 1652; x_wconf 86' lang='lat' dir='ltr'><strong>fundi</strong></span> <span class='ocrx_word' id='word_1_216' title='bbox 2316 1599 2621 1667; x_wconf 87' lang='lat' dir='ltr'><strong>appetunt,</strong></span> <span class='ocrx_word' id='word_1_217' title='bbox 2653 1593 2822 1665; x_wconf 90' lang='lat' dir='ltr'><strong>quasi</strong></span> <span class='ocrx_word' id='word_1_218' title='bbox 2853 1609 2921 1648; x_wconf 88' lang='lat' dir='ltr'><strong>ex</strong></span> <span class='ocrx_word' id='word_1_219' title='bbox 2953 1591 3161 1663; x_wconf 91' lang='lat' dir='ltr'><strong>poculo</strong></span> <span class='ocrx_word' id='word_1_220' title='bbox 3185 1591 3263 1663; x_wconf 88' lang='lat' dir='ltr'><strong>(d)</strong></span> <span class='ocrx_word' id='word_1_221' title='bbox 3293 1592 3617 1648; x_wconf 90' lang='lat' dir='ltr'><strong>ebriantur.</strong></span> 
     </span>
    </p>
   </div>
   <div class='ocr_carea' id='block_1_32' title="bbox 2197 1681 3835 1757">
    <p class='ocr_par' dir='ltr' id='par_1_32' title="bbox 2197 1681 3835 1757">
     <span class='ocr_line' id='line_1_32' title="bbox 2197 1681 3835 1757; baseline -0.002 -19"><span class='ocrx_word' id='word_1_222' title='bbox 2197 1688 2331 1757; x_wconf 87' lang='lat' dir='ltr'><strong>[Vet.</strong></span> <span class='ocrx_word' id='word_1_223' title='bbox 2394 1683 2632 1753; x_wconf 81' lang='lat' dir='ltr'><strong>XXXIV.]</strong></span> <span class='ocrx_word' id='word_1_224' title='bbox 2699 1683 2786 1736; x_wconf 77' lang='grc'><strong>47.</strong></span> <span class='ocrx_word' id='word_1_225' title='bbox 2847 1682 2982 1752; x_wconf 88' lang='lat' dir='ltr'><strong>Ipsis</strong></span> <span class='ocrx_word' id='word_1_226' title='bbox 3059 1681 3211 1735; x_wconf 86' lang='lat' dir='ltr'><strong>bonis</strong></span> <span class='ocrx_word' id='word_1_227' title='bbox 3286 1695 3412 1752; x_wconf 72' lang='lat' dir='ltr'><strong>quae</strong></span> <span class='ocrx_word' id='word_1_228' title='bbox 3475 1683 3713 1752; x_wconf 86' lang='lat' dir='ltr'><strong>agimus,</strong></span> <span class='ocrx_word' id='word_1_229' title='bbox 3767 1681 3835 1736; x_wconf 86' lang='lat' dir='ltr'><strong>ad</strong></span> 
     </span>
    </p>
   </div>
   <div class='ocr_carea' id='block_1_33' title="bbox 317 1763 2006 1873">
    <p class='ocr_par' dir='ltr' id='par_1_33' title="bbox 317 1763 2006 1845">
     <span class='ocr_line' id='line_1_33' title="bbox 317 1763 2006 1845; baseline -0.008 -15"><span class='ocrx_word' id='word_1_230' title='bbox 317 1773 446 1845; x_wconf 83' lang='lat' dir='ltr'><strong>ejus</strong></span> <span class='ocrx_word' id='word_1_231' title='bbox 477 1773 750 1828; x_wconf 89' lang='lat' dir='ltr'><strong>illustrat.</strong></span> <span class='ocrx_word' id='word_1_232' title='bbox 783 1770 1104 1826; x_wconf 89' lang='lat' dir='ltr'><strong>Consilium</strong></span> <span class='ocrx_word' id='word_1_233' title='bbox 1139 1769 1197 1823; x_wconf 92' lang='lat' dir='ltr'><strong>in</strong></span> <span class='ocrx_word' id='word_1_234' title='bbox 1230 1768 1318 1822; x_wconf 90' lang='lat' dir='ltr'><strong>die</strong></span> <span class='ocrx_word' id='word_1_235' title='bbox 1367 1783 1470 1822; x_wconf 91' lang='lat' dir='ltr'><strong>suo</strong></span> <span class='ocrx_word' id='word_1_236' title='bbox 1501 1765 1826 1820; x_wconf 89' lang='lat' dir='ltr'><strong>convivium</strong></span> <span class='ocrx_word' id='word_1_237' title='bbox 1859 1763 2006 1817; x_wconf 87' lang='lat' dir='ltr'><strong>exhi-</strong></span> 
     </span>
    </p>
   </div>
   <div class='ocr_carea' id='block_1_34' title="bbox 2163 1763 3834 1873">
    <p class='ocr_par' dir='ltr' id='par_1_34' title="bbox 2163 1768 3834 1843">
     <span class='ocr_line' id='line_1_34' title="bbox 2163 1768 3834 1843; baseline -0.002 -15"><span class='ocrx_word' id='word_1_238' title='bbox 2163 1774 2360 1828; x_wconf 79' lang='lat' dir='ltr'><strong>cterius</strong></span> <span class='ocrx_word' id='word_1_239' title='bbox 2373 1775 2825 1843; x_wconf 74' lang='lat' dir='ltr'><strong>propinquamus.</strong></span> <span class='ocrx_word' id='word_1_240' title='bbox 2851 1800 2919 1810; x_wconf 90' lang='lat'><strong>-—</strong></span> <span class='ocrx_word' id='word_1_241' title='bbox 2971 1769 3080 1824; x_wconf 91' lang='lat' dir='ltr'><strong>Sed</strong></span> <span class='ocrx_word' id='word_1_242' title='bbox 3131 1768 3272 1839; x_wconf 90' lang='lat' dir='ltr'><strong>quid</strong></span> <span class='ocrx_word' id='word_1_243' title='bbox 3301 1777 3402 1835; x_wconf 89' lang='lat' dir='ltr'><strong>est,</strong></span> <span class='ocrx_word' id='word_1_244' title='bbox 3452 1771 3604 1841; x_wconf 90' lang='lat' dir='ltr'><strong>quod</strong></span> <span class='ocrx_word' id='word_1_245' title='bbox 3639 1769 3695 1824; x_wconf 89' lang='lat' dir='ltr'><strong>in</strong></span> <span class='ocrx_word' id='word_1_246' title='bbox 3725 1769 3834 1825; x_wconf 87' lang='lat' dir='ltr'><strong>hac</strong></span> 
     </span>
    </p>
   </div>
   <div class='ocr_carea' id='block_1_35' title="bbox 317 1853 2017 1933">
    <p class='ocr_par' dir='ltr' id='par_1_35' title="bbox 317 1853 2017 1933">
     <span class='ocr_line' id='line_1_35' title="bbox 317 1853 2017 1933; baseline -0.008 -14"><span class='ocrx_word' id='word_1_247' title='bbox 317 1864 444 1930; x_wconf 90' lang='lat' dir='ltr'><strong>bet;</strong></span> <span class='ocrx_word' id='word_1_248' title='bbox 475 1864 613 1933; x_wconf 88' lang='lat' dir='ltr'><strong>quia</strong></span> <span class='ocrx_word' id='word_1_249' title='bbox 634 1862 774 1916; x_wconf 92' lang='lat' dir='ltr'><strong>dum</strong></span> <span class='ocrx_word' id='word_1_250' title='bbox 799 1875 927 1915; x_wconf 88' lang='lat' dir='ltr'><strong>esse</strong></span> <span class='ocrx_word' id='word_1_251' title='bbox 951 1858 1301 1930; x_wconf 82' lang='lat' dir='ltr'><strong>praecipitem</strong></span> <span class='ocrx_word' id='word_1_252' title='bbox 1330 1855 1619 1927; x_wconf 89' lang='lat' dir='ltr'><strong>prohibet.</strong></span> <span class='ocrx_word' id='word_1_253' title='bbox 1647 1855 1866 1909; x_wconf 85' lang='lat' dir='ltr'><strong>ratione</strong></span> <span class='ocrx_word' id='word_1_254' title='bbox 1897 1853 2017 1907; x_wconf 89' lang='lat' dir='ltr'><strong>ani-</strong></span> 
     </span>
    </p>
   </div>
   <div class='ocr_carea' id='block_1_36' title="bbox 318 1941 2018 2022">
    <p class='ocr_par' dir='ltr' id='par_1_36' title="bbox 318 1941 2018 2022">
     <span class='ocr_line' id='line_1_36' title="bbox 318 1941 2018 2022; baseline -0.008 -14"><span class='ocrx_word' id='word_1_255' title='bbox 318 1968 476 2009; x_wconf 88' lang='lat' dir='ltr'><strong>mum</strong></span> <span class='ocrx_word' id='word_1_256' title='bbox 495 1951 694 2022; x_wconf 89' lang='lat' dir='ltr'><strong>replet.</strong></span> <span class='ocrx_word' id='word_1_257' title='bbox 722 1948 1094 2004; x_wconf 88' lang='lat' dir='ltr'><strong>Fortitudoin</strong></span> <span class='ocrx_word' id='word_1_258' title='bbox 1119 1948 1210 2002; x_wconf 90' lang='lat' dir='ltr'><strong>die</strong></span> <span class='ocrx_word' id='word_1_259' title='bbox 1228 1963 1333 2002; x_wconf 92' lang='lat' dir='ltr'><strong>suo</strong></span> <span class='ocrx_word' id='word_1_260' title='bbox 1347 1944 1674 2001; x_wconf 90' lang='lat' dir='ltr'><strong>convivium</strong></span> <span class='ocrx_word' id='word_1_261' title='bbox 1697 1943 1860 2010; x_wconf 84' lang='lat' dir='ltr'><strong>facit;</strong></span> <span class='ocrx_word' id='word_1_262' title='bbox 1881 1941 2018 2012; x_wconf 88' lang='lat' dir='ltr'><strong>quia</strong></span> 
     </span>
    </p>
   </div>
   <div class='ocr_carea' id='block_1_37' title="bbox 316 2033 2020 2106">
    <p class='ocr_par' dir='ltr' id='par_1_37' title="bbox 316 2033 2020 2106">
     <span class='ocr_line' id='line_1_37' title="bbox 316 2033 2020 2106; baseline -0.008 -9"><span class='ocrx_word' id='word_1_263' title='bbox 316 2042 454 2097; x_wconf 90' lang='lat' dir='ltr'><strong>dum</strong></span> <span class='ocrx_word' id='word_1_264' title='bbox 488 2041 729 2096; x_wconf 89' lang='lat' dir='ltr'><strong>adversa</strong></span> <span class='ocrx_word' id='word_1_265' title='bbox 751 2055 862 2094; x_wconf 91' lang='lat' dir='ltr'><strong>non</strong></span> <span class='ocrx_word' id='word_1_266' title='bbox 897 2037 1118 2106; x_wconf 87' lang='lat' dir='ltr'><strong>metuit,</strong></span> <span class='ocrx_word' id='word_1_267' title='bbox 1146 2034 1453 2105; x_wconf 83' lang='lat' dir='ltr'><strong>trepidanti</strong></span> <span class='ocrx_word' id='word_1_268' title='bbox 1487 2035 1661 2088; x_wconf 89' lang='lat' dir='ltr'><strong>menti</strong></span> <span class='ocrx_word' id='word_1_269' title='bbox 1695 2033 1856 2088; x_wconf 89' lang='lat' dir='ltr'><strong>cibos</strong></span> <span class='ocrx_word' id='word_1_270' title='bbox 1885 2047 2020 2086; x_wconf 90' lang='lat' dir='ltr'><strong>con-</strong></span> 
     </span>
    </p>
   </div>
   <div class='ocr_carea' id='block_1_38' title="bbox 318 2121 2015 2200">
    <p class='ocr_par' dir='ltr' id='par_1_38' title="bbox 318 2121 2015 2200">
     <span class='ocr_line' id='line_1_38' title="bbox 318 2121 2015 2200; baseline -0.008 -14"><span class='ocrx_word' id='word_1_271' title='bbox 318 2131 574 2186; x_wconf 67' lang='lat' dir='ltr'><strong>ﬁdentiae</strong></span> <span class='ocrx_word' id='word_1_272' title='bbox 598 2129 855 2200; x_wconf 85' lang='lat' dir='ltr'><strong>apponit.</strong></span> <span class='ocrx_word' id='word_1_273' title='bbox 881 2127 1132 2182; x_wconf 89' lang='lat' dir='ltr'><strong>Scientia</strong></span> <span class='ocrx_word' id='word_1_274' title='bbox 1155 2127 1211 2180; x_wconf 92' lang='lat' dir='ltr'><strong>in</strong></span> <span class='ocrx_word' id='word_1_275' title='bbox 1237 2124 1330 2180; x_wconf 91' lang='lat' dir='ltr'><strong>die</strong></span> <span class='ocrx_word' id='word_1_276' title='bbox 1351 2140 1456 2178; x_wconf 89' lang='lat' dir='ltr'><strong>suo</strong></span> <span class='ocrx_word' id='word_1_277' title='bbox 1481 2121 1803 2178; x_wconf 89' lang='lat' dir='ltr'><strong>convivium</strong></span> <span class='ocrx_word' id='word_1_278' title='bbox 1832 2124 2015 2191; x_wconf 91' lang='lat' dir='ltr'><strong>parat,</strong></span> 
     </span>
    </p>
   </div>
   <div class='ocr_carea' id='block_1_39' title="bbox 318 2214 2014 2292">
    <p class='ocr_par' dir='ltr' id='par_1_39' title="bbox 318 2214 2014 2292">
     <span class='ocr_line' id='line_1_39' title="bbox 318 2214 2014 2292; baseline -0.006 -17"><span class='ocrx_word' id='word_1_279' title='bbox 318 2221 456 2292; x_wconf 89' lang='lat' dir='ltr'><strong>quia</strong></span> <span class='ocrx_word' id='word_1_280' title='bbox 488 2220 545 2273; x_wconf 91' lang='lat' dir='ltr'><strong>in</strong></span> <span class='ocrx_word' id='word_1_281' title='bbox 579 2223 775 2274; x_wconf 89' lang='lat' dir='ltr'><strong>ventre</strong></span> <span class='ocrx_word' id='word_1_282' title='bbox 807 2220 1020 2273; x_wconf 89' lang='lat' dir='ltr'><strong>mentis</strong></span> <span class='ocrx_word' id='word_1_283' title='bbox 1070 2215 1409 2287; x_wconf 81' lang='lat' dir='ltr'><strong>ignorantiae</strong></span> <span class='ocrx_word' id='word_1_284' title='bbox 1437 2214 1728 2284; x_wconf 89' lang='lat' dir='ltr'><strong>jejunium</strong></span> <span class='ocrx_word' id='word_1_285' title='bbox 1761 2215 2014 2282; x_wconf 85' lang='lat' dir='ltr'><strong>superat.</strong></span> 
     </span>
    </p>
   </div>
   <div class='ocr_carea' id='block_1_40' title="bbox 317 2300 2016 2373">
    <p class='ocr_par' dir='ltr' id='par_1_40' title="bbox 317 2300 2016 2373">
     <span class='ocr_line' id='line_1_40' title="bbox 317 2300 2016 2373; baseline -0.006 -7"><span class='ocrx_word' id='word_1_286' title='bbox 317 2311 506 2366; x_wconf 87' lang='lat' dir='ltr'><strong>Pietas</strong></span> <span class='ocrx_word' id='word_1_287' title='bbox 538 2310 594 2363; x_wconf 89' lang='lat' dir='ltr'><strong>in</strong></span> <span class='ocrx_word' id='word_1_288' title='bbox 619 2309 712 2362; x_wconf 91' lang='lat' dir='ltr'><strong>die</strong></span> <span class='ocrx_word' id='word_1_289' title='bbox 742 2323 849 2362; x_wconf 92' lang='lat' dir='ltr'><strong>suo</strong></span> <span class='ocrx_word' id='word_1_290' title='bbox 882 2307 1206 2362; x_wconf 87' lang='lat' dir='ltr'><strong>convivium</strong></span> <span class='ocrx_word' id='word_1_291' title='bbox 1231 2304 1481 2369; x_wconf 85' lang='lat' dir='ltr'><strong>exhibet,</strong></span> <span class='ocrx_word' id='word_1_292' title='bbox 1511 2302 1648 2373; x_wconf 90' lang='lat' dir='ltr'><strong>quia</strong></span> <span class='ocrx_word' id='word_1_293' title='bbox 1679 2302 1868 2356; x_wconf 87' lang='lat' dir='ltr'><strong>cordis</strong></span> <span class='ocrx_word' id='word_1_294' title='bbox 1901 2300 2016 2356; x_wconf 87' lang='lat' dir='ltr'><strong>vis-</strong></span> 
     </span>
    </p>
   </div>
   <div class='ocr_carea' id='block_1_41' title="bbox 317 2389 2016 2467">
    <p class='ocr_par' dir='ltr' id='par_1_41' title="bbox 317 2389 2016 2467">
     <span class='ocr_line' id='line_1_41' title="bbox 317 2389 2016 2467; baseline -0.008 -9"><span class='ocrx_word' id='word_1_295' title='bbox 317 2417 449 2458; x_wconf 88' lang='lat' dir='ltr'><strong>cera</strong></span> <span class='ocrx_word' id='word_1_296' title='bbox 481 2396 888 2454; x_wconf 69' lang='lat' dir='ltr'><strong>misericordize</strong></span> <span class='ocrx_word' id='word_1_297' title='bbox 920 2395 1189 2467; x_wconf 88' lang='lat' dir='ltr'><strong>operibus</strong></span> <span class='ocrx_word' id='word_1_298' title='bbox 1239 2393 1437 2465; x_wconf 88' lang='lat' dir='ltr'><strong>replet.</strong></span> <span class='ocrx_word' id='word_1_299' title='bbox 1468 2393 1664 2447; x_wconf 90' lang='lat' dir='ltr'><strong>Timor</strong></span> <span class='ocrx_word' id='word_1_300' title='bbox 1695 2392 1752 2446; x_wconf 92' lang='lat' dir='ltr'><strong>in</strong></span> <span class='ocrx_word' id='word_1_301' title='bbox 1786 2389 1879 2445; x_wconf 88' lang='lat' dir='ltr'><strong>die</strong></span> <span class='ocrx_word' id='word_1_302' title='bbox 1911 2407 2016 2445; x_wconf 89' lang='lat' dir='ltr'><strong>suo</strong></span> 
     </span>
    </p>
   </div>
   <div class='ocr_carea' id='block_1_42' title="bbox 317 2479 2018 2556">
    <p class='ocr_par' dir='ltr' id='par_1_42' title="bbox 317 2479 2018 2556">
     <span class='ocr_line' id='line_1_42' title="bbox 317 2479 2018 2556; baseline -0.006 -11"><span class='ocrx_word' id='word_1_303' title='bbox 317 2489 644 2546; x_wconf 90' lang='lat' dir='ltr'><strong>convivium</strong></span> <span class='ocrx_word' id='word_1_304' title='bbox 697 2487 872 2551; x_wconf 88' lang='lat' dir='ltr'><strong>facit;</strong></span> <span class='ocrx_word' id='word_1_305' title='bbox 906 2485 1042 2556; x_wconf 87' lang='lat' dir='ltr'><strong>quia</strong></span> <span class='ocrx_word' id='word_1_306' title='bbox 1083 2485 1219 2539; x_wconf 89' lang='lat' dir='ltr'><strong>dum</strong></span> <span class='ocrx_word' id='word_1_307' title='bbox 1256 2483 1466 2554; x_wconf 89' lang='lat' dir='ltr'><strong>premit</strong></span> <span class='ocrx_word' id='word_1_308' title='bbox 1515 2485 1790 2547; x_wconf 88' lang='lat' dir='ltr'><strong>mentem,</strong></span> <span class='ocrx_word' id='word_1_309' title='bbox 1826 2495 1897 2534; x_wconf 93' lang='lat' dir='ltr'><strong>ne</strong></span> <span class='ocrx_word' id='word_1_310' title='bbox 1946 2479 2018 2534; x_wconf 91' lang='lat' dir='ltr'><strong>de</strong></span> 
     </span>
    </p>
   </div>
   <div class='ocr_carea' id='block_1_43' title="bbox 317 2568 2016 2651">
    <p class='ocr_par' dir='ltr' id='par_1_43' title="bbox 317 2568 2016 2651">
     <span class='ocr_line' id='line_1_43' title="bbox 317 2568 2016 2651; baseline -0.007 -17"><span class='ocrx_word' id='word_1_311' title='bbox 317 2576 702 2651; x_wconf 70' lang='lat' dir='ltr'><strong>praesentibus</strong></span> <span class='ocrx_word' id='word_1_312' title='bbox 753 2574 1075 2648; x_wconf 86' lang='lat' dir='ltr'><strong>superbiat,</strong></span> <span class='ocrx_word' id='word_1_313' title='bbox 1127 2575 1198 2628; x_wconf 91' lang='lat' dir='ltr'><strong>de</strong></span> <span class='ocrx_word' id='word_1_314' title='bbox 1247 2571 1459 2627; x_wconf 86' lang='lat' dir='ltr'><strong>futuris</strong></span> <span class='ocrx_word' id='word_1_315' title='bbox 1511 2570 1667 2626; x_wconf 85' lang='lat' dir='ltr'><strong>illam</strong></span> <span class='ocrx_word' id='word_1_316' title='bbox 1717 2570 1839 2642; x_wconf 87' lang='lat' dir='ltr'><strong>spei</strong></span> <span class='ocrx_word' id='word_1_317' title='bbox 1889 2568 2016 2623; x_wconf 91' lang='lat' dir='ltr'><strong>cibo</strong></span> 
     </span>
    </p>
   </div>
   <div class='ocr_carea' id='block_1_44' title="bbox 315 2668 624 2725">
    <p class='ocr_par' dir='ltr' id='par_1_44' title="bbox 315 2668 624 2725">
     <span class='ocr_line' id='line_1_44' title="bbox 315 2668 624 2725; baseline -0.006 -1"><span class='ocrx_word' id='word_1_318' title='bbox 315 2668 624 2725; x_wconf 87' lang='lat' dir='ltr'><strong>confortat.</strong></span> 
     </span>
    </p>
   </div>
   <div class='ocr_carea' id='block_1_45' title="bbox 389 2842 2014 2918">
    <p class='ocr_par' dir='ltr' id='par_1_45' title="bbox 389 2842 2014 2918">
     <span class='ocr_line' id='line_1_45' title="bbox 389 2842 2014 2918; baseline -0.006 -11"><span class='ocrx_word' id='word_1_319' title='bbox 389 2853 476 2908; x_wconf 73' lang='grc'><strong>45.</strong></span> <span class='ocrx_word' id='word_1_320' title='bbox 510 2851 571 2906; x_wconf 88' lang='lat' dir='ltr'><strong>Si</strong></span> <span class='ocrx_word' id='word_1_321' title='bbox 608 2849 675 2904; x_wconf 87' lang='lat' dir='ltr'><strong>ab</strong></span> <span class='ocrx_word' id='word_1_322' title='bbox 716 2849 948 2904; x_wconf 76' lang='lat' dir='ltr'><strong>invicem</strong></span> <span class='ocrx_word' id='word_1_323' title='bbox 995 2853 1341 2918; x_wconf 83' lang='lat' dir='ltr'><strong>separentur,</strong></span> <span class='ocrx_word' id='word_1_324' title='bbox 1375 2843 1653 2913; x_wconf 77' lang='lat' dir='ltr'><strong>deﬁciunt.</strong></span> <span class='ocrx_word' id='word_1_325' title='bbox 1687 2874 1755 2884; x_wconf 88' lang='lat'><strong>——</strong></span> <span class='ocrx_word' id='word_1_326' title='bbox 1801 2844 1909 2898; x_wconf 88' lang='lat' dir='ltr'><strong>Sed</strong></span> <span class='ocrx_word' id='word_1_327' title='bbox 1943 2842 2014 2898; x_wconf 82' lang='lat' dir='ltr'><strong>il-</strong></span> 
     </span>
    </p>
   </div>
   <div class='ocr_carea' id='block_1_46' title="bbox 314 2933 2014 3004">
    <p class='ocr_par' dir='ltr' id='par_1_46' title="bbox 314 2933 2014 3004">
     <span class='ocr_line' id='line_1_46' title="bbox 314 2933 2014 3004; baseline -0.005 -7"><span class='ocrx_word' id='word_1_328' title='bbox 314 2942 415 2998; x_wconf 92' lang='lat' dir='ltr'><strong>lud</strong></span> <span class='ocrx_word' id='word_1_329' title='bbox 447 2939 505 2994; x_wconf 91' lang='lat' dir='ltr'><strong>in</strong></span> <span class='ocrx_word' id='word_1_330' title='bbox 535 2940 645 2994; x_wconf 91' lang='lat' dir='ltr'><strong>hoc</strong></span> <span class='ocrx_word' id='word_1_331' title='bbox 696 2937 947 2992; x_wconf 86' lang='lat' dir='ltr'><strong>ﬁliorum</strong></span> <span class='ocrx_word' id='word_1_332' title='bbox 981 2935 1239 2990; x_wconf 91' lang='lat' dir='ltr'><strong>convivio</strong></span> <span class='ocrx_word' id='word_1_333' title='bbox 1290 2933 1777 3004; x_wconf 88' lang='lat' dir='ltr'><strong>perscrutandum</strong></span> <span class='ocrx_word' id='word_1_334' title='bbox 1827 2935 2014 3000; x_wconf 89' lang='lat' dir='ltr'><strong>video,</strong></span> 
     </span>
    </p>
   </div>
   <div class='ocr_carea' id='block_1_47' title="bbox 315 3021 2017 3101">
    <p class='ocr_par' dir='ltr' id='par_1_47' title="bbox 315 3021 2017 3101">
     <span class='ocr_line' id='line_1_47' title="bbox 315 3021 2017 3101; baseline -0.005 -17"><span class='ocrx_word' id='word_1_335' title='bbox 315 3030 467 3101; x_wconf 89' lang='lat' dir='ltr'><strong>quod</strong></span> <span class='ocrx_word' id='word_1_336' title='bbox 521 3027 868 3096; x_wconf 90' lang='lat' dir='ltr'><strong>semetipsos</strong></span> <span class='ocrx_word' id='word_1_337' title='bbox 900 3024 1143 3078; x_wconf 87' lang='lat' dir='ltr'><strong>invicem</strong></span> <span class='ocrx_word' id='word_1_338' title='bbox 1197 3026 1462 3093; x_wconf 88' lang='lat' dir='ltr'><strong>pascunt.</strong></span> <span class='ocrx_word' id='word_1_339' title='bbox 1496 3021 1675 3076; x_wconf 91' lang='lat' dir='ltr'><strong>Valde</strong></span> <span class='ocrx_word' id='word_1_340' title='bbox 1706 3022 1861 3077; x_wconf 91' lang='lat' dir='ltr'><strong>enim</strong></span> <span class='ocrx_word' id='word_1_341' title='bbox 1895 3022 2017 3077; x_wconf 87' lang='lat' dir='ltr'><strong>sin-</strong></span> 
     </span>
    </p>
   </div>
   <div class='ocr_carea' id='block_1_48' title="bbox 314 3110 2013 3191">
    <p class='ocr_par' dir='ltr' id='par_1_48' title="bbox 314 3110 2013 3191">
     <span class='ocr_line' id='line_1_48' title="bbox 314 3110 2013 3191; baseline -0.002 -18"><span class='ocrx_word' id='word_1_342' title='bbox 314 3117 452 3191; x_wconf 88' lang='lat' dir='ltr'><strong>gula</strong></span> <span class='ocrx_word' id='word_1_343' title='bbox 473 3115 742 3187; x_wconf 63' lang='lat' dir='ltr'><strong>qualibet</strong></span> <span class='ocrx_word' id='word_1_344' title='bbox 771 3114 955 3169; x_wconf 89' lang='lat' dir='ltr'><strong>virtus</strong></span> <span class='ocrx_word' id='word_1_345' title='bbox 977 3112 1334 3176; x_wconf 88' lang='lat' dir='ltr'><strong>destituitur,</strong></span> <span class='ocrx_word' id='word_1_346' title='bbox 1363 3115 1408 3166; x_wconf 89' lang='lat' dir='ltr'><strong>si</strong></span> <span class='ocrx_word' id='word_1_347' title='bbox 1436 3127 1546 3165; x_wconf 92' lang='lat' dir='ltr'><strong>non</strong></span> <span class='ocrx_word' id='word_1_348' title='bbox 1573 3128 1689 3165; x_wconf 90' lang='lat' dir='ltr'><strong>una</strong></span> <span class='ocrx_word' id='word_1_349' title='bbox 1710 3110 1805 3166; x_wconf 87' lang='lat' dir='ltr'><strong>alii</strong></span> <span class='ocrx_word' id='word_1_350' title='bbox 1830 3112 2013 3169; x_wconf 88' lang='lat' dir='ltr'><strong>virtus</strong></span> 
     </span>
    </p>
   </div>
   <div class='ocr_carea' id='block_1_49' title="bbox 311 3201 2015 3275">
    <p class='ocr_par' dir='ltr' id='par_1_49' title="bbox 311 3201 2015 3275">
     <span class='ocr_line' id='line_1_49' title="bbox 311 3201 2015 3275; baseline -0.005 -12"><span class='ocrx_word' id='word_1_351' title='bbox 311 3207 510 3264; x_wconf 87' lang='lat' dir='ltr'><strong>virtuti</strong></span> <span class='ocrx_word' id='word_1_352' title='bbox 544 3205 912 3275; x_wconf 72' lang='lat' dir='ltr'><strong>suffragetur.</strong></span> <span class='ocrx_word' id='word_1_353' title='bbox 935 3203 1124 3258; x_wconf 88' lang='lat' dir='ltr'><strong>Minor</strong></span> <span class='ocrx_word' id='word_1_354' title='bbox 1154 3203 1369 3274; x_wconf 90' lang='lat' dir='ltr'><strong>quippe</strong></span> <span class='ocrx_word' id='word_1_355' title='bbox 1387 3205 1475 3256; x_wconf 89' lang='lat' dir='ltr'><strong>est</strong></span> <span class='ocrx_word' id='word_1_356' title='bbox 1506 3201 1810 3269; x_wconf 84' lang='lat' dir='ltr'><strong>sapientia,</strong></span> <span class='ocrx_word' id='word_1_357' title='bbox 1836 3201 1884 3255; x_wconf 88' lang='lat' dir='ltr'><strong>si</strong></span> <span class='ocrx_word' id='word_1_358' title='bbox 1915 3201 2015 3256; x_wconf 87' lang='lat' dir='ltr'><strong>in-</strong></span> 
     </span>
    </p>
   </div>
   <div class='ocr_carea' id='block_1_50' title="bbox 315 3289 2014 3361">
    <p class='ocr_par' dir='ltr' id='par_1_50' title="bbox 315 3289 2014 3361">
     <span class='ocr_line' id='line_1_50' title="bbox 315 3289 2014 3361; baseline -0.004 -8"><span class='ocrx_word' id='word_1_359' title='bbox 315 3298 541 3354; x_wconf 87' lang='lat' dir='ltr'><strong>tellectu</strong></span> <span class='ocrx_word' id='word_1_360' title='bbox 573 3299 801 3361; x_wconf 86' lang='lat' dir='ltr'><strong>careat;</strong></span> <span class='ocrx_word' id='word_1_361' title='bbox 837 3297 895 3347; x_wconf 91' lang='lat' dir='ltr'><strong>et</strong></span> <span class='ocrx_word' id='word_1_362' title='bbox 924 3291 1086 3346; x_wconf 85' lang='lat' dir='ltr'><strong>valde</strong></span> <span class='ocrx_word' id='word_1_363' title='bbox 1117 3290 1340 3344; x_wconf 85' lang='lat' dir='ltr'><strong>inutilis</strong></span> <span class='ocrx_word' id='word_1_364' title='bbox 1373 3289 1703 3345; x_wconf 90' lang='lat' dir='ltr'><strong>intellectus</strong></span> <span class='ocrx_word' id='word_1_365' title='bbox 1734 3294 1844 3357; x_wconf 89' lang='lat' dir='ltr'><strong>est,</strong></span> <span class='ocrx_word' id='word_1_366' title='bbox 1869 3291 1916 3345; x_wconf 91' lang='lat' dir='ltr'><strong>si</strong></span> <span class='ocrx_word' id='word_1_367' title='bbox 1946 3308 2014 3346; x_wconf 84' lang='lat' dir='ltr'><strong>ex</strong></span> 
     </span>
    </p>
   </div>
   <div class='ocr_carea' id='block_1_51' title="bbox 313 3378 2015 3456">
    <p class='ocr_par' dir='ltr' id='par_1_51' title="bbox 313 3378 2015 3456">
     <span class='ocr_line' id='line_1_51' title="bbox 313 3378 2015 3456; baseline -0.004 -15"><span class='ocrx_word' id='word_1_368' title='bbox 313 3385 597 3456; x_wconf 87' lang='lat' dir='ltr'><strong>sapientia</strong></span> <span class='ocrx_word' id='word_1_369' title='bbox 619 3401 732 3438; x_wconf 92' lang='lat' dir='ltr'><strong>non</strong></span> <span class='ocrx_word' id='word_1_370' title='bbox 755 3380 1076 3446; x_wconf 89' lang='lat' dir='ltr'><strong>subsistat;</strong></span> <span class='ocrx_word' id='word_1_371' title='bbox 1103 3380 1238 3450; x_wconf 91' lang='lat' dir='ltr'><strong>quia</strong></span> <span class='ocrx_word' id='word_1_372' title='bbox 1265 3395 1394 3434; x_wconf 93' lang='lat' dir='ltr'><strong>cum</strong></span> <span class='ocrx_word' id='word_1_373' title='bbox 1418 3378 1615 3434; x_wconf 87' lang='lat' dir='ltr'><strong>altiora</strong></span> <span class='ocrx_word' id='word_1_374' title='bbox 1639 3379 1762 3434; x_wconf 88' lang='lat' dir='ltr'><strong>sine</strong></span> <span class='ocrx_word' id='word_1_375' title='bbox 1786 3380 2015 3451; x_wconf 90' lang='lat' dir='ltr'><strong>sapien-</strong></span> 
     </span>
    </p>
   </div>
   <div class='ocr_carea' id='block_1_52' title="bbox 311 3467 2012 3545">
    <p class='ocr_par' dir='ltr' id='par_1_52' title="bbox 311 3467 2012 3545">
     <span class='ocr_line' id='line_1_52' title="bbox 311 3467 2012 3545; baseline -0.004 -16"><span class='ocrx_word' id='word_1_376' title='bbox 311 3476 405 3530; x_wconf 67' lang='lat' dir='ltr'><strong>tia:</strong></span> <span class='ocrx_word' id='word_1_377' title='bbox 447 3474 697 3545; x_wconf 90' lang='lat' dir='ltr'><strong>pondere</strong></span> <span class='ocrx_word' id='word_1_378' title='bbox 730 3474 1012 3542; x_wconf 88' lang='lat' dir='ltr'><strong>penetrat,</strong></span> <span class='ocrx_word' id='word_1_379' title='bbox 1033 3487 1140 3524; x_wconf 90' lang='lat' dir='ltr'><strong>sua</strong></span> <span class='ocrx_word' id='word_1_380' title='bbox 1170 3468 1334 3523; x_wconf 90' lang='lat' dir='ltr'><strong>illum</strong></span> <span class='ocrx_word' id='word_1_381' title='bbox 1380 3467 1580 3523; x_wconf 87' lang='lat' dir='ltr'><strong>levitas</strong></span> <span class='ocrx_word' id='word_1_382' title='bbox 1631 3469 1864 3539; x_wconf 87' lang='lat' dir='ltr'><strong>gravius</strong></span> <span class='ocrx_word' id='word_1_383' title='bbox 1895 3470 2012 3525; x_wconf 92' lang='lat' dir='ltr'><strong>rui-</strong></span> 
     </span>
    </p>
   </div>
   <div class='ocr_carea' id='block_1_53' title="bbox 313 3558 2012 3624">
    <p class='ocr_par' dir='ltr' id='par_1_53' title="bbox 313 3558 2012 3624">
     <span class='ocr_line' id='line_1_53' title="bbox 313 3558 2012 3624; baseline -0.003 -5"><span class='ocrx_word' id='word_1_384' title='bbox 313 3572 507 3619; x_wconf 88' lang='lat' dir='ltr'><strong>turum</strong></span> <span class='ocrx_word' id='word_1_385' title='bbox 533 3563 698 3617; x_wconf 88' lang='lat' dir='ltr'><strong>levat.</strong></span> <span class='ocrx_word' id='word_1_386' title='bbox 723 3560 842 3616; x_wconf 87' lang='lat' dir='ltr'><strong>Vile</strong></span> <span class='ocrx_word' id='word_1_387' title='bbox 872 3563 959 3615; x_wconf 90' lang='lat' dir='ltr'><strong>est</strong></span> <span class='ocrx_word' id='word_1_388' title='bbox 979 3559 1309 3624; x_wconf 87' lang='lat' dir='ltr'><strong>consilium,</strong></span> <span class='ocrx_word' id='word_1_389' title='bbox 1337 3558 1426 3613; x_wconf 93' lang='lat' dir='ltr'><strong>cui</strong></span> <span class='ocrx_word' id='word_1_390' title='bbox 1454 3559 1629 3614; x_wconf 87' lang='lat' dir='ltr'><strong>robur</strong></span> <span class='ocrx_word' id='word_1_391' title='bbox 1652 3559 2012 3615; x_wconf 81' lang='lat' dir='ltr'><strong>fortitudinis</strong></span> 
     </span>
    </p>
   </div>
   <div class='ocr_carea' id='block_1_54' title="bbox 310 3647 2008 3724">
    <p class='ocr_par' dir='ltr' id='par_1_54' title="bbox 310 3647 2008 3724">
     <span class='ocr_line' id='line_1_54' title="bbox 310 3647 2008 3724; baseline -0.002 -15"><span class='ocrx_word' id='word_1_392' title='bbox 310 3655 506 3721; x_wconf 87' lang='lat' dir='ltr'><strong>deest;</strong></span> <span class='ocrx_word' id='word_1_393' title='bbox 540 3651 680 3724; x_wconf 92' lang='lat' dir='ltr'><strong>quia</strong></span> <span class='ocrx_word' id='word_1_394' title='bbox 711 3649 863 3722; x_wconf 90' lang='lat' dir='ltr'><strong>quod</strong></span> <span class='ocrx_word' id='word_1_395' title='bbox 914 3651 1210 3704; x_wconf 88' lang='lat' dir='ltr'><strong>tractando</strong></span> <span class='ocrx_word' id='word_1_396' title='bbox 1242 3647 1476 3714; x_wconf 85' lang='lat' dir='ltr'><strong>invenit,</strong></span> <span class='ocrx_word' id='word_1_397' title='bbox 1513 3663 1716 3702; x_wconf 86' lang='lat' dir='ltr'><strong>carens</strong></span> <span class='ocrx_word' id='word_1_398' title='bbox 1765 3649 2008 3718; x_wconf 88' lang='lat' dir='ltr'><strong>viribus,</strong></span> 
     </span>
    </p>
   </div>
   <div class='ocr_carea' id='block_1_55' title="bbox 309 3738 2008 3815">
    <p class='ocr_par' dir='ltr' id='par_1_55' title="bbox 309 3738 2008 3815">
     <span class='ocr_line' id='line_1_55' title="bbox 309 3738 2008 3815; baseline -0.004 -14"><span class='ocrx_word' id='word_1_399' title='bbox 309 3758 494 3815; x_wconf 88' lang='lat' dir='ltr'><strong>usque</strong></span> <span class='ocrx_word' id='word_1_400' title='bbox 524 3742 596 3798; x_wconf 91' lang='lat' dir='ltr'><strong>ad</strong></span> <span class='ocrx_word' id='word_1_401' title='bbox 628 3740 1033 3813; x_wconf 84' lang='lat' dir='ltr'><strong>perfectionem</strong></span> <span class='ocrx_word' id='word_1_402' title='bbox 1062 3738 1250 3811; x_wconf 88' lang='lat' dir='ltr'><strong>operis</strong></span> <span class='ocrx_word' id='word_1_403' title='bbox 1282 3755 1390 3794; x_wconf 92' lang='lat' dir='ltr'><strong>non</strong></span> <span class='ocrx_word' id='word_1_404' title='bbox 1430 3738 1725 3808; x_wconf 91' lang='lat' dir='ltr'><strong>perducit:</strong></span> <span class='ocrx_word' id='word_1_405' title='bbox 1761 3743 1817 3793; x_wconf 89' lang='lat' dir='ltr'><strong>et</strong></span> <span class='ocrx_word' id='word_1_406' title='bbox 1848 3738 2008 3795; x_wconf 90' lang='lat' dir='ltr'><strong>valde</strong></span> 
     </span>
    </p>
   </div>
   <div class='ocr_carea' id='block_1_56' title="bbox 309 3826 2005 3898">
    <p class='ocr_par' dir='ltr' id='par_1_56' title="bbox 309 3826 2005 3898">
     <span class='ocr_line' id='line_1_56' title="bbox 309 3826 2005 3898; baseline -0.006 -7"><span class='ocrx_word' id='word_1_407' title='bbox 309 3832 586 3892; x_wconf 77' lang='lat' dir='ltr'><strong>fortitudo</strong></span> <span class='ocrx_word' id='word_1_408' title='bbox 635 3830 975 3897; x_wconf 88' lang='lat' dir='ltr'><strong>destruitur,</strong></span> <span class='ocrx_word' id='word_1_409' title='bbox 1005 3828 1116 3883; x_wconf 91' lang='lat' dir='ltr'><strong>nisi</strong></span> <span class='ocrx_word' id='word_1_410' title='bbox 1169 3843 1271 3898; x_wconf 92' lang='lat' dir='ltr'><strong>per</strong></span> <span class='ocrx_word' id='word_1_411' title='bbox 1318 3826 1624 3883; x_wconf 92' lang='lat' dir='ltr'><strong>consilium</strong></span> <span class='ocrx_word' id='word_1_412' title='bbox 1677 3827 1950 3884; x_wconf 89' lang='lat' dir='ltr'><strong>fulciatnr</strong></span> <span class='ocrx_word' id='word_1_413' title='bbox 1993 3847 2005 3896; x_wconf 89' lang='lat'><strong>;</strong></span> 
     </span>
    </p>
   </div>
   <div class='ocr_carea' id='block_1_57' title="bbox 300 3916 2004 3998">
    <p class='ocr_par' dir='ltr' id='par_1_57' title="bbox 300 3916 2004 3998">
     <span class='ocr_line' id='line_1_57' title="bbox 300 3916 2004 3998; baseline -0.004 -17"><span class='ocrx_word' id='word_1_414' title='bbox 300 3925 432 3998; x_wconf 88' lang='lat' dir='ltr'><strong>quia</strong></span> <span class='ocrx_word' id='word_1_415' title='bbox 463 3939 578 3994; x_wconf 90' lang='lat' dir='ltr'><strong>quo</strong></span> <span class='ocrx_word' id='word_1_416' title='bbox 620 3919 751 3992; x_wconf 89' lang='lat' dir='ltr'><strong>plus</strong></span> <span class='ocrx_word' id='word_1_417' title='bbox 783 3935 843 3974; x_wconf 89' lang='lat' dir='ltr'><strong>se</strong></span> <span class='ocrx_word' id='word_1_418' title='bbox 875 3933 1044 3989; x_wconf 89' lang='lat' dir='ltr'><strong>posse</strong></span> <span class='ocrx_word' id='word_1_419' title='bbox 1085 3916 1390 3989; x_wconf 90' lang='lat' dir='ltr'><strong>conspicit,</strong></span> <span class='ocrx_word' id='word_1_420' title='bbox 1424 3931 1489 3971; x_wconf 90' lang='lat' dir='ltr'><strong>eo</strong></span> <span class='ocrx_word' id='word_1_421' title='bbox 1521 3917 1703 3972; x_wconf 88' lang='lat' dir='ltr'><strong>virtus</strong></span> <span class='ocrx_word' id='word_1_422' title='bbox 1752 3917 1878 3973; x_wconf 88' lang='lat' dir='ltr'><strong>sine</strong></span> <span class='ocrx_word' id='word_1_423' title='bbox 1911 3937 2004 3974; x_wconf 88' lang='lat' dir='ltr'><strong>ra-</strong></span> 
     </span>
    </p>
   </div>
   <div class='ocr_carea' id='block_1_58' title="bbox 292 4006 2005 4076">
    <p class='ocr_par' dir='ltr' id='par_1_58' title="bbox 292 4006 2005 4076">
     <span class='ocr_line' id='line_1_58' title="bbox 292 4006 2005 4076; baseline -0.004 -4"><span class='ocrx_word' id='word_1_424' title='bbox 292 4013 468 4072; x_wconf 83' lang='lat' dir='ltr'><strong>tionis</strong></span> <span class='ocrx_word' id='word_1_425' title='bbox 512 4008 911 4066; x_wconf 85' lang='lat' dir='ltr'><strong>moderamine</strong></span> <span class='ocrx_word' id='word_1_426' title='bbox 961 4008 1216 4062; x_wconf 89' lang='lat' dir='ltr'><strong>deterius</strong></span> <span class='ocrx_word' id='word_1_427' title='bbox 1261 4006 1322 4060; x_wconf 91' lang='lat' dir='ltr'><strong>in</strong></span> <span class='ocrx_word' id='word_1_428' title='bbox 1373 4022 1623 4076; x_wconf 72' lang='lat' dir='ltr'><strong>prrsceps</strong></span> <span class='ocrx_word' id='word_1_429' title='bbox 1653 4007 1789 4060; x_wconf 91' lang='lat' dir='ltr'><strong>ruit.</strong></span> <span class='ocrx_word' id='word_1_430' title='bbox 1836 4007 2005 4065; x_wconf 89' lang='lat' dir='ltr'><strong>Nulla</strong></span> 
     </span>
    </p>
   </div>
   <div class='ocr_carea' id='block_1_59' title="bbox 293 4096 2005 4168">
    <p class='ocr_par' dir='ltr' id='par_1_59' title="bbox 293 4096 2005 4168">
     <span class='ocr_line' id='line_1_59' title="bbox 293 4096 2005 4168; baseline -0.003 -9"><span class='ocrx_word' id='word_1_431' title='bbox 293 4107 381 4159; x_wconf 87' lang='lat' dir='ltr'><strong>est</strong></span> <span class='ocrx_word' id='word_1_432' title='bbox 417 4100 683 4166; x_wconf 86' lang='lat' dir='ltr'><strong>scientia,</strong></span> <span class='ocrx_word' id='word_1_433' title='bbox 718 4098 768 4153; x_wconf 89' lang='lat' dir='ltr'><strong>si</strong></span> <span class='ocrx_word' id='word_1_434' title='bbox 825 4096 1140 4152; x_wconf 89' lang='lat' dir='ltr'><strong>utilitatem</strong></span> <span class='ocrx_word' id='word_1_435' title='bbox 1193 4096 1421 4166; x_wconf 90' lang='lat' dir='ltr'><strong>pietatis</strong></span> <span class='ocrx_word' id='word_1_436' title='bbox 1454 4111 1567 4149; x_wconf 90' lang='lat' dir='ltr'><strong>non</strong></span> <span class='ocrx_word' id='word_1_437' title='bbox 1622 4096 1830 4165; x_wconf 87' lang='lat' dir='ltr'><strong>habet;</strong></span> <span class='ocrx_word' id='word_1_438' title='bbox 1865 4099 2005 4168; x_wconf 88' lang='lat' dir='ltr'><strong>quia</strong></span> 
     </span>
    </p>
   </div>
   <div class='ocr_carea' id='block_1_60' title="bbox 291 4184 1999 4259">
    <p class='ocr_par' dir='ltr' id='par_1_60' title="bbox 291 4184 1999 4259">
     <span class='ocr_line' id='line_1_60' title="bbox 291 4184 1999 4259; baseline -0.003 -11"><span class='ocrx_word' id='word_1_439' title='bbox 291 4193 432 4248; x_wconf 91' lang='lat' dir='ltr'><strong>dum</strong></span> <span class='ocrx_word' id='word_1_440' title='bbox 467 4192 619 4246; x_wconf 93' lang='lat' dir='ltr'><strong>bona</strong></span> <span class='ocrx_word' id='word_1_441' title='bbox 650 4187 883 4259; x_wconf 90' lang='lat' dir='ltr'><strong>cognita</strong></span> <span class='ocrx_word' id='word_1_442' title='bbox 904 4186 1140 4256; x_wconf 83' lang='lat' dir='ltr'><strong>exsequi</strong></span> <span class='ocrx_word' id='word_1_443' title='bbox 1177 4184 1441 4256; x_wconf 80' lang='lat' dir='ltr'><strong>negligit,</strong></span> <span class='ocrx_word' id='word_1_444' title='bbox 1465 4199 1590 4239; x_wconf 90' lang='lat' dir='ltr'><strong>sese</strong></span> <span class='ocrx_word' id='word_1_445' title='bbox 1615 4187 1683 4240; x_wconf 90' lang='lat' dir='ltr'><strong>ad</strong></span> <span class='ocrx_word' id='word_1_446' title='bbox 1714 4187 1999 4254; x_wconf 84' lang='lat' dir='ltr'><strong>judicium</strong></span> 
     </span>
    </p>
   </div>
   <div class='ocr_carea' id='block_1_61' title="bbox 290 4273 2000 4348">
    <p class='ocr_par' dir='ltr' id='par_1_61' title="bbox 290 4273 2000 4348">
     <span class='ocr_line' id='line_1_61' title="bbox 290 4273 2000 4348; baseline -0.005 -11"><span class='ocrx_word' id='word_1_447' title='bbox 290 4281 510 4337; x_wconf 87' lang='lat' dir='ltr'><strong>arctius</strong></span> <span class='ocrx_word' id='word_1_448' title='bbox 531 4278 788 4348; x_wconf 89' lang='lat' dir='ltr'><strong>stringit.</strong></span> <span class='ocrx_word' id='word_1_449' title='bbox 816 4279 881 4330; x_wconf 87' lang='lat' dir='ltr'><strong>Et</strong></span> <span class='ocrx_word' id='word_1_450' title='bbox 905 4275 1068 4330; x_wconf 88' lang='lat' dir='ltr'><strong>valde</strong></span> <span class='ocrx_word' id='word_1_451' title='bbox 1090 4273 1318 4329; x_wconf 85' lang='lat' dir='ltr'><strong>inutilis</strong></span> <span class='ocrx_word' id='word_1_452' title='bbox 1341 4278 1430 4328; x_wconf 88' lang='lat' dir='ltr'><strong>est</strong></span> <span class='ocrx_word' id='word_1_453' title='bbox 1454 4273 1723 4345; x_wconf 82' lang='lat' dir='ltr'><strong>pietas,si</strong></span> <span class='ocrx_word' id='word_1_454' title='bbox 1746 4276 2000 4331; x_wconf 77' lang='lat' dir='ltr'><strong>scientiae</strong></span> 
     </span>
    </p>
   </div>
   <div class='ocr_carea' id='block_1_62' title="bbox 291 4362 2001 4435">
    <p class='ocr_par' dir='ltr' id='par_1_62' title="bbox 291 4362 2001 4435">
     <span class='ocr_line' id='line_1_62' title="bbox 291 4362 2001 4435; baseline -0.003 -12"><span class='ocrx_word' id='word_1_455' title='bbox 291 4369 644 4423; x_wconf 89' lang='lat' dir='ltr'><strong>discretione</strong></span> <span class='ocrx_word' id='word_1_456' title='bbox 668 4373 858 4430; x_wconf 87' lang='lat' dir='ltr'><strong>caret;</strong></span> <span class='ocrx_word' id='word_1_457' title='bbox 894 4364 1028 4435; x_wconf 91' lang='lat' dir='ltr'><strong>quia</strong></span> <span class='ocrx_word' id='word_1_458' title='bbox 1055 4363 1196 4418; x_wconf 92' lang='lat' dir='ltr'><strong>dum</strong></span> <span class='ocrx_word' id='word_1_459' title='bbox 1218 4362 1380 4418; x_wconf 90' lang='lat' dir='ltr'><strong>nulla</strong></span> <span class='ocrx_word' id='word_1_460' title='bbox 1412 4362 1562 4418; x_wconf 89' lang='lat' dir='ltr'><strong>hanc</strong></span> <span class='ocrx_word' id='word_1_461' title='bbox 1585 4365 1831 4419; x_wconf 88' lang='lat' dir='ltr'><strong>scientia</strong></span> <span class='ocrx_word' id='word_1_462' title='bbox 1863 4365 2001 4418; x_wconf 89' lang='lat' dir='ltr'><strong>illu-</strong></span> 
     </span>
    </p>
   </div>
   <div class='ocr_carea' id='block_1_63' title="bbox 291 4453 2000 4527">
    <p class='ocr_par' dir='ltr' id='par_1_63' title="bbox 291 4453 2000 4527">
     <span class='ocr_line' id='line_1_63' title="bbox 291 4453 2000 4527; baseline 0 -15"><span class='ocrx_word' id='word_1_463' title='bbox 291 4457 500 4521; x_wconf 89' lang='lat' dir='ltr'><strong>minat,</strong></span> <span class='ocrx_word' id='word_1_464' title='bbox 535 4455 826 4526; x_wconf 88' lang='lat' dir='ltr'><strong>quomodo</strong></span> <span class='ocrx_word' id='word_1_465' title='bbox 857 4453 1199 4508; x_wconf 83' lang='lat' dir='ltr'><strong>misereatur</strong></span> <span class='ocrx_word' id='word_1_466' title='bbox 1241 4453 1490 4525; x_wconf 90' lang='lat' dir='ltr'><strong>ignorat.</strong></span> <span class='ocrx_word' id='word_1_467' title='bbox 1523 4454 1721 4510; x_wconf 88' lang='lat' dir='ltr'><strong>&#39;I‘imor</strong></span> <span class='ocrx_word' id='word_1_468' title='bbox 1768 4471 2000 4527; x_wconf 90' lang='lat' dir='ltr'><strong>quoque</strong></span> 
     </span>
    </p>
   </div>
   <div class='ocr_carea' id='block_1_64' title="bbox 2129 1857 3834 1932">
    <p class='ocr_par' dir='ltr' id='par_1_64' title="bbox 2129 1857 3834 1932">
     <span class='ocr_line' id='line_1_64' title="bbox 2129 1857 3834 1932; baseline -0.003 -14"><span class='ocrx_word' id='word_1_469' title='bbox 2129 1866 2244 1918; x_wconf 88' lang='lat' dir='ltr'><strong>vita</strong></span> <span class='ocrx_word' id='word_1_470' title='bbox 2295 1864 2418 1918; x_wconf 89' lang='lat' dir='ltr'><strong>sine</strong></span> <span class='ocrx_word' id='word_1_471' title='bbox 2465 1862 2666 1932; x_wconf 90' lang='lat' dir='ltr'><strong>quavis</strong></span> <span class='ocrx_word' id='word_1_472' title='bbox 2711 1858 3044 1915; x_wconf 87' lang='lat' dir='ltr'><strong>tenuissimi</strong></span> <span class='ocrx_word' id='word_1_473' title='bbox 3113 1858 3358 1929; x_wconf 88' lang='lat' dir='ltr'><strong>contagii</strong></span> <span class='ocrx_word' id='word_1_474' title='bbox 3427 1857 3834 1929; x_wconf 88' lang='lat' dir='ltr'><strong>inquinatione</strong></span> 
     </span>
    </p>
   </div>
   <div class='ocr_carea' id='block_1_65' title="bbox 2128 1942 3832 2020">
    <p class='ocr_par' dir='ltr' id='par_1_65' title="bbox 2128 1942 3832 2020">
     <span class='ocr_line' id='line_1_65' title="bbox 2128 1942 3832 2020; baseline -0.002 -17"><span class='ocrx_word' id='word_1_475' title='bbox 2128 1949 2474 2020; x_wconf 80' lang='lat' dir='ltr'><strong>peragatur?</strong></span> <span class='ocrx_word' id='word_1_476' title='bbox 2521 1946 2956 2016; x_wconf 88' lang='lat' dir='ltr'><strong>Nonnunquam</strong></span> <span class='ocrx_word' id='word_1_477' title='bbox 3010 1958 3263 2012; x_wconf 86' lang='lat' dir='ltr'><strong>namque</strong></span> <span class='ocrx_word' id='word_1_478' title='bbox 3308 1942 3456 2015; x_wconf 90' lang='lat' dir='ltr'><strong>ipsis</strong></span> <span class='ocrx_word' id='word_1_479' title='bbox 3501 1943 3674 1999; x_wconf 90' lang='lat' dir='ltr'><strong>bonis</strong></span> <span class='ocrx_word' id='word_1_480' title='bbox 3706 1961 3832 2014; x_wconf 66' lang='lat' dir='ltr'><strong>quae</strong></span> 
     </span>
    </p>
   </div>
   <div class='ocr_carea' id='block_1_66' title="bbox 2125 2033 3832 2109">
    <p class='ocr_par' dir='ltr' id='par_1_66' title="bbox 2125 2033 3832 2109">
     <span class='ocr_line' id='line_1_66' title="bbox 2125 2033 3832 2109; baseline -0.003 -15"><span class='ocrx_word' id='word_1_481' title='bbox 2125 2038 2354 2109; x_wconf 85' lang='lat' dir='ltr'><strong>agimus</strong></span> <span class='ocrx_word' id='word_1_482' title='bbox 2386 2038 2456 2092; x_wconf 91' lang='lat' dir='ltr'><strong>ad</strong></span> <span class='ocrx_word' id='word_1_483' title='bbox 2489 2035 2744 2092; x_wconf 88' lang='lat' dir='ltr'><strong>deterius</strong></span> <span class='ocrx_word' id='word_1_484' title='bbox 2787 2033 3255 2106; x_wconf 89' lang='lat' dir='ltr'><strong>propinquamus</strong></span> <span class='ocrx_word' id='word_1_485' title='bbox 3283 2049 3298 2099; x_wconf 91' lang='lat'><strong>;</strong></span> <span class='ocrx_word' id='word_1_486' title='bbox 3335 2033 3472 2102; x_wconf 91' lang='lat' dir='ltr'><strong>quia</strong></span> <span class='ocrx_word' id='word_1_487' title='bbox 3519 2034 3655 2088; x_wconf 89' lang='lat' dir='ltr'><strong>dum</strong></span> <span class='ocrx_word' id='word_1_488' title='bbox 3689 2036 3832 2089; x_wconf 69' lang='lat' dir='ltr'><strong>laeti-</strong></span> 
     </span>
    </p>
   </div>
   <div class='ocr_carea' id='block_1_67' title="bbox 2126 2121 3834 2195">
    <p class='ocr_par' dir='ltr' id='par_1_67' title="bbox 2126 2121 3834 2195">
     <span class='ocr_line' id='line_1_67' title="bbox 2126 2121 3834 2195; baseline -0.002 -13"><span class='ocrx_word' id='word_1_489' title='bbox 2126 2129 2264 2182; x_wconf 89' lang='lat' dir='ltr'><strong>tiam</strong></span> <span class='ocrx_word' id='word_1_490' title='bbox 2324 2126 2504 2181; x_wconf 90' lang='lat' dir='ltr'><strong>menti</strong></span> <span class='ocrx_word' id='word_1_491' title='bbox 2563 2124 2817 2195; x_wconf 90' lang='lat' dir='ltr'><strong>pariunt,</strong></span> <span class='ocrx_word' id='word_1_492' title='bbox 2877 2123 3190 2193; x_wconf 84' lang='lat' dir='ltr'><strong>quamdam</strong></span> <span class='ocrx_word' id='word_1_493' title='bbox 3249 2121 3421 2177; x_wconf 90' lang='lat' dir='ltr'><strong>etiam</strong></span> <span class='ocrx_word' id='word_1_494' title='bbox 3460 2123 3834 2178; x_wconf 86' lang='lat' dir='ltr'><strong>securitatem</strong></span> 
     </span>
    </p>
   </div>
   <div class='ocr_carea' id='block_1_68' title="bbox 2126 2211 3828 2291">
    <p class='ocr_par' dir='ltr' id='par_1_68' title="bbox 2126 2211 3828 2291">
     <span class='ocr_line' id='line_1_68' title="bbox 2126 2211 3828 2291; baseline -0.002 -19"><span class='ocrx_word' id='word_1_495' title='bbox 2126 2218 2408 2291; x_wconf 83' lang='lat' dir='ltr'><strong>gignunt;</strong></span> <span class='ocrx_word' id='word_1_496' title='bbox 2434 2217 2692 2286; x_wconf 90' lang='lat' dir='ltr'><strong>dumque</strong></span> <span class='ocrx_word' id='word_1_497' title='bbox 2710 2229 2873 2270; x_wconf 90' lang='lat' dir='ltr'><strong>mens</strong></span> <span class='ocrx_word' id='word_1_498' title='bbox 2895 2227 3099 2269; x_wconf 87' lang='lat' dir='ltr'><strong>secura</strong></span> <span class='ocrx_word' id='word_1_499' title='bbox 3138 2212 3420 2280; x_wconf 89' lang='lat' dir='ltr'><strong>redditur,</strong></span> <span class='ocrx_word' id='word_1_500' title='bbox 3442 2211 3496 2266; x_wconf 93' lang='lat' dir='ltr'><strong>in</strong></span> <span class='ocrx_word' id='word_1_501' title='bbox 3535 2219 3828 2283; x_wconf 88' lang='lat' dir='ltr'><strong>torporem</strong></span> 
     </span>
    </p>
   </div>
   <div class='ocr_carea' id='block_1_69' title="bbox 2127 2299 3835 2375">
    <p class='ocr_par' dir='ltr' id='par_1_69' title="bbox 2127 2299 3835 2375">
     <span class='ocr_line' id='line_1_69' title="bbox 2127 2299 3835 2375; baseline -0.004 -13"><span class='ocrx_word' id='word_1_502' title='bbox 2127 2308 2371 2364; x_wconf 83' lang='lat' dir='ltr'><strong>laxatur.</strong></span> <span class='ocrx_word' id='word_1_503' title='bbox 2405 2305 2840 2375; x_wconf 88' lang='lat' dir='ltr'><strong>Nonnunquam</strong></span> <span class='ocrx_word' id='word_1_504' title='bbox 2889 2318 3022 2357; x_wconf 91' lang='lat' dir='ltr'><strong>vero</strong></span> <span class='ocrx_word' id='word_1_505' title='bbox 3052 2302 3127 2372; x_wconf 80' lang='grc' dir='ltr'><strong>(ε)</strong></span> <span class='ocrx_word' id='word_1_506' title='bbox 3179 2299 3540 2372; x_wconf 88' lang='lat' dir='ltr'><strong>aliquantula</strong></span> <span class='ocrx_word' id='word_1_507' title='bbox 3575 2301 3835 2356; x_wconf 85' lang='lat' dir='ltr'><strong>elatione</strong></span> 
     </span>
    </p>
   </div>
   <div class='ocr_carea' id='block_1_70' title="bbox 2127 2393 3831 2469">
    <p class='ocr_par' dir='ltr' id='par_1_70' title="bbox 2127 2393 3831 2469">
     <span class='ocr_line' id='line_1_70' title="bbox 2127 2393 3831 2469; baseline -0.005 -15"><span class='ocrx_word' id='word_1_508' title='bbox 2127 2415 2232 2454; x_wconf 91' lang='lat' dir='ltr'><strong>nos</strong></span> <span class='ocrx_word' id='word_1_509' title='bbox 2257 2397 2528 2469; x_wconf 91' lang='lat' dir='ltr'><strong>polluunt</strong></span> <span class='ocrx_word' id='word_1_510' title='bbox 2552 2401 2639 2464; x_wconf 91' lang='lat' dir='ltr'><strong>;et</strong></span> <span class='ocrx_word' id='word_1_511' title='bbox 2659 2400 2822 2450; x_wconf 91' lang='lat' dir='ltr'><strong>tanto</strong></span> <span class='ocrx_word' id='word_1_512' title='bbox 2841 2394 3184 2463; x_wconf 88' lang='lat' dir='ltr'><strong>dejectiores</strong></span> <span class='ocrx_word' id='word_1_513' title='bbox 3207 2393 3360 2464; x_wconf 92' lang='lat' dir='ltr'><strong>apud</strong></span> <span class='ocrx_word' id='word_1_514' title='bbox 3379 2395 3558 2449; x_wconf 90' lang='lat' dir='ltr'><strong>Deum</strong></span> <span class='ocrx_word' id='word_1_515' title='bbox 3587 2393 3831 2458; x_wconf 87' lang='lat' dir='ltr'><strong>faciunt,</strong></span> 
     </span>
    </p>
   </div>
   <div class='ocr_carea' id='block_1_71' title="bbox 2126 2481 3835 2559">
    <p class='ocr_par' dir='ltr' id='par_1_71' title="bbox 2126 2481 3835 2559">
     <span class='ocr_line' id='line_1_71' title="bbox 2126 2481 3835 2559; baseline -0.004 -16"><span class='ocrx_word' id='word_1_516' title='bbox 2126 2492 2346 2559; x_wconf 91' lang='lat' dir='ltr'><strong>quanto</strong></span> <span class='ocrx_word' id='word_1_517' title='bbox 2376 2487 2527 2558; x_wconf 90' lang='lat' dir='ltr'><strong>apud</strong></span> <span class='ocrx_word' id='word_1_518' title='bbox 2566 2485 2956 2555; x_wconf 89' lang='lat' dir='ltr'><strong>nosmetipsos</strong></span> <span class='ocrx_word' id='word_1_519' title='bbox 2986 2483 3327 2539; x_wconf 88' lang='lat' dir='ltr'><strong>tumidiores</strong></span> <span class='ocrx_word' id='word_1_520' title='bbox 3359 2483 3628 2538; x_wconf 89' lang='lat' dir='ltr'><strong>reddunt.</strong></span> <span class='ocrx_word' id='word_1_521' title='bbox 3671 2481 3835 2537; x_wconf 87' lang='lat' dir='ltr'><strong>Unde</strong></span> 
     </span>
    </p>
   </div>
   <div class='ocr_carea' id='block_1_72' title="bbox 2129 2575 2726 2646">
    <p class='ocr_par' dir='ltr' id='par_1_72' title="bbox 2129 2575 2726 2646">
     <span class='ocr_line' id='line_1_72' title="bbox 2129 2575 2726 2646; baseline -0.01 -13"><span class='ocrx_word' id='word_1_522' title='bbox 2129 2578 2270 2633; x_wconf 90' lang='lat' dir='ltr'><strong>bene</strong></span> <span class='ocrx_word' id='word_1_523' title='bbox 2311 2575 2726 2646; x_wconf 88' lang='lat' dir='ltr'><strong>subjungitur:</strong></span> 
     </span>
    </p>
   </div>
   <div class='ocr_carea' id='block_1_73' title="bbox 2542 2661 3434 2733">
    <p class='ocr_par' dir='ltr' id='par_1_73' title="bbox 2542 2661 3434 2733">
     <span class='ocr_line' id='line_1_73' title="bbox 2542 2661 3434 2733; baseline -0.003 -14"><span class='ocrx_word' id='word_1_524' title='bbox 2542 2662 2773 2719; x_wconf 83' lang='lat' dir='ltr'><strong>CAPUT</strong></span> <span class='ocrx_word' id='word_1_525' title='bbox 2804 2662 3038 2717; x_wconf 80' lang='lat' dir='ltr'><strong>xxxw</strong></span> <span class='ocrx_word' id='word_1_526' title='bbox 3070 2662 3212 2733; x_wconf 84' lang='lat' dir='ltr'><strong>[ltec.</strong></span> <span class='ocrx_word' id='word_1_527' title='bbox 3259 2661 3434 2732; x_wconf 81' lang='lat' dir='ltr'><strong>Xl’ll].</strong></span> 
     </span>
    </p>
   </div>
   <div class='ocr_carea' id='block_1_74' title="bbox 2195 2749 3836 2824">
    <p class='ocr_par' dir='ltr' id='par_1_74' title="bbox 2195 2749 3836 2824">
     <span class='ocr_line' id='line_1_74' title="bbox 2195 2749 3836 2824; baseline -0.002 -16"><span class='ocrx_word' id='word_1_528' title='bbox 2195 2755 2371 2810; x_wconf 77' lang='lat' dir='ltr'><strong>Vens.</strong></span> <span class='ocrx_word' id='word_1_529' title='bbox 2403 2755 2457 2808; x_wconf 88' lang='grc'><strong>5.</strong></span> <span class='ocrx_word' id='word_1_530' title='bbox 2509 2753 2750 2824; x_wconf 79' lang='lat' dir='ltr'><strong>Cumque</strong></span> <span class='ocrx_word' id='word_1_531' title='bbox 2779 2753 2835 2806; x_wconf 94' lang='lat' dir='ltr'><strong>in</strong></span> <span class='ocrx_word' id='word_1_532' title='bbox 2877 2752 3062 2807; x_wconf 85' lang='lat' dir='ltr'><strong>orbem</strong></span> <span class='ocrx_word' id='word_1_533' title='bbox 3099 2753 3428 2806; x_wconf 77' lang='lat' dir='ltr'><strong>transissent</strong></span> <span class='ocrx_word' id='word_1_534' title='bbox 3476 2750 3590 2806; x_wconf 86' lang='lat' dir='ltr'><strong>dies</strong></span> <span class='ocrx_word' id='word_1_535' title='bbox 3639 2749 3836 2806; x_wconf 89' lang='lat' dir='ltr'><strong>convi-</strong></span> 
     </span>
    </p>
   </div>
   <div class='ocr_carea' id='block_1_75' title="bbox 2125 2845 3266 2916">
    <p class='ocr_par' dir='ltr' id='par_1_75' title="bbox 2125 2845 3266 2916">
     <span class='ocr_line' id='line_1_75' title="bbox 2125 2845 3266 2916; baseline -0.004 -12"><span class='ocrx_word' id='word_1_536' title='bbox 2125 2848 2222 2916; x_wconf 83' lang='lat' dir='ltr'><strong>vii,</strong></span> <span class='ocrx_word' id='word_1_537' title='bbox 2256 2848 2501 2903; x_wconf 76' lang='lat' dir='ltr'><strong>mittebat</strong></span> <span class='ocrx_word' id='word_1_538' title='bbox 2521 2847 2638 2914; x_wconf 86' lang='lat' dir='ltr'><strong>Job,</strong></span> <span class='ocrx_word' id='word_1_539' title='bbox 2669 2854 2720 2901; x_wconf 92' lang='lat' dir='ltr'><strong>et</strong></span> <span class='ocrx_word' id='word_1_540' title='bbox 2749 2845 3130 2913; x_wconf 80' lang='lat' dir='ltr'><strong>sanetiﬁcabat</strong></span> <span class='ocrx_word' id='word_1_541' title='bbox 3158 2859 3266 2900; x_wconf 85' lang='lat' dir='ltr'><strong>eos.</strong></span> 
     </span>
    </p>
   </div>
   <div class='ocr_carea' id='block_1_76' title="bbox 2193 2931 3830 3005">
    <p class='ocr_par' dir='ltr' id='par_1_76' title="bbox 2193 2931 3830 3005">
     <span class='ocr_line' id='line_1_76' title="bbox 2193 2931 3830 3005; baseline -0.005 -12"><span class='ocrx_word' id='word_1_542' title='bbox 2193 2939 2293 2993; x_wconf 71' lang='lat'><strong>88</strong></span> <span class='ocrx_word' id='word_1_543' title='bbox 2328 2939 2412 2992; x_wconf 76' lang='grc'><strong>47.</strong></span> <span class='ocrx_word' id='word_1_544' title='bbox 2449 2938 2509 2992; x_wconf 85' lang='grc' dir='ltr'><strong>1η</strong></span> <span class='ocrx_word' id='word_1_545' title='bbox 2541 2937 2694 2991; x_wconf 83' lang='lat' dir='ltr'><strong>bonis</strong></span> <span class='ocrx_word' id='word_1_546' title='bbox 2725 2934 2973 3005; x_wconf 84' lang='lat' dir='ltr'><strong>operibus</strong></span> <span class='ocrx_word' id='word_1_547' title='bbox 2991 2933 3284 3005; x_wconf 84' lang='lat' dir='ltr'><strong>purganda</strong></span> <span class='ocrx_word' id='word_1_548' title='bbox 3311 2933 3567 2988; x_wconf 83' lang='lat' dir='ltr'><strong>intentio.</strong></span> <span class='ocrx_word' id='word_1_549' title='bbox 3602 2963 3667 2972; x_wconf 98' lang='lat'>—</span> <span class='ocrx_word' id='word_1_550' title='bbox 3700 2931 3830 2986; x_wconf 87' lang='lat' dir='ltr'><strong>Per-</strong></span> 
     </span>
    </p>
   </div>
   <div class='ocr_carea' id='block_1_77' title="bbox 2121 3021 3830 3098">
    <p class='ocr_par' dir='ltr' id='par_1_77' title="bbox 2121 3021 3830 3098">
     <span class='ocr_line' id='line_1_77' title="bbox 2121 3021 3830 3098; baseline -0.006 -14"><span class='ocrx_word' id='word_1_551' title='bbox 2121 3033 2246 3084; x_wconf 91' lang='lat' dir='ltr'><strong>acto</strong></span> <span class='ocrx_word' id='word_1_552' title='bbox 2275 3027 2487 3098; x_wconf 89' lang='lat' dir='ltr'><strong>quippe</strong></span> <span class='ocrx_word' id='word_1_553' title='bbox 2516 3027 2653 3081; x_wconf 91' lang='lat' dir='ltr'><strong>orbe</strong></span> <span class='ocrx_word' id='word_1_554' title='bbox 2693 3025 2919 3079; x_wconf 91' lang='lat' dir='ltr'><strong>dierum</strong></span> <span class='ocrx_word' id='word_1_555' title='bbox 2953 3023 3218 3091; x_wconf 88' lang='lat' dir='ltr'><strong>convivii,</strong></span> <span class='ocrx_word' id='word_1_556' title='bbox 3265 3021 3495 3077; x_wconf 87' lang='lat' dir='ltr'><strong>mittere</strong></span> <span class='ocrx_word' id='word_1_557' title='bbox 3541 3022 3611 3076; x_wconf 93' lang='lat' dir='ltr'><strong>ad</strong></span> <span class='ocrx_word' id='word_1_558' title='bbox 3656 3021 3830 3089; x_wconf 84' lang='lat' dir='ltr'><strong>ﬁlios,</strong></span> 
     </span>
    </p>
   </div>
   <div class='ocr_carea' id='block_1_78' title="bbox 2127 3109 3834 3187">
    <p class='ocr_par' dir='ltr' id='par_1_78' title="bbox 2127 3109 3834 3187">
     <span class='ocr_line' id='line_1_78' title="bbox 2127 3109 3834 3187; baseline -0.005 -15"><span class='ocrx_word' id='word_1_559' title='bbox 2127 3133 2342 3187; x_wconf 89' lang='lat' dir='ltr'><strong>eosque</strong></span> <span class='ocrx_word' id='word_1_560' title='bbox 2375 3115 2758 3182; x_wconf 89' lang='lat' dir='ltr'><strong>sanctiﬁcare,</strong></span> <span class='ocrx_word' id='word_1_561' title='bbox 2791 3119 2880 3169; x_wconf 91' lang='lat' dir='ltr'><strong>est</strong></span> <span class='ocrx_word' id='word_1_562' title='bbox 2911 3119 3037 3185; x_wconf 86' lang='lat' dir='ltr'><strong>post</strong></span> <span class='ocrx_word' id='word_1_563' title='bbox 3057 3114 3330 3168; x_wconf 81' lang='lat' dir='ltr'><strong>virtutum</strong></span> <span class='ocrx_word' id='word_1_564' title='bbox 3355 3127 3616 3180; x_wconf 88' lang='lat' dir='ltr'><strong>sensum,</strong></span> <span class='ocrx_word' id='word_1_565' title='bbox 3637 3109 3834 3165; x_wconf 85' lang='lat' dir='ltr'><strong>inten-</strong></span> 
     </span>
    </p>
   </div>
   <div class='ocr_carea' id='block_1_79' title="bbox 2130 3201 3834 3274">
    <p class='ocr_par' dir='ltr' id='par_1_79' title="bbox 2130 3201 3834 3274">
     <span class='ocr_line' id='line_1_79' title="bbox 2130 3201 3834 3274; baseline -0.005 -11"><span class='ocrx_word' id='word_1_566' title='bbox 2130 3209 2343 3263; x_wconf 87' lang='lat' dir='ltr'><strong>tionem</strong></span> <span class='ocrx_word' id='word_1_567' title='bbox 2369 3204 2560 3259; x_wconf 83' lang='lat' dir='ltr'><strong>cordis</strong></span> <span class='ocrx_word' id='word_1_568' title='bbox 2583 3204 2852 3274; x_wconf 85' lang='lat' dir='ltr'><strong>dirigere,</strong></span> <span class='ocrx_word' id='word_1_569' title='bbox 2885 3212 2938 3257; x_wconf 89' lang='lat' dir='ltr'><strong>et</strong></span> <span class='ocrx_word' id='word_1_570' title='bbox 2959 3219 3130 3258; x_wconf 90' lang='lat' dir='ltr'><strong>omne</strong></span> <span class='ocrx_word' id='word_1_571' title='bbox 3152 3202 3305 3273; x_wconf 91' lang='lat' dir='ltr'><strong>quod</strong></span> <span class='ocrx_word' id='word_1_572' title='bbox 3332 3201 3540 3271; x_wconf 81' lang='lat' dir='ltr'><strong>agitur,</strong></span> <span class='ocrx_word' id='word_1_573' title='bbox 3562 3201 3834 3256; x_wconf 87' lang='lat' dir='ltr'><strong>districta</strong></span> 
     </span>
    </p>
   </div>
   <div class='ocr_carea' id='block_1_80' title="bbox 2121 3289 3835 3358">
    <p class='ocr_par' dir='ltr' id='par_1_80' title="bbox 2121 3289 3835 3358">
     <span class='ocr_line' id='line_1_80' title="bbox 2121 3289 3835 3358; baseline -0.006 -5"><span class='ocrx_word' id='word_1_574' title='bbox 2121 3294 2540 3353; x_wconf 83' lang='lat' dir='ltr'><strong>retractationis</strong></span> <span class='ocrx_word' id='word_1_575' title='bbox 2582 3293 2945 3347; x_wconf 88' lang='lat' dir='ltr'><strong>discussione</strong></span> <span class='ocrx_word' id='word_1_576' title='bbox 2993 3291 3314 3358; x_wconf 87' lang='lat' dir='ltr'><strong>mundare;</strong></span> <span class='ocrx_word' id='word_1_577' title='bbox 3381 3305 3452 3345; x_wconf 87' lang='lat' dir='ltr'><strong>ne</strong></span> <span class='ocrx_word' id='word_1_578' title='bbox 3479 3290 3631 3344; x_wconf 88' lang='lat' dir='ltr'><strong>bona</strong></span> <span class='ocrx_word' id='word_1_579' title='bbox 3677 3289 3835 3344; x_wconf 67' lang='lat' dir='ltr'><strong>aesti-</strong></span> 
     </span>
    </p>
   </div>
   <div class='ocr_carea' id='block_1_81' title="bbox 2119 3379 3830 3455">
    <p class='ocr_par' dir='ltr' id='par_1_81' title="bbox 2119 3379 3830 3455">
     <span class='ocr_line' id='line_1_81' title="bbox 2119 3379 3830 3455; baseline -0.006 -11"><span class='ocrx_word' id='word_1_580' title='bbox 2119 3394 2346 3444; x_wconf 89' lang='lat' dir='ltr'><strong>mentur</strong></span> <span class='ocrx_word' id='word_1_581' title='bbox 2376 3401 2503 3455; x_wconf 62' lang='lat' dir='ltr'><strong>quas</strong></span> <span class='ocrx_word' id='word_1_582' title='bbox 2539 3381 2683 3437; x_wconf 87' lang='lat' dir='ltr'><strong>mala</strong></span> <span class='ocrx_word' id='word_1_583' title='bbox 2732 3387 2910 3448; x_wconf 88' lang='lat' dir='ltr'><strong>sunt;</strong></span> <span class='ocrx_word' id='word_1_584' title='bbox 2964 3396 3034 3436; x_wconf 89' lang='lat' dir='ltr'><strong>ne</strong></span> <span class='ocrx_word' id='word_1_585' title='bbox 3083 3379 3290 3435; x_wconf 86' lang='lat' dir='ltr'><strong>saltem</strong></span> <span class='ocrx_word' id='word_1_586' title='bbox 3345 3380 3627 3434; x_wconf 87' lang='lat' dir='ltr'><strong>veraciter</strong></span> <span class='ocrx_word' id='word_1_587' title='bbox 3673 3380 3830 3434; x_wconf 86' lang='lat' dir='ltr'><strong>bona</strong></span> 
     </span>
    </p>
   </div>
   <div class='ocr_carea' id='block_1_82' title="bbox 2117 3468 3832 3547">
    <p class='ocr_par' dir='ltr' id='par_1_82' title="bbox 2117 3468 3832 3547">
     <span class='ocr_line' id='line_1_82' title="bbox 2117 3468 3832 3547; baseline -0.004 -18"><span class='ocrx_word' id='word_1_588' title='bbox 2117 3479 2393 3547; x_wconf 91' lang='lat' dir='ltr'><strong>putentur</strong></span> <span class='ocrx_word' id='word_1_589' title='bbox 2437 3471 2808 3536; x_wconf 87' lang='lat' dir='ltr'><strong>sufﬁcientia,</strong></span> <span class='ocrx_word' id='word_1_590' title='bbox 2857 3487 2990 3525; x_wconf 92' lang='lat' dir='ltr'><strong>cum</strong></span> <span class='ocrx_word' id='word_1_591' title='bbox 3043 3471 3294 3541; x_wconf 89' lang='lat' dir='ltr'><strong>perfecta</strong></span> <span class='ocrx_word' id='word_1_592' title='bbox 3349 3485 3463 3524; x_wconf 91' lang='lat' dir='ltr'><strong>non</strong></span> <span class='ocrx_word' id='word_1_593' title='bbox 3514 3475 3675 3524; x_wconf 91' lang='lat' dir='ltr'><strong>sunt.</strong></span> <span class='ocrx_word' id='word_1_594' title='bbox 3732 3468 3832 3522; x_wconf 85' lang='lat' dir='ltr'><strong>Sic</strong></span> 
     </span>
    </p>
   </div>
   <div class='ocr_carea' id='block_1_83' title="bbox 2116 3558 3832 3631">
    <p class='ocr_par' dir='ltr' id='par_1_83' title="bbox 2116 3558 3832 3631">
     <span class='ocr_line' id='line_1_83' title="bbox 2116 3558 3832 3631; baseline -0.004 -12"><span class='ocrx_word' id='word_1_595' title='bbox 2116 3565 2270 3620; x_wconf 87' lang='lat' dir='ltr'><strong>enim</strong></span> <span class='ocrx_word' id='word_1_596' title='bbox 2319 3579 2482 3618; x_wconf 90' lang='lat' dir='ltr'><strong>mens</strong></span> <span class='ocrx_word' id='word_1_597' title='bbox 2531 3561 2878 3631; x_wconf 90' lang='lat' dir='ltr'><strong>plerumque</strong></span> <span class='ocrx_word' id='word_1_598' title='bbox 2926 3560 3231 3631; x_wconf 88' lang='lat' dir='ltr'><strong>decipitur,</strong></span> <span class='ocrx_word' id='word_1_599' title='bbox 3285 3564 3348 3614; x_wconf 92' lang='lat' dir='ltr'><strong>ut</strong></span> <span class='ocrx_word' id='word_1_600' title='bbox 3397 3563 3496 3613; x_wconf 88' lang='lat' dir='ltr'><strong>aut</strong></span> <span class='ocrx_word' id='word_1_601' title='bbox 3545 3558 3832 3627; x_wconf 88' lang='lat' dir='ltr'><strong>qualitate</strong></span> 
     </span>
    </p>
   </div>
   <div class='ocr_carea' id='block_1_84' title="bbox 2118 3645 3829 3719">
    <p class='ocr_par' dir='ltr' id='par_1_84' title="bbox 2118 3645 3829 3719">
     <span class='ocr_line' id='line_1_84' title="bbox 2118 3645 3829 3719; baseline -0.003 -15"><span class='ocrx_word' id='word_1_602' title='bbox 2118 3650 2280 3719; x_wconf 87' lang='lat' dir='ltr'><strong>mali,</strong></span> <span class='ocrx_word' id='word_1_603' title='bbox 2313 3654 2410 3703; x_wconf 88' lang='lat' dir='ltr'><strong>aut</strong></span> <span class='ocrx_word' id='word_1_604' title='bbox 2443 3649 2577 3702; x_wconf 89' lang='lat' dir='ltr'><strong>boni</strong></span> <span class='ocrx_word' id='word_1_605' title='bbox 2610 3648 2935 3718; x_wconf 88' lang='lat' dir='ltr'><strong>quantitate</strong></span> <span class='ocrx_word' id='word_1_606' title='bbox 2985 3646 3239 3700; x_wconf 87' lang='lat' dir='ltr'><strong>fallatur.</strong></span> <span class='ocrx_word' id='word_1_607' title='bbox 3289 3647 3426 3716; x_wconf 87' lang='lat' dir='ltr'><strong>[Vet.</strong></span> <span class='ocrx_word' id='word_1_608' title='bbox 3453 3645 3664 3716; x_wconf 79' lang='lat' dir='ltr'><strong>XXXV.]</strong></span> <span class='ocrx_word' id='word_1_609' title='bbox 3717 3645 3829 3699; x_wconf 85' lang='lat' dir='ltr'><strong>Sed</strong></span> 
     </span>
    </p>
   </div>
   <div class='ocr_carea' id='block_1_85' title="bbox 2115 3734 3829 3807">
    <p class='ocr_par' dir='ltr' id='par_1_85' title="bbox 2115 3734 3829 3807">
     <span class='ocr_line' id='line_1_85' title="bbox 2115 3734 3829 3807; baseline -0.005 -11"><span class='ocrx_word' id='word_1_610' title='bbox 2115 3740 2225 3796; x_wconf 90' lang='lat' dir='ltr'><strong>hos</strong></span> <span class='ocrx_word' id='word_1_611' title='bbox 2245 3740 2528 3793; x_wconf 89' lang='lat' dir='ltr'><strong>virtutum</strong></span> <span class='ocrx_word' id='word_1_612' title='bbox 2555 3752 2757 3791; x_wconf 88' lang='lat' dir='ltr'><strong>sensus</strong></span> <span class='ocrx_word' id='word_1_613' title='bbox 2780 3736 2990 3791; x_wconf 88' lang='lat' dir='ltr'><strong>melius</strong></span> <span class='ocrx_word' id='word_1_614' title='bbox 3014 3751 3213 3807; x_wconf 88' lang='lat' dir='ltr'><strong>preces</strong></span> <span class='ocrx_word' id='word_1_615' title='bbox 3234 3751 3406 3805; x_wconf 91' lang='lat' dir='ltr'><strong>quam</strong></span> <span class='ocrx_word' id='word_1_616' title='bbox 3427 3734 3829 3788; x_wconf 86' lang='lat' dir='ltr'><strong>discussiones</strong></span> 
     </span>
    </p>
   </div>
   <div class='ocr_carea' id='block_1_86' title="bbox 2113 3823 3821 3897">
    <p class='ocr_par' dir='ltr' id='par_1_86' title="bbox 2113 3823 3821 3897">
     <span class='ocr_line' id='line_1_86' title="bbox 2113 3823 3821 3897; baseline -0.005 -11"><span class='ocrx_word' id='word_1_617' title='bbox 2113 3831 2412 3886; x_wconf 83' lang='lat' dir='ltr'><strong>inveniunt</strong></span> <span class='ocrx_word' id='word_1_618' title='bbox 2440 3847 2455 3897; x_wconf 94' lang='lat'><strong>;</strong></span> <span class='ocrx_word' id='word_1_619' title='bbox 2485 3843 2620 3882; x_wconf 91' lang='lat' dir='ltr'><strong>nam</strong></span> <span class='ocrx_word' id='word_1_620' title='bbox 2649 3844 2714 3881; x_wconf 89' lang='lat' dir='ltr'><strong>ca</strong></span> <span class='ocrx_word' id='word_1_621' title='bbox 2745 3843 2872 3897; x_wconf 66' lang='lat' dir='ltr'><strong>quas</strong></span> <span class='ocrx_word' id='word_1_622' title='bbox 2896 3826 3244 3896; x_wconf 88' lang='lat' dir='ltr'><strong>perscrutari</strong></span> <span class='ocrx_word' id='word_1_623' title='bbox 3284 3825 3343 3880; x_wconf 89' lang='lat' dir='ltr'><strong>in</strong></span> <span class='ocrx_word' id='word_1_624' title='bbox 3377 3823 3821 3894; x_wconf 86' lang='lat' dir='ltr'><strong>nobismetipsis</strong></span> 
     </span>
    </p>
   </div>
   <div class='ocr_carea' id='block_1_87' title="bbox 2113 3913 3820 3991">
    <p class='ocr_par' dir='ltr' id='par_1_87' title="bbox 2113 3913 3820 3991">
     <span class='ocr_line' id='line_1_87' title="bbox 2113 3913 3820 3991; baseline -0.005 -15"><span class='ocrx_word' id='word_1_625' title='bbox 2113 3919 2344 3991; x_wconf 88' lang='lat' dir='ltr'><strong>plenius</strong></span> <span class='ocrx_word' id='word_1_626' title='bbox 2376 3917 2642 3982; x_wconf 88' lang='lat' dir='ltr'><strong>nitimur,</strong></span> <span class='ocrx_word' id='word_1_627' title='bbox 2676 3931 2825 3986; x_wconf 64' lang='lat' dir='ltr'><strong>saepe</strong></span> <span class='ocrx_word' id='word_1_628' title='bbox 2858 3916 3047 3969; x_wconf 88' lang='lat' dir='ltr'><strong>verius</strong></span> <span class='ocrx_word' id='word_1_629' title='bbox 3079 3917 3296 3970; x_wconf 92' lang='lat' dir='ltr'><strong>orando</strong></span> <span class='ocrx_word' id='word_1_630' title='bbox 3346 3929 3524 3986; x_wconf 91' lang='lat' dir='ltr'><strong>quam</strong></span> <span class='ocrx_word' id='word_1_631' title='bbox 3571 3913 3820 3968; x_wconf 86' lang='lat' dir='ltr'><strong>investi-</strong></span> 
     </span>
    </p>
   </div>
   <div class='ocr_carea' id='block_1_88' title="bbox 2111 4003 3816 4082">
    <p class='ocr_par' dir='ltr' id='par_1_88' title="bbox 2111 4003 3816 4082">
     <span class='ocr_line' id='line_1_88' title="bbox 2111 4003 3816 4082; baseline -0.006 -17"><span class='ocrx_word' id='word_1_632' title='bbox 2111 4009 2298 4082; x_wconf 86' lang='lat' dir='ltr'><strong>gando</strong></span> <span class='ocrx_word' id='word_1_633' title='bbox 2332 4014 2721 4080; x_wconf 89' lang='lat' dir='ltr'><strong>penetramue.</strong></span> <span class='ocrx_word' id='word_1_634' title='bbox 2765 4003 2907 4059; x_wconf 90' lang='lat' dir='ltr'><strong>Cum</strong></span> <span class='ocrx_word' id='word_1_635' title='bbox 2959 4003 3114 4060; x_wconf 90' lang='lat' dir='ltr'><strong>enim</strong></span> <span class='ocrx_word' id='word_1_636' title='bbox 3149 4020 3316 4059; x_wconf 90' lang='lat' dir='ltr'><strong>mens</strong></span> <span class='ocrx_word' id='word_1_637' title='bbox 3351 4019 3451 4074; x_wconf 90' lang='lat' dir='ltr'><strong>per</strong></span> <span class='ocrx_word' id='word_1_638' title='bbox 3497 4003 3816 4073; x_wconf 87' lang='lat' dir='ltr'><strong>quamdam</strong></span> 
     </span>
    </p>
   </div>
   <div class='ocr_carea' id='block_1_89' title="bbox 2109 4090 3818 4168">
    <p class='ocr_par' dir='ltr' id='par_1_89' title="bbox 2109 4090 3818 4168">
     <span class='ocr_line' id='line_1_89' title="bbox 2109 4090 3818 4168; baseline -0.006 -13"><span class='ocrx_word' id='word_1_639' title='bbox 2109 4094 2575 4168; x_wconf 89' lang='lat' dir='ltr'><strong>compunctionis</strong></span> <span class='ocrx_word' id='word_1_640' title='bbox 2592 4093 2920 4148; x_wconf 87' lang='lat' dir='ltr'><strong>machinam</strong></span> <span class='ocrx_word' id='word_1_641' title='bbox 2935 4094 3004 4147; x_wconf 90' lang='lat' dir='ltr'><strong>ad</strong></span> <span class='ocrx_word' id='word_1_642' title='bbox 3027 4093 3145 4147; x_wconf 90' lang='lat' dir='ltr'><strong>alta</strong></span> <span class='ocrx_word' id='word_1_643' title='bbox 3157 4090 3452 4146; x_wconf 89' lang='lat' dir='ltr'><strong>sustollitu</strong></span> <span class='ocrx_word' id='word_1_644' title='bbox 3463 4107 3508 4158; x_wconf 94' lang='lat' dir='ltr'><strong>r,</strong></span> <span class='ocrx_word' id='word_1_645' title='bbox 3532 4090 3610 4161; x_wconf 69' lang='grc' dir='ltr'><strong>(κ)</strong></span> <span class='ocrx_word' id='word_1_646' title='bbox 3624 4105 3818 4156; x_wconf 84' lang='lat' dir='ltr'><strong>omne,</strong></span> 
     </span>
    </p>
   </div>
   <div class='ocr_carea' id='block_1_90' title="bbox 2110 4179 3820 4258">
    <p class='ocr_par' dir='ltr' id='par_1_90' title="bbox 2110 4179 3820 4258">
     <span class='ocr_line' id='line_1_90' title="bbox 2110 4179 3820 4258; baseline -0.006 -14"><span class='ocrx_word' id='word_1_647' title='bbox 2110 4189 2262 4258; x_wconf 91' lang='lat' dir='ltr'><strong>quod</strong></span> <span class='ocrx_word' id='word_1_648' title='bbox 2297 4187 2347 4241; x_wconf 86' lang='lat' dir='ltr'><strong>ci</strong></span> <span class='ocrx_word' id='word_1_649' title='bbox 2380 4188 2449 4240; x_wconf 93' lang='lat' dir='ltr'><strong>de</strong></span> <span class='ocrx_word' id='word_1_650' title='bbox 2471 4201 2531 4240; x_wconf 89' lang='lat' dir='ltr'><strong>se</strong></span> <span class='ocrx_word' id='word_1_651' title='bbox 2562 4186 2685 4255; x_wconf 89' lang='lat' dir='ltr'><strong>ipsa</strong></span> <span class='ocrx_word' id='word_1_652' title='bbox 2711 4183 3046 4250; x_wconf 88' lang='lat' dir='ltr'><strong>occurrerit,</strong></span> <span class='ocrx_word' id='word_1_653' title='bbox 3070 4183 3179 4238; x_wconf 91' lang='lat' dir='ltr'><strong>sub</strong></span> <span class='ocrx_word' id='word_1_654' title='bbox 3204 4199 3266 4238; x_wconf 88' lang='lat' dir='ltr'><strong>se</strong></span> <span class='ocrx_word' id='word_1_655' title='bbox 3285 4181 3415 4253; x_wconf 89' lang='lat' dir='ltr'><strong>ipsa</strong></span> <span class='ocrx_word' id='word_1_656' title='bbox 3439 4179 3820 4251; x_wconf 85' lang='lat' dir='ltr'><strong>dijudicando</strong></span> 
     </span>
    </p>
   </div>
   <div class='ocr_carea' id='block_1_91' title="bbox 2108 4271 3743 4343">
    <p class='ocr_par' dir='ltr' id='par_1_91' title="bbox 2108 4271 3743 4343">
     <span class='ocr_line' id='line_1_91' title="bbox 2108 4271 3743 4343; baseline -0.006 -10"><span class='ocrx_word' id='word_1_657' title='bbox 2108 4277 2324 4334; x_wconf 87' lang='lat' dir='ltr'><strong>certius</strong></span> <span class='ocrx_word' id='word_1_658' title='bbox 2355 4272 2805 4343; x_wconf 89' lang='lat' dir='ltr'><strong>contemplatur.</strong></span> <span class='ocrx_word' id='word_1_659' title='bbox 2840 4272 3003 4328; x_wconf 90' lang='lat' dir='ltr'><strong>Unde</strong></span> <span class='ocrx_word' id='word_1_660' title='bbox 3042 4281 3094 4328; x_wconf 89' lang='lat' dir='ltr'><strong>et</strong></span> <span class='ocrx_word' id='word_1_661' title='bbox 3123 4277 3274 4328; x_wconf 88' lang='lat' dir='ltr'><strong>recte</strong></span> <span class='ocrx_word' id='word_1_662' title='bbox 3319 4271 3743 4343; x_wconf 87' lang='lat' dir='ltr'><strong>subjungitur:</strong></span> 
     </span>
    </p>
   </div>
   <div class='ocr_carea' id='block_1_92' title="bbox 2565 4362 3420 4434">
    <p class='ocr_par' dir='ltr' id='par_1_92' title="bbox 2565 4362 3420 4434">
     <span class='ocr_line' id='line_1_92' title="bbox 2565 4362 3420 4434; baseline -0.002 -17"><span class='ocrx_word' id='word_1_663' title='bbox 2565 4362 2797 4418; x_wconf 88' lang='lat' dir='ltr'>CAPUT</span> <span class='ocrx_word' id='word_1_664' title='bbox 2830 4362 3020 4417; x_wconf 88' lang='lat' dir='ltr'><strong>XXXV</strong></span> <span class='ocrx_word' id='word_1_665' title='bbox 3043 4364 3188 4434; x_wconf 62' lang='lat' dir='ltr'><strong>[Rea</strong></span> <span class='ocrx_word' id='word_1_666' title='bbox 3211 4362 3420 4432; x_wconf 83' lang='lat' dir='ltr'><strong>XVIII].</strong></span> 
     </span>
    </p>
   </div>
   <div class='ocr_carea' id='block_1_93' title="bbox 2176 4450 3822 4524">
    <p class='ocr_par' dir='ltr' id='par_1_93' title="bbox 2176 4450 3822 4524">
     <span class='ocr_line' id='line_1_93' title="bbox 2176 4450 3822 4524; baseline -0.005 -12"><span class='ocrx_word' id='word_1_667' title='bbox 2176 4458 2320 4512; x_wconf 79' lang='lat' dir='ltr'><strong>Isin.</strong></span> <span class='ocrx_word' id='word_1_668' title='bbox 2361 4486 2425 4495; x_wconf 93' lang='lat'><strong><em>—</em></strong></span> <span class='ocrx_word' id='word_1_669' title='bbox 2460 4454 2906 4524; x_wconf 87' lang='lat' dir='ltr'><strong>Consurgensque</strong></span> <span class='ocrx_word' id='word_1_670' title='bbox 2935 4452 3182 4508; x_wconf 84' lang='lat' dir='ltr'><strong>diluculo</strong></span> <span class='ocrx_word' id='word_1_671' title='bbox 3209 4453 3470 4523; x_wconf 73' lang='lat' dir='ltr'><strong>offerebat</strong></span> <span class='ocrx_word' id='word_1_672' title='bbox 3496 4450 3822 4506; x_wconf 85' lang='lat' dir='ltr'><strong>holocausta</strong></span> 
     </span>
    </p>
   </div>
   <div class='ocr_carea' id='block_1_94' title="bbox 290 4540 2494 4618">
    <p class='ocr_par' dir='ltr' id='par_1_94' title="bbox 290 4540 2494 4618">
     <span class='ocr_line' id='line_1_94' title="bbox 290 4540 2494 4618; baseline -0.002 -17"><span class='ocrx_word' id='word_1_673' title='bbox 290 4547 416 4616; x_wconf 90' lang='lat' dir='ltr'><strong>ipse</strong></span> <span class='ocrx_word' id='word_1_674' title='bbox 451 4543 566 4598; x_wconf 88' lang='lat' dir='ltr'><strong>nisi</strong></span> <span class='ocrx_word' id='word_1_675' title='bbox 599 4543 706 4598; x_wconf 90' lang='lat' dir='ltr'><strong>has</strong></span> <span class='ocrx_word' id='word_1_676' title='bbox 729 4542 904 4597; x_wconf 89' lang='lat' dir='ltr'><strong>etiam</strong></span> <span class='ocrx_word' id='word_1_677' title='bbox 928 4542 1168 4598; x_wconf 87' lang='lat' dir='ltr'><strong>virtutes</strong></span> <span class='ocrx_word' id='word_1_678' title='bbox 1190 4542 1477 4614; x_wconf 88' lang='lat' dir='ltr'><strong>habuerit,</strong></span> <span class='ocrx_word' id='word_1_679' title='bbox 1503 4545 1571 4598; x_wconf 91' lang='lat' dir='ltr'><strong>ad</strong></span> <span class='ocrx_word' id='word_1_680' title='bbox 1605 4545 1832 4600; x_wconf 91' lang='lat' dir='ltr'><strong>nullum</strong></span> <span class='ocrx_word' id='word_1_681' title='bbox 1854 4561 2000 4617; x_wconf 88' lang='lat' dir='ltr'><strong>opus</strong></span> <span class='ocrx_word' id='word_1_682' title='bbox 2034 4540 2078 4604; x_wconf 88' lang='lat' dir='ltr'><strong>D</strong></span> <span class='ocrx_word' id='word_1_683' title='bbox 2109 4563 2204 4618; x_wconf 81' lang='lat' dir='ltr'><strong>per</strong></span> <span class='ocrx_word' id='word_1_684' title='bbox 2233 4545 2494 4616; x_wconf 82' lang='lat' dir='ltr'><strong>singulos.</strong></span> 
     </span>
    </p>
   </div>
   <div class='ocr_carea' id='block_1_95' title="bbox 288 4631 1986 4708">
    <p class='ocr_par' dir='ltr' id='par_1_95' title="bbox 288 4631 1986 4708">
     <span class='ocr_line' id='line_1_95' title="bbox 288 4631 1986 4708; baseline 0.001 -19"><span class='ocrx_word' id='word_1_685' title='bbox 288 4633 491 4708; x_wconf 88' lang='lat' dir='ltr'><strong>procul</strong></span> <span class='ocrx_word' id='word_1_686' title='bbox 531 4633 704 4688; x_wconf 90' lang='lat' dir='ltr'><strong>dubio</strong></span> <span class='ocrx_word' id='word_1_687' title='bbox 757 4633 917 4687; x_wconf 71' lang='lat' dir='ltr'><strong>bonis</strong></span> <span class='ocrx_word' id='word_1_688' title='bbox 967 4631 1217 4687; x_wconf 86' lang='lat' dir='ltr'><strong>actionis</strong></span> <span class='ocrx_word' id='word_1_689' title='bbox 1259 4633 1496 4706; x_wconf 85' lang='lat' dir='ltr'><strong>surgit;</strong></span> <span class='ocrx_word' id='word_1_690' title='bbox 1549 4636 1684 4704; x_wconf 90' lang='lat' dir='ltr'><strong>quia</strong></span> <span class='ocrx_word' id='word_1_691' title='bbox 1731 4637 1872 4691; x_wconf 91' lang='lat' dir='ltr'><strong>dum</strong></span> <span class='ocrx_word' id='word_1_692' title='bbox 1919 4638 1986 4691; x_wconf 89' lang='lat' dir='ltr'><strong>ad</strong></span> 
     </span>
    </p>
   </div>
   <div class='ocr_carea' id='block_1_96' title="bbox 2170 4629 3820 4703">
    <p class='ocr_par' dir='ltr' id='par_1_96' title="bbox 2170 4629 3820 4703">
     <span class='ocr_line' id='line_1_96' title="bbox 2170 4629 3820 4703; baseline -0.005 -13"><span class='ocrx_word' id='word_1_693' title='bbox 2170 4637 2257 4690; x_wconf 75' lang='grc'><strong>48.</strong></span> <span class='ocrx_word' id='word_1_694' title='bbox 2292 4636 2675 4690; x_wconf 84' lang='lat' dir='ltr'><strong>Holocaustum</strong></span> <span class='ocrx_word' id='word_1_695' title='bbox 2706 4635 2884 4702; x_wconf 85' lang='lat' dir='ltr'><strong>precis</strong></span> <span class='ocrx_word' id='word_1_696' title='bbox 2912 4648 3010 4703; x_wconf 89' lang='lat' dir='ltr'><strong>pro</strong></span> <span class='ocrx_word' id='word_1_697' title='bbox 3057 4631 3294 4703; x_wconf 85' lang='lat' dir='ltr'><strong>singulis</strong></span> <span class='ocrx_word' id='word_1_698' title='bbox 3343 4629 3640 4686; x_wconf 86' lang='lat' dir='ltr'><strong>virtutibus</strong></span> <span class='ocrx_word' id='word_1_699' title='bbox 3674 4645 3820 4699; x_wconf 88' lang='lat' dir='ltr'><strong>pur-</strong></span> 
     </span>
    </p>
   </div>
   <div class='ocr_carea' id='block_1_97' title="bbox 288 4720 3815 4798">
    <p class='ocr_par' dir='ltr' id='par_1_97' title="bbox 288 4720 3815 4798">
     <span class='ocr_line' id='line_1_97' title="bbox 288 4720 3815 4798; baseline -0.002 -18"><span class='ocrx_word' id='word_1_700' title='bbox 288 4728 496 4780; x_wconf 89' lang='lat' dir='ltr'><strong>cuncta</strong></span> <span class='ocrx_word' id='word_1_701' title='bbox 532 4722 778 4793; x_wconf 89' lang='lat' dir='ltr'><strong>trepidat</strong></span> <span class='ocrx_word' id='word_1_702' title='bbox 824 4720 951 4791; x_wconf 89' lang='lat' dir='ltr'><strong>ipsa</strong></span> <span class='ocrx_word' id='word_1_703' title='bbox 984 4737 1090 4775; x_wconf 92' lang='lat' dir='ltr'><strong>sua</strong></span> <span class='ocrx_word' id='word_1_704' title='bbox 1121 4721 1430 4777; x_wconf 81' lang='lat' dir='ltr'><strong>formidine</strong></span> <span class='ocrx_word' id='word_1_705' title='bbox 1463 4741 1495 4777; x_wconf 86' lang='lat' dir='ltr'><strong>a</strong></span> <span class='ocrx_word' id='word_1_706' title='bbox 1521 4724 1689 4780; x_wconf 90' lang='lat' dir='ltr'><strong>bonis</strong></span> <span class='ocrx_word' id='word_1_707' title='bbox 1712 4726 1986 4781; x_wconf 88' lang='lat' dir='ltr'><strong>omnibus</strong></span> <span class='ocrx_word' id='word_1_708' title='bbox 2093 4725 2289 4798; x_wconf 83' lang='lat' dir='ltr'><strong>gandis</strong></span> <span class='ocrx_word' id='word_1_709' title='bbox 2310 4723 2661 4796; x_wconf 85' lang='lat' dir='ltr'><strong>oﬂerendum.</strong></span> <span class='ocrx_word' id='word_1_710' title='bbox 2702 4753 2765 4763; x_wconf 78' lang='lat'><strong>—~</strong></span> <span class='ocrx_word' id='word_1_711' title='bbox 2797 4721 3064 4778; x_wconf 89' lang='lat' dir='ltr'><strong>Diluculo</strong></span> <span class='ocrx_word' id='word_1_712' title='bbox 3095 4737 3347 4792; x_wconf 89' lang='lat' dir='ltr'><strong>namque</strong></span> <span class='ocrx_word' id='word_1_713' title='bbox 3367 4720 3815 4790; x_wconf 90' lang='lat' dir='ltr'><strong>consurgimus,</strong></span> 
     </span>
    </p>
   </div>
   <div class='ocr_carea' id='block_1_98' title="bbox 285 4810 1990 4886">
    <p class='ocr_par' dir='ltr' id='par_1_98' title="bbox 285 4810 1990 4886">
     <span class='ocr_line' id='line_1_98' title="bbox 285 4810 1990 4886; baseline 0.002 -16"><span class='ocrx_word' id='word_1_714' title='bbox 285 4821 525 4886; x_wconf 88' lang='lat' dir='ltr'><strong>torpens</strong></span> <span class='ocrx_word' id='word_1_715' title='bbox 556 4815 734 4867; x_wconf 89' lang='lat' dir='ltr'><strong>vacat.</strong></span> <span class='ocrx_word' id='word_1_716' title='bbox 768 4810 914 4874; x_wconf 87' lang='lat' dir='ltr'><strong>Quia</strong></span> <span class='ocrx_word' id='word_1_717' title='bbox 943 4825 1079 4881; x_wconf 85' lang='lat' dir='ltr'><strong>ergo</strong></span> <span class='ocrx_word' id='word_1_718' title='bbox 1129 4811 1412 4868; x_wconf 89' lang='lat' dir='ltr'><strong>alternato</strong></span> <span class='ocrx_word' id='word_1_719' title='bbox 1446 4813 1774 4870; x_wconf 88' lang='lat' dir='ltr'><strong>ministerio</strong></span> <span class='ocrx_word' id='word_1_720' title='bbox 1807 4815 1990 4873; x_wconf 87' lang='lat' dir='ltr'><strong>virtus</strong></span> 
     </span>
    </p>
   </div>
   <div class='ocr_carea' id='block_1_99' title="bbox 288 4898 1988 4973">
    <p class='ocr_par' dir='ltr' id='par_1_99' title="bbox 288 4898 1988 4973">
     <span class='ocr_line' id='line_1_99' title="bbox 288 4898 1988 4973; baseline -0.001 -13"><span class='ocrx_word' id='word_1_721' title='bbox 288 4921 320 4960; x_wconf 89' lang='lat' dir='ltr'><strong>a</strong></span> <span class='ocrx_word' id='word_1_722' title='bbox 349 4905 559 4960; x_wconf 88' lang='lat' dir='ltr'><strong>virtute</strong></span> <span class='ocrx_word' id='word_1_723' title='bbox 606 4900 882 4964; x_wconf 89' lang='lat' dir='ltr'><strong>reﬁcitur,</strong></span> <span class='ocrx_word' id='word_1_724' title='bbox 937 4904 1090 4956; x_wconf 89' lang='lat' dir='ltr'><strong>recte</strong></span> <span class='ocrx_word' id='word_1_725' title='bbox 1131 4898 1343 4955; x_wconf 86' lang='lat' dir='ltr'><strong>dicitur</strong></span> <span class='ocrx_word' id='word_1_726' title='bbox 1390 4903 1539 4973; x_wconf 90' lang='lat' dir='ltr'><strong>quod</strong></span> <span class='ocrx_word' id='word_1_727' title='bbox 1591 4905 1742 4972; x_wconf 90' lang='lat' dir='ltr'><strong>apud</strong></span> <span class='ocrx_word' id='word_1_728' title='bbox 1775 4921 1837 4959; x_wconf 89' lang='lat' dir='ltr'><strong>se</strong></span> <span class='ocrx_word' id='word_1_729' title='bbox 1887 4905 1988 4959; x_wconf 91' lang='lat' dir='ltr'><strong>ﬁlii</strong></span> 
     </span>
    </p>
   </div>
   <div class='ocr_carea' id='block_1_100' title="bbox 279 4989 1989 5060">
    <p class='ocr_par' dir='ltr' id='par_1_100' title="bbox 279 4989 1989 5060">
     <span class='ocr_line' id='line_1_100' title="bbox 279 4989 1989 5060; baseline -0.001 -10"><span class='ocrx_word' id='word_1_730' title='bbox 279 4991 538 5050; x_wconf 89' lang='lat' dir='ltr'><strong>vicissim</strong></span> <span class='ocrx_word' id='word_1_731' title='bbox 570 4989 966 5049; x_wconf 86' lang='lat' dir='ltr'><strong>convivantur.</strong></span> <span class='ocrx_word' id='word_1_732' title='bbox 997 4991 1256 5060; x_wconf 90' lang='lat' dir='ltr'><strong>Cumque</strong></span> <span class='ocrx_word' id='word_1_733' title='bbox 1297 5005 1411 5044; x_wconf 90' lang='lat' dir='ltr'><strong>una</strong></span> <span class='ocrx_word' id='word_1_734' title='bbox 1442 4991 1612 5045; x_wconf 88' lang='lat' dir='ltr'><strong>aliam</strong></span> <span class='ocrx_word' id='word_1_735' title='bbox 1636 4992 1989 5049; x_wconf 87' lang='lat' dir='ltr'><strong>sublevando</strong></span> 
     </span>
    </p>
   </div>
   <div class='ocr_carea' id='block_1_101' title="bbox 357 5217 1988 5288">
    <p class='ocr_par' dir='ltr' id='par_1_101' title="bbox 357 5217 1988 5288">
     <span class='ocr_line' id='line_1_101' title="bbox 357 5217 1988 5288; baseline 0.002 -18"><span class='ocrx_word' id='word_1_736' title='bbox 357 5221 432 5288; x_wconf 73' lang='grc' dir='ltr'><strong>(α)</strong></span> <span class='ocrx_word' id='word_1_737' title='bbox 463 5219 762 5272; x_wconf 87' lang='lat' dir='ltr'><strong>Secundus</strong></span> <span class='ocrx_word' id='word_1_738' title='bbox 788 5217 973 5285; x_wconf 81' lang='lat' dir='ltr'><strong>Rem.,</strong></span> <span class='ocrx_word' id='word_1_739' title='bbox 1001 5218 1025 5273; x_wconf 89' lang='grc'><strong>1</strong></span> <span class='ocrx_word' id='word_1_740' title='bbox 1054 5217 1278 5286; x_wconf 82' lang='lat' dir='ltr'><strong>Remig.</strong></span> <span class='ocrx_word' id='word_1_741' title='bbox 1305 5217 1473 5272; x_wconf 88' lang='lat' dir='ltr'><strong>Corh.</strong></span> <span class='ocrx_word' id='word_1_742' title='bbox 1497 5221 1554 5272; x_wconf 92' lang='lat' dir='ltr'><strong>et</strong></span> <span class='ocrx_word' id='word_1_743' title='bbox 1587 5217 1988 5288; x_wconf 68' lang='lat' dir='ltr'><strong>Germ.,juzta</strong></span> 
     </span>
    </p>
   </div>
   <div class='ocr_carea' id='block_1_102' title="bbox 283 5289 1984 5415">
    <p class='ocr_par' dir='ltr' id='par_1_102' title="bbox 283 5289 1984 5415">
     <span class='ocr_line' id='line_1_102' title="bbox 283 5289 1984 5415; baseline 0.002 -73"><span class='ocrx_word' id='word_1_744' title='bbox 283 5289 527 5415; x_wconf 56' lang='grc' dir='ltr'><strong>ῗιὸοἱίῡυπι,</strong></span> <span class='ocrx_word' id='word_1_745' title='bbox 569 5291 857 5358; x_wconf 78' lang='lat' dir='ltr'><strong>propriam</strong></span> <span class='ocrx_word' id='word_1_746' title='bbox 903 5296 1147 5344; x_wconf 78' lang='lat' dir='ltr'><strong>mentem</strong></span> <span class='ocrx_word' id='word_1_747' title='bbox 1177 5297 1426 5360; x_wconf 73' lang='lat' dir='ltr'><strong>pascunt.</strong></span> <span class='ocrx_word' id='word_1_748' title='bbox 1483 5289 1565 5344; x_wconf 88' lang='lat' dir='ltr'><strong>lta</strong></span> <span class='ocrx_word' id='word_1_749' title='bbox 1610 5289 1757 5344; x_wconf 89' lang='lat' dir='ltr'><strong>Edit.</strong></span> <span class='ocrx_word' id='word_1_750' title='bbox 1804 5292 1984 5347; x_wconf 87' lang='lat' dir='ltr'><strong>Paris.</strong></span> 
     </span>
    </p>
   </div>
   <div class='ocr_carea' id='block_1_103' title="bbox 359 5426 1914 5502">
    <p class='ocr_par' dir='ltr' id='par_1_103' title="bbox 359 5426 1914 5502">
     <span class='ocr_line' id='line_1_103' title="bbox 359 5426 1914 5502; baseline 0.003 -18"><span class='ocrx_word' id='word_1_751' title='bbox 359 5431 437 5502; x_wconf 79' lang='grc' dir='ltr'><strong>(ὁ)</strong></span> <span class='ocrx_word' id='word_1_752' title='bbox 470 5426 701 5502; x_wconf 61' lang='lat' dir='ltr'><strong>Primus</strong></span> <span class='ocrx_word' id='word_1_753' title='bbox 730 5429 978 5502; x_wconf 69' lang='lat' dir='ltr'><strong>Bemig.,</strong></span> <span class='ocrx_word' id='word_1_754' title='bbox 1009 5436 1060 5486; x_wconf 90' lang='lat' dir='ltr'><strong>et</strong></span> <span class='ocrx_word' id='word_1_755' title='bbox 1094 5431 1247 5486; x_wconf 82' lang='lat' dir='ltr'><strong>valde</strong></span> <span class='ocrx_word' id='word_1_756' title='bbox 1275 5433 1542 5502; x_wconf 82' lang='lat' dir='ltr'><strong>fortitudo</strong></span> <span class='ocrx_word' id='word_1_757' title='bbox 1573 5433 1914 5489; x_wconf 81' lang='lat' dir='ltr'><strong>destituitur.</strong></span> 
     </span>
    </p>
   </div>
   <div class='ocr_carea' id='block_1_104' title="bbox 357 5498 1985 5582">
    <p class='ocr_par' dir='ltr' id='par_1_104' title="bbox 357 5498 1985 5582">
     <span class='ocr_line' id='line_1_104' title="bbox 357 5498 1985 5582; baseline 0.005 -28"><span class='ocrx_word' id='word_1_758' title='bbox 357 5498 696 5582; x_wconf 42' lang='lat' dir='ltr'><strong>(c).0mnc_s,</strong></span> <span class='ocrx_word' id='word_1_759' title='bbox 730 5498 926 5582; x_wconf 43' lang='lat' dir='ltr'><strong>Rem,</strong></span> <span class='ocrx_word' id='word_1_760' title='bbox 965 5503 1206 5582; x_wconf 60' lang='lat' dir='ltr'><strong>Remig,</strong></span> <span class='ocrx_word' id='word_1_761' title='bbox 1231 5498 1488 5582; x_wconf 77' lang='lat' dir='ltr'><strong>Longip.,</strong></span> <span class='ocrx_word' id='word_1_762' title='bbox 1524 5505 1717 5582; x_wconf 78' lang='lat' dir='ltr'><strong>Corb.,</strong></span> <span class='ocrx_word' id='word_1_763' title='bbox 1767 5506 1985 5582; x_wconf 88' lang='lat' dir='ltr'><strong>Germ.,</strong></span> 
     </span>
    </p>
   </div>
   <div class='ocr_carea' id='block_1_105' title="bbox 286 5573 1985 5641">
    <p class='ocr_par' dir='ltr' id='par_1_105' title="bbox 286 5573 1985 5641">
     <span class='ocr_line' id='line_1_105' title="bbox 286 5573 1985 5641; baseline 0.004 -15"><span class='ocrx_word' id='word_1_764' title='bbox 286 5573 537 5630; x_wconf 87' lang='lat' dir='ltr'><strong>Ebroic..</strong></span> <span class='ocrx_word' id='word_1_765' title='bbox 603 5575 762 5624; x_wconf 90' lang='lat' dir='ltr'><strong>etc.:</strong></span> <span class='ocrx_word' id='word_1_766' title='bbox 820 5573 1004 5636; x_wconf 85' lang='lat' dir='ltr'><strong>Spem,</strong></span> <span class='ocrx_word' id='word_1_767' title='bbox 1069 5573 1224 5640; x_wconf 76' lang='lat' dir='ltr'><strong>ﬁdem</strong></span> <span class='ocrx_word' id='word_1_768' title='bbox 1283 5580 1332 5628; x_wconf 85' lang='lat' dir='ltr'><strong>et</strong></span> <span class='ocrx_word' id='word_1_769' title='bbox 1392 5577 1720 5633; x_wconf 84' lang='lat' dir='ltr'><strong>charitatem</strong></span> <span class='ocrx_word' id='word_1_770' title='bbox 1783 5581 1985 5641; x_wconf 83' lang='lat' dir='ltr'><strong>sciunt,</strong></span> 
     </span>
    </p>
   </div>
   <div class='ocr_carea' id='block_1_106' title="bbox 284 5644 1985 5723">
    <p class='ocr_par' dir='ltr' id='par_1_106' title="bbox 284 5644 1985 5723">
     <span class='ocr_line' id='line_1_106' title="bbox 284 5644 1985 5723; baseline 0.004 -25"><span class='ocrx_word' id='word_1_771' title='bbox 284 5644 449 5723; x_wconf 70' lang='lat' dir='ltr'><strong>quasi</strong></span> <span class='ocrx_word' id='word_1_772' title='bbox 517 5645 855 5723; x_wconf 37' lang='lat' dir='ltr'><strong>.operatores,</strong></span> <span class='ocrx_word' id='word_1_773' title='bbox 904 5646 1012 5723; x_wconf 75' lang='lat' dir='ltr'><strong>e_tc_.</strong></span> <span class='ocrx_word' id='word_1_774' title='bbox 1073 5646 1299 5723; x_wconf 80' lang='lat' dir='ltr'><strong>Carnot.</strong></span> <span class='ocrx_word' id='word_1_775' title='bbox 1337 5646 1530 5703; x_wconf 88' lang='lat' dir='ltr'><strong>habet.</strong></span> <span class='ocrx_word' id='word_1_776' title='bbox 1565 5651 1792 5723; x_wconf 16' lang='lat' dir='ltr'><strong>:AS‘pem,</strong></span> <span class='ocrx_word' id='word_1_777' title='bbox 1828 5651 1985 5723; x_wconf 84' lang='lat' dir='ltr'><strong>ﬁdem</strong></span> 
     </span>
    </p>
   </div>
   <div class='ocr_carea' id='block_1_107' title="bbox 286 5715 1988 5793">
    <p class='ocr_par' dir='ltr' id='par_1_107' title="bbox 286 5715 1988 5793">
     <span class='ocr_line' id='line_1_107' title="bbox 286 5715 1988 5793; baseline 0.002 -22"><span class='ocrx_word' id='word_1_778' title='bbox 286 5715 343 5793; x_wconf 74' lang='lat' dir='ltr'><strong>et</strong></span> <span class='ocrx_word' id='word_1_779' title='bbox 366 5715 701 5793; x_wconf 68' lang='lat' dir='ltr'><strong>charitatem</strong></span> <span class='ocrx_word' id='word_1_780' title='bbox 741 5715 957 5793; x_wconf 84' lang='lat' dir='ltr'><strong>sitiunt.</strong></span> <span class='ocrx_word' id='word_1_781' title='bbox 990 5716 1543 5793; x_wconf 70' lang='lat' dir='ltr'><strong>Lugendum,_spem,</strong></span> <span class='ocrx_word' id='word_1_782' title='bbox 1575 5715 1735 5789; x_wconf 80' lang='lat' dir='ltr'><strong>ﬁdem</strong></span> <span class='ocrx_word' id='word_1_783' title='bbox 1766 5715 1988 5777; x_wconf 48' lang='lat' dir='ltr'><strong>et&#39;cha-</strong></span> 
     </span>
    </p>
   </div>
   <div class='ocr_carea' id='block_1_108' title="bbox 288 5786 1984 5856">
    <p class='ocr_par' dir='ltr' id='par_1_108' title="bbox 288 5786 1984 5856">
     <span class='ocr_line' id='line_1_108' title="bbox 288 5786 1984 5856; baseline 0.003 -13"><span class='ocrx_word' id='word_1_784' title='bbox 288 5790 518 5844; x_wconf 84' lang='lat' dir='ltr'><strong>ritatem</strong></span> <span class='ocrx_word' id='word_1_785' title='bbox 548 5786 720 5852; x_wconf 85' lang='lat' dir='ltr'><strong>ciunt,</strong></span> <span class='ocrx_word' id='word_1_786' title='bbox 754 5801 786 5838; x_wconf 89' lang='lat' dir='ltr'><strong>a</strong></span> <span class='ocrx_word' id='word_1_787' title='bbox 817 5787 894 5839; x_wconf 84' lang='lat' dir='ltr'><strong>cio</strong></span> <span class='ocrx_word' id='word_1_788' title='bbox 924 5799 1080 5839; x_wconf 89' lang='lat' dir='ltr'><strong>voco.</strong></span> <span class='ocrx_word' id='word_1_789' title='bbox 1110 5786 1259 5840; x_wconf 88' lang='lat' dir='ltr'><strong>Sane</strong></span> <span class='ocrx_word' id='word_1_790' title='bbox 1286 5786 1600 5856; x_wconf 79' lang='lat' dir='ltr'><strong>[ulciuntur</strong></span> <span class='ocrx_word' id='word_1_791' title='bbox 1644 5793 1838 5847; x_wconf 88' lang='lat' dir='ltr'><strong>minus</strong></span> <span class='ocrx_word' id='word_1_792' title='bbox 1865 5808 1984 5849; x_wconf 87' lang='lat' dir='ltr'><strong>res-</strong></span> 
     </span>
    </p>
   </div>
   <div class='ocr_carea' id='block_1_109' title="bbox 2098 4810 3818 4884">
    <p class='ocr_par' dir='ltr' id='par_1_109' title="bbox 2098 4810 3818 4884">
     <span class='ocr_line' id='line_1_109' title="bbox 2098 4810 3818 4884; baseline -0.005 -12"><span class='ocrx_word' id='word_1_793' title='bbox 2098 4832 2232 4872; x_wconf 88' lang='lat' dir='ltr'><strong>cum</strong></span> <span class='ocrx_word' id='word_1_794' title='bbox 2265 4813 2732 4884; x_wconf 87' lang='lat' dir='ltr'><strong>compunctionis</strong></span> <span class='ocrx_word' id='word_1_795' title='bbox 2759 4812 2888 4868; x_wconf 88' lang='lat' dir='ltr'><strong>luce</strong></span> <span class='ocrx_word' id='word_1_796' title='bbox 2920 4811 3134 4883; x_wconf 81' lang='lat' dir='ltr'><strong>perfusi</strong></span> <span class='ocrx_word' id='word_1_797' title='bbox 3176 4810 3564 4868; x_wconf 87' lang='lat' dir='ltr'><strong>humanitatis</strong></span> <span class='ocrx_word' id='word_1_798' title='bbox 3595 4815 3818 4865; x_wconf 60' lang='lat' dir='ltr'><strong>nostra</strong></span> 
     </span>
    </p>
   </div>
   <div class='ocr_carea' id='block_1_110' title="bbox 2097 4897 3818 4970">
    <p class='ocr_par' dir='ltr' id='par_1_110' title="bbox 2097 4897 3818 4970">
     <span class='ocr_line' id='line_1_110' title="bbox 2097 4897 3818 4970; baseline -0.005 -9"><span class='ocrx_word' id='word_1_799' title='bbox 2097 4910 2324 4961; x_wconf 88' lang='lat' dir='ltr'><strong>noctem</strong></span> <span class='ocrx_word' id='word_1_800' title='bbox 2355 4903 2696 4970; x_wconf 86' lang='lat' dir='ltr'><strong>deserimus,</strong></span> <span class='ocrx_word' id='word_1_801' title='bbox 2731 4906 2786 4959; x_wconf 92' lang='lat' dir='ltr'><strong>et</strong></span> <span class='ocrx_word' id='word_1_802' title='bbox 2818 4903 2887 4958; x_wconf 89' lang='lat' dir='ltr'><strong>ad</strong></span> <span class='ocrx_word' id='word_1_803' title='bbox 2921 4901 3036 4958; x_wconf 90' lang='lat' dir='ltr'><strong>veri</strong></span> <span class='ocrx_word' id='word_1_804' title='bbox 3058 4901 3300 4957; x_wconf 90' lang='lat' dir='ltr'><strong>luminis</strong></span> <span class='ocrx_word' id='word_1_805' title='bbox 3340 4900 3557 4966; x_wconf 87' lang='lat' dir='ltr'><strong>radios,</strong></span> <span class='ocrx_word' id='word_1_806' title='bbox 3613 4897 3818 4954; x_wconf 88' lang='lat' dir='ltr'><strong>oculos</strong></span> 
     </span>
    </p>
   </div>
   <div class='ocr_carea' id='block_1_111' title="bbox 2098 4987 3812 5065">
    <p class='ocr_par' dir='ltr' id='par_1_111' title="bbox 2098 4987 3812 5065">
     <span class='ocr_line' id='line_1_111' title="bbox 2098 4987 3812 5065; baseline -0.004 -17"><span class='ocrx_word' id='word_1_807' title='bbox 2098 4995 2308 5050; x_wconf 87' lang='lat' dir='ltr'><strong>mentis</strong></span> <span class='ocrx_word' id='word_1_808' title='bbox 2343 4993 2658 5065; x_wconf 89' lang='lat' dir='ltr'><strong>aperimus.</strong></span> <span class='ocrx_word' id='word_1_809' title='bbox 2701 4994 2891 5064; x_wconf 85' lang='lat' dir='ltr'><strong>Atque</strong></span> <span class='ocrx_word' id='word_1_810' title='bbox 2931 4991 3339 5049; x_wconf 86' lang='lat' dir='ltr'><strong>holocaustum</strong></span> <span class='ocrx_word' id='word_1_811' title='bbox 3392 5006 3495 5062; x_wconf 89' lang='lat' dir='ltr'><strong>per</strong></span> <span class='ocrx_word' id='word_1_812' title='bbox 3543 4987 3812 5060; x_wconf 88' lang='lat' dir='ltr'><strong>singulos</strong></span> 
     </span>
    </p>
   </div>
   <div class='ocr_carea' id='block_1_112' title="bbox 2098 5223 2842 5297">
    <p class='ocr_par' dir='ltr' id='par_1_112' title="bbox 2098 5223 2842 5297">
     <span class='ocr_line' id='line_1_112' title="bbox 2098 5223 2842 5297; baseline -0.004 -18"><span class='ocrx_word' id='word_1_813' title='bbox 2098 5223 2507 5297; x_wconf 83' lang='lat' dir='ltr'><strong>ponde_t_verho</strong></span> <span class='ocrx_word' id='word_1_814' title='bbox 2561 5223 2842 5278; x_wconf 86' lang='lat' dir='ltr'><strong>vocabant.</strong></span> 
     </span>
    </p>
   </div>
   <div class='ocr_carea' id='block_1_113' title="bbox 2169 5293 3706 5376">
    <p class='ocr_par' dir='ltr' id='par_1_113' title="bbox 2169 5293 3706 5376">
     <span class='ocr_line' id='line_1_113' title="bbox 2169 5293 3706 5376; baseline -0.001 -28"><span class='ocrx_word' id='word_1_815' title='bbox 2169 5295 2244 5376; x_wconf 37' lang='lat' dir='ltr'><strong>(Id)</strong></span> <span class='ocrx_word' id='word_1_816' title='bbox 2266 5295 2561 5376; x_wconf 44' lang='lat' dir='ltr'><strong>&#39;Ms_s._fere</strong></span> <span class='ocrx_word' id='word_1_817' title='bbox 2586 5310 2814 5376; x_wconf 42' lang='lat' dir='ltr'><strong>omn-es,</strong></span> <span class='ocrx_word' id='word_1_818' title='bbox 2849 5296 3010 5376; x_wconf 79' lang='lat' dir='ltr'><strong>quasi</strong></span> <span class='ocrx_word' id='word_1_819' title='bbox 3027 5309 3108 5376; x_wconf 9' lang='lat' dir='ltr'><strong>rex</strong></span> <span class='ocrx_word' id='word_1_820' title='bbox 3134 5293 3706 5376; x_wconf 40' lang='grc' dir='ltr'><strong>ροσιιιο,ἀειζι-ἱιιγιηιςἶ</strong></span> 
     </span>
    </p>
   </div>
   <div class='ocr_carea' id='block_1_114' title="bbox 2169 5364 3800 5448">
    <p class='ocr_par' dir='ltr' id='par_1_114' title="bbox 2169 5364 3800 5448">
     <span class='ocr_line' id='line_1_114' title="bbox 2169 5364 3800 5448; baseline -0.003 -28"><span class='ocrx_word' id='word_1_821' title='bbox 2169 5367 2241 5448; x_wconf 72' lang='lat' dir='ltr'><strong>(c)</strong></span> <span class='ocrx_word' id='word_1_822' title='bbox 2266 5366 2326 5420; x_wconf 89' lang='lat' dir='ltr'><strong>In</strong></span> <span class='ocrx_word' id='word_1_823' title='bbox 2362 5367 2509 5448; x_wconf 62' lang='lat' dir='ltr'><strong>Edit:</strong></span> <span class='ocrx_word' id='word_1_824' title='bbox 2545 5366 2636 5422; x_wconf 91' lang='lat' dir='ltr'><strong>hic</strong></span> <span class='ocrx_word' id='word_1_825' title='bbox 2666 5364 2899 5448; x_wconf 63' lang='lat' dir='ltr'><strong>additur</strong></span> <span class='ocrx_word' id='word_1_826' title='bbox 2928 5364 3169 5448; x_wconf 67' lang='lat' dir='ltr'><strong>virtutes,</strong></span> <span class='ocrx_word' id='word_1_827' title='bbox 3202 5365 3356 5438; x_wconf 90' lang='lat' dir='ltr'><strong>quod</strong></span> <span class='ocrx_word' id='word_1_828' title='bbox 3402 5366 3569 5420; x_wconf 88' lang='lat' dir='ltr'><strong>abest</strong></span> <span class='ocrx_word' id='word_1_829' title='bbox 3601 5381 3634 5420; x_wconf 89' lang='lat' dir='ltr'><strong>a</strong></span> <span class='ocrx_word' id='word_1_830' title='bbox 3661 5364 3800 5418; x_wconf 84' lang='lat' dir='ltr'><strong>Mss.</strong></span> 
     </span>
    </p>
   </div>
   <div class='ocr_carea' id='block_1_115' title="bbox 2097 5437 3282 5506">
    <p class='ocr_par' dir='ltr' id='par_1_115' title="bbox 2097 5437 3282 5506">
     <span class='ocr_line' id='line_1_115' title="bbox 2097 5437 3282 5506; baseline 0 -14"><span class='ocrx_word' id='word_1_831' title='bbox 2097 5437 2278 5506; x_wconf 83' lang='lat' dir='ltr'><strong>hujus</strong></span> <span class='ocrx_word' id='word_1_832' title='bbox 2310 5439 2464 5493; x_wconf 88' lang='lat' dir='ltr'><strong>vocis</strong></span> <span class='ocrx_word' id='word_1_833' title='bbox 2493 5437 2617 5493; x_wconf 93' lang='lat' dir='ltr'><strong>loco</strong></span> <span class='ocrx_word' id='word_1_834' title='bbox 2650 5438 2899 5492; x_wconf 89' lang='lat' dir='ltr'><strong>subaudi</strong></span> <span class='ocrx_word' id='word_1_835' title='bbox 2928 5453 3092 5504; x_wconf 86' lang='lat' dir='ltr'><strong>opera</strong></span> <span class='ocrx_word' id='word_1_836' title='bbox 3123 5437 3282 5493; x_wconf 86' lang='lat' dir='ltr'><strong>bona.</strong></span> 
     </span>
    </p>
   </div>
   <div class='ocr_carea' id='block_1_116' title="bbox 2170 5506 3798 5591">
    <p class='ocr_par' dir='ltr' id='par_1_116' title="bbox 2170 5506 3798 5591">
     <span class='ocr_line' id='line_1_116' title="bbox 2170 5506 3798 5591; baseline -0.007 -23"><span class='ocrx_word' id='word_1_837' title='bbox 2170 5509 2458 5591; x_wconf 43' lang='lat' dir='ltr'><strong>(l).Antiq,</strong></span> <span class='ocrx_word' id='word_1_838' title='bbox 2482 5509 2677 5591; x_wconf 49' lang='lat' dir='ltr'><strong>ﬁeri},</strong></span> <span class='ocrx_word' id='word_1_839' title='bbox 2711 5509 2900 5591; x_wconf 60' lang='grc' dir='ltr'><strong>(ξφ-δη</strong></span> <span class='ocrx_word' id='word_1_840' title='bbox 2935 5509 3154 5591; x_wconf 43' lang='lat' dir='ltr'><strong>Germ”</strong></span> <span class='ocrx_word' id='word_1_841' title='bbox 3193 5507 3495 5591; x_wconf 43' lang='lat' dir='ltr'><strong>litemigq</strong></span> <span class='ocrx_word' id='word_1_842' title='bbox 3527 5506 3798 5591; x_wconf 64' lang='lat' dir='ltr'><strong>Yindoc._,</strong></span> 
     </span>
    </p>
   </div>
   <div class='ocr_carea' id='block_1_117' title="bbox 2095 5578 3800 5651">
    <p class='ocr_par' dir='ltr' id='par_1_117' title="bbox 2095 5578 3800 5651">
     <span class='ocr_line' id='line_1_117' title="bbox 2095 5578 3800 5651; baseline -0.003 -17"><span class='ocrx_word' id='word_1_843' title='bbox 2095 5580 2326 5634; x_wconf 79' lang='lat' dir='ltr'><strong>Ebroic.</strong></span> <span class='ocrx_word' id='word_1_844' title='bbox 2348 5578 2541 5635; x_wconf 75' lang='lat' dir='ltr'><strong>etalii</strong></span> <span class='ocrx_word' id='word_1_845' title='bbox 2572 5580 2928 5636; x_wconf 89' lang='lat' dir='ltr'><strong>Mss.Norm.</strong></span> <span class='ocrx_word' id='word_1_846' title='bbox 2953 5579 3335 5651; x_wconf 86' lang='lat' dir='ltr'><strong>Omnequodei</strong></span> <span class='ocrx_word' id='word_1_847' title='bbox 3362 5578 3497 5633; x_wconf 85' lang='lat' dir='ltr'><strong>dese</strong></span> <span class='ocrx_word' id='word_1_848' title='bbox 3529 5581 3668 5651; x_wconf 85' lang='lat' dir='ltr'><strong>ipsa,</strong></span> <span class='ocrx_word' id='word_1_849' title='bbox 3700 5578 3800 5632; x_wconf 88' lang='lat' dir='ltr'><strong>sub</strong></span> 
     </span>
    </p>
   </div>
   <div class='ocr_carea' id='block_1_118' title="bbox 2096 5651 3800 5734">
    <p class='ocr_par' dir='ltr' id='par_1_118' title="bbox 2096 5651 3800 5734">
     <span class='ocr_line' id='line_1_118' title="bbox 2096 5651 3800 5734; baseline -0.003 -28"><span class='ocrx_word' id='word_1_850' title='bbox 2096 5666 2152 5734; x_wconf 43' lang='lat' dir='ltr'><strong>sne</strong></span> <span class='ocrx_word' id='word_1_851' title='bbox 2201 5653 2321 5721; x_wconf 81' lang='lat' dir='ltr'><strong>ipsa</strong></span> <span class='ocrx_word' id='word_1_852' title='bbox 2371 5660 2473 5734; x_wconf 70' lang='lat' dir='ltr'><strong>est,</strong></span> <span class='ocrx_word' id='word_1_853' title='bbox 2509 5652 2897 5734; x_wconf 53' lang='lat' dir='ltr'><strong>diiudicanda,</strong></span> <span class='ocrx_word' id='word_1_854' title='bbox 2926 5658 3059 5734; x_wconf 87' lang='lat' dir='ltr'><strong>_etc.</strong></span> <span class='ocrx_word' id='word_1_855' title='bbox 3087 5652 3122 5705; x_wconf 91' lang='lat'><strong><em>2</em></strong></span> <span class='ocrx_word' id='word_1_856' title='bbox 3145 5727 3151 5734; x_wconf 31' lang='lat'><em>.</em></span> <span class='ocrx_word' id='word_1_857' title='bbox 3175 5652 3333 5734; x_wconf 65' lang='lat' dir='ltr'><strong>Bern.</strong></span> <span class='ocrx_word' id='word_1_858' title='bbox 3369 5655 3426 5705; x_wconf 90' lang='lat' dir='ltr'><strong>et</strong></span> <span class='ocrx_word' id='word_1_859' title='bbox 3462 5651 3499 5703; x_wconf 88' lang='grc'>2</span> <span class='ocrx_word' id='word_1_860' title='bbox 3525 5651 3754 5734; x_wconf 72' lang='lat' dir='ltr'><strong>_Remig.</strong></span> <span class='ocrx_word' id='word_1_861' title='bbox 3785 5665 3800 5701; x_wconf 89' lang='lat'>:</span> 
     </span>
    </p>
   </div>
   <div class='ocr_carea' id='block_1_119' title="bbox 2099 5722 3800 5850">
    <p class='ocr_par' dir='ltr' id='par_1_119' title="bbox 2099 5722 3800 5850">
     <span class='ocr_line' id='line_1_119' title="bbox 2099 5722 3800 5850; baseline -0.002 -70"><span class='ocrx_word' id='word_1_862' title='bbox 2099 5724 2267 5850; x_wconf 60' lang='lat' dir='ltr'><strong>Otmne</strong></span> <span class='ocrx_word' id='word_1_863' title='bbox 2297 5723 2436 5795; x_wconf 85' lang='lat' dir='ltr'><strong>quod</strong></span> <span class='ocrx_word' id='word_1_864' title='bbox 2466 5724 2518 5780; x_wconf 84' lang='lat' dir='ltr'><strong>ei</strong></span> <span class='ocrx_word' id='word_1_865' title='bbox 2565 5723 2629 5780; x_wconf 88' lang='lat' dir='ltr'><strong>de</strong></span> <span class='ocrx_word' id='word_1_866' title='bbox 2665 5724 2840 5796; x_wconf 82' lang='lat' dir='ltr'><strong>seipsa</strong></span> <span class='ocrx_word' id='word_1_867' title='bbox 2881 5725 3054 5780; x_wconf 85' lang='lat' dir='ltr'><strong>altum</strong></span> <span class='ocrx_word' id='word_1_868' title='bbox 3101 5724 3405 5790; x_wconf 81' lang='lat' dir='ltr'><strong>videbatur,</strong></span> <span class='ocrx_word' id='word_1_869' title='bbox 3449 5722 3548 5777; x_wconf 86' lang='lat' dir='ltr'><strong>sub</strong></span> <span class='ocrx_word' id='word_1_870' title='bbox 3595 5722 3800 5792; x_wconf 84' lang='lat' dir='ltr'><strong>seipsa,</strong></span> 
     </span>
     <span class='ocr_line' id='line_1_120' title="bbox 2099 5811 2210 5850; baseline 0 0"><span class='ocrx_word' id='word_1_871' title='bbox 2099 5811 2128 5850; x_wconf 91' lang='lat' dir='ltr'><strong>e</strong></span> <span class='ocrx_word' id='word_1_872' title='bbox 2159 5812 2210 5850; x_wconf 90' lang='lat' dir='ltr'><strong>c.</strong></span> 
     </span>
    </p>
   </div>
   <div class='ocr_carea' id='block_1_120' title="bbox 2098 5811 2210 5851">
    <p class='ocr_par' dir='ltr' id='par_1_120' title="bbox 2098 5811 2210 5851">
     <span class='ocr_line' id='line_1_121' title="bbox 2098 5811 2210 5851; baseline -0.009 0"><span class='ocrx_word' id='word_1_873' title='bbox 2098 5811 2210 5851; x_wconf 79' lang='grc' dir='ltr'><strong>θιο.</strong></span> 
     </span>
    </p>
   </div>
  </div>
