4086 6166
190 262 313 320 549

1161 260 1562 323 MORALIUM
1611 266 1758 325 LIB.
1808 267 1854 326 Ι.
1905 301 1979 312 —
2025 269 2102 327 IN
2152 267 2408 327 CAPUT
2453 268 2472 328 1
2521 267 2587 328 Β.
2639 267 2798 327 JOB.

3597 279 3717 338 550

177 397 334 454 ﬁlios
366 396 691 462 oderimus,
724 411 850 451 cum
886 411 990 466 pro
1021 411 1375 470 unaquaque
1406 400 1617 457 virtute
1650 402 1896 460 Domino
1931 408 1981 474 Α
2016 405 2145 474 gine
2174 420 2505 474 pensemus,
2539 421 2610 460 ne
2643 420 2707 459 ex
2742 405 2892 460 malo
2925 409 3052 461 ortu
3116 410 3420 480 prodeant,
3454 411 3631 470 etiam
3663 416 3716 473 si

175 489 429 547 hostiam
463 493 675 545 nostrae
709 488 1294 559 precisimmolamus
1329 507 1341 544 :
1377 508 1448 546 ne
1472 495 1761 563 sapientia
1793 495 1903 552 ele-

170 582 266 635 vet
295 597 308 644 ;
335 595 406 632 ne
429 577 781 642 intellectus,
805 578 945 631 dum
970 577 1258 634 subtiliter
1280 581 1480 647 currit,
1507 584 1775 651 aberret;
1827 601 1897 640 ne

180 668 520 733 consilium,
552 668 693 722 dum
728 683 790 722 se
824 666 1196 738 multiplicat,
1231 671 1557 727 confundat
1591 690 1605 740 ;
1642 689 1713 728 ne
1743 673 1902 729 forti-

182 759 348 823 tudo,
385 758 525 811 dum
559 756 836 811 ﬁduciam
871 757 1104 827 praebet,
1138 759 1499 829 praseipitet;
1541 777 1610 816 ne
1633 762 1898 831 scientia,

183 849 322 903 dum
358 846 519 901 novit
565 851 622 901 et
665 862 776 900 non
823 846 1031 916 diligit,
1069 847 1228 902 inﬂet
1262 863 1275 912 ;
1311 865 1380 905 ne
1412 850 1611 919 pietas,
1665 853 1802 907 dum
1838 869 1898 908 se

189 942 354 993 extra
399 936 811 991 rectitudinem
859 936 1123 1004 inclinat,
1177 937 1509 1010 intorqueat
1543 958 1556 1007 ;
1594 957 1663 997 ne
1703 942 1897 1011 timor,

189 1028 328 1083 dum
386 1025 515 1097 plus
557 1027 716 1095 justo
769 1027 1041 1096 trepidat,
1094 1027 1150 1081 in
1204 1029 1625 1100 desperationis
1679 1034 1896 1089 foveam

187 1123 424 1185 mergat.
492 1116 632 1170 Cum
667 1130 803 1185 ergo
864 1131 964 1186 pro
997 1133 1350 1189 unaquaque
1385 1119 1618 1188 virtute,
1663 1132 1721 1176 ut
1755 1142 1900 1193 pura

187 1222 313 1261 esse
344 1205 578 1273 debeat,
631 1220 828 1274 preces
881 1206 1123 1260 Domino
1165 1207 1489 1270 fundimus,
1537 1212 1677 1282 quid
1718 1212 1895 1292 aliud,

187 1309 358 1366 quam
385 1295 560 1364 juxta
593 1293 847 1348 ﬁliorum
882 1310 1186 1349 numerum
1221 1295 1626 1354 holocaustum
1663 1317 1762 1370 per
1783 1302 1901 1357 sin-

186 1385 357 1456 gulos
379 1384 728 1438 exhibemus
749 1382 1206 1439 ‘IHolocaustum
1235 1402 1487 1458 namque
1508 1395 1689 1444 totum
1713 1392 1904 1446 incen-

187 1489 330 1530 sum
383 1472 612 1528 dicitur.
681 1472 1095 1528 Holocaustum
1148 1474 1328 1545 igitur
1377 1477 1533 1542 dare,
1585 1485 1671 1534 est
1720 1484 1900 1535 totam

190 1567 453 1620 mentem
504 1562 637 1634 igne
687 1563 1152 1633 compunctionis
1211 1565 1538 1632 incendere,
1596 1573 1658 1622 ut
1708 1570 1764 1623 in
1806 1588 1906 1626 ara

187 1652 416 1710 amoris
446 1666 540 1706 cor
570 1651 788 1719 ardeat,
823 1656 880 1707 et
912 1653 1080 1722 quasi
1115 1653 1327 1709 delicta
1385 1657 1632 1727 propriae
1664 1659 1902 1730 sobolis,

2013 500 2167 550 recta
2198 499 2331 551 sunt
2362 512 2488 566 quae
2544 499 2859 552 ostentant.
2923 497 3081 553 Unde
3142 499 3235 554 hic
3293 517 3527 573 quoque
3557 510 3717 561 recte

2013 587 2435 658 subjungitur:

2191 725 2420 781 CAPUT
2453 725 2685 781 XXXVI
2744 727 2882 798 [Vet.
2943 728 3179 798 XXXVII,
3215 732 3334 790 Rec.
3376 736 3531 808 XIX].

2084 861 2221 915 Isin.
2257 891 2322 900 ——-
2356 861 2574 916 Dicebat
2603 863 2748 915 enim
2780 879 2797 915 :
2831 861 2904 917 Ne
2931 864 3072 930 forte
3098 868 3438 935 peccaverint
3453 870 3563 938 ﬁlii
3579 876 3710 942 mei,

2009 957 2064 1006 et
2092 950 2469 1006 benedixerint
2499 951 2601 1005 Deo
2625 949 2684 1004 in
2705 950 2957 1006 cordibus
2976 955 3113 1009 suis.

2079 1042 2165 1094 50.
2222 1042 2397 1097 Varia:
2445 1040 2606 1096 hostis
2652 1041 2871 1097 insidia;
2902 1059 2921 1101 ,⁸
2962 1049 3022 1096 ut
3073 1044 3213 1099 bona
3254 1062 3414 1117 opera
3453 1051 3623 1121 vitiet,
3658 1055 3715 1107 in

2011 1131 2187 1199 operis
2218 1133 2394 1198 initio,
2428 1134 2485 1186 in
2507 1148 2820 1202 progressu,
2854 1137 2908 1186 in
2933 1133 3058 1202 ﬁne.
3096 1165 3162 1175 —-
3196 1135 3324 1192 Filii
3357 1138 3414 1193 in
3440 1141 3716 1198 cordibus

2012 1219 2389 1285 maledicunt,
2424 1237 2555 1275 cum
2592 1225 2747 1275 recta
2779 1227 2975 1276 nostra
3007 1239 3179 1294 opera
3211 1241 3244 1280 a
3277 1243 3390 1282 non
3423 1228 3590 1284 rectis
3620 1247 3718 1286 co-

2013 1308 2389 1380 gitationibus
2421 1311 2704 1381 prodeunt
2735 1328 2747 1376 ;
2784 1327 2915 1366 cum
2953 1312 3100 1366 bona
3134 1313 3189 1368 in
3215 1321 3412 1384 aperto
3446 1324 3715 1385 exerunt,

2011 1399 2108 1452 sed
2142 1397 2199 1452 in
2233 1399 2455 1454 occulto
2481 1401 2647 1454 noxia
2681 1399 3023 1455 moliuntur.
3060 1401 3174 1457 Deo
3208 1405 3421 1476 quippe
3470 1408 3719 1464 maledi-

2015 1491 2173 1555 cunt,
2206 1503 2337 1542 cum
2373 1495 2594 1544 mentes
2631 1494 2834 1544 nostras
2878 1506 2935 1544 se
2968 1493 3036 1545 de
3069 1507 3130 1546 se
3161 1494 3452 1550 aestimant
3505 1497 3719 1553 habere

2017 1578 2170 1648 quod
2205 1582 2361 1634 sunt.
2410 1579 2518 1633 Deo
2546 1581 2926 1645 maledicunt,
2961 1596 3092 1635 cum
3127 1598 3189 1636 se
3220 1588 3275 1637 et
3306 1585 3378 1639 ab
3410 1585 3511 1641 illo
3561 1605 3722 1644 acce-

2015 1666 2169 1737 pisse
2202 1667 2353 1722 vires
2377 1667 2729 1739 intelligunt,
2763 1670 2862 1723 sed
2895 1675 3086 1724 tamen
3120 1672 3189 1724 de
3215 1673 3342 1739 ejus
3377 1676 3722 1730 muneribus

187 1750 646 1821 inquinamenta
679 1749 1057 1819 cogitationis
1089 1757 1315 1807 exurat.
1940 1783 1984 1846 Β
2018 1757 2208 1827 propri

2108 1757 2308 1827 ipriam
2369 1757 2602 1812 laudem
2655 1763 2939 1828 quaerunt.
2988 1759 3129 1829 [νει.
3172 1762 3459 1834 ΧΧΧνΙιΙ.]
3520 1765 3726 1821 Scien—

267 1843 358 1895 49.
395 1841 412 1909 {
450 1842 562 1895 Vet.
623 1840 828 1894 XXXVI.
869 1840 1058 1910 Μητιίί
1128 1856 1234 1895 non
1294 1842 1450 1913 oﬂert
1504 1845 1602 1913 qui
1652 1847 1902 1900 internas

192 1936 374 1986 motus
431 1945 540 1985 non
596 1932 803 1998 frenat.
838 1958 906 1969 —-
938 1929 1041 1984 Sed
1077 1929 1193 1983 haec
1226 1946 1394 2001 agere
1454 1932 1744 1999 nesciunt,
1799 1935 1915 1988 nisi

195 2023 256 2078 hi
289 2021 391 2092 qui
425 2020 768 2091 priusquam
804 2019 1189 2090 cogitationes
1221 2023 1289 2074 ad
1326 2039 1470 2092 opus
1493 2025 1796 2094 prodeant,
1827 2029 1913 2079 in-

193 2117 397 2168 ternos
432 2124 575 2163 suos
600 2116 789 2163 motus
815 2108 1056 2163 sollicite
1080 2110 1613 2180 circumspicientes
1639 2113 1905 2181 frenant;

200 2202 278 2273 (α)
302 2201 429 2255 haec
454 2215 621 2269 agere
652 2198 942 2265 nesciunt,
979 2199 1204 2271 nisiqui
1236 2201 1669 2259 virilicustodia
1688 2205 1917 2260 munire

195 2295 459 2348 mentem
485 2296 788 2344 noverunt.
829 2289 989 2343 Unde
1012 2290 1477 2360 recteinopinata
1497 2298 1678 2348 morte
1703 2295 1917 2350 exstin-

197 2389 335 2442 ctus
355 2382 614 2437 lsboseth
639 2381 868 2449 dicitur,
890 2397 1065 2452 quem
1114 2388 1171 2437 et
1194 2382 1492 2454 Scriptura
1532 2402 1697 2441 sacra
1722 2403 1834 2443 non
1858 2387 1916 2442 in

197 2475 385 2530 domo
416 2471 743 2537 ostiarium,
774 2472 874 2526 sed
899 2470 1189 2526 ostiariam
1227 2473 1502 2528 habuisse
1532 2479 1802 2544 testatur,
1835 2478 1922 2532 di-

200 2580 395 2622 cens:
447 2563 724 2617 Venientes
781 2561 890 2631 ﬁlii
942 2562 1201 2617 Remmon
1265 2563 1583 2632 Βθνουιίεέε,
1625 2567 1830 2621 Rechab
1872 2574 1921 2622 et

198 2654 420 2714 Banaa,
459 2650 698 2718 ingressi
742 2656 872 2703 sunt
920 2650 1162 2718 fervente
1226 2651 1319 2704 die
1386 2651 1602 2706 domum
1656 2653 1918 2723 lsboseth,

197 2743 296 2815 qui
325 2740 636 2798 dormiebat
665 2755 832 2810 super
881 2743 1112 2794 stratum
1159 2756 1320 2795 suum
1388 2742 1633 2799 meridie.
1684 2744 1923 2814 Ingressi

195 2839 328 2887 sunt
359 2833 546 2885 autem
594 2829 811 2884 domum
839 2846 859 2889 ,·
884 2833 933 2883 et
969 2829 1203 2884 ostiaria
1235 2829 1424 2885 domus
1476 2848 1724 2902 purgans
1778 2835 1921 2889 triti-

198 2937 329 2977 cum
391 2918 740 2975 obdormivit.
805 2920 1145 2973 Assumentes
1205 2922 1382 2990 spicas
1438 2921 1634 2986 tritici,
1694 2923 1926 2978 latenter

205 3011 448 3083 ingressi
513 3014 657 3070 sunt.
706 3013 755 3065 et
811 3019 1196 3081 percusserunt
1252 3027 1377 3065 eum
1426 3012 1486 3066 in
1542 3016 1788 3085 inguine.
1850 3016 1931 3086 (ll

211 3105 338 3172 Reg.
373 3119 454 3163 ιν,
493 3100 570 3170 5.)
631 3099 881 3155 Ostiaria
931 3100 1181 3154 triticum
1246 3107 1469 3173 purgat,
1518 3118 1650 3158 cum
1715 3106 1924 3159 mentis

213 3191 484 3249 custodia
537 3189 917 3244 discernendo
950 3191 1189 3244 virtutes
1223 3207 1254 3244 a
1305 3191 1458 3246 vitiis
1507 3204 1756 3263 separat.
1790 3195 1924 3260 Qua

219 3284 272 3338 si
307 3279 785 3346 obdormierit,in
812 3284 1058 3334 mortem
1080 3281 1294 3350 proprii
1315 3282 1545 3336 Domini
1565 3283 1934 3340 insidiatores

226 3372 527 3438 admittit;
562 3370 702 3442 quia
718 3386 849 3425 cum
867 3369 1227 3426 discretionis
1245 3371 1579 3427 sollicitudo
1599 3376 1930 3443 cessaverit,

226 3463 303 3516 ad
335 3461 809 3516 interﬁciendum
843 3459 1106 3514 animum
1163 3460 1436 3532 malignis
1490 3463 1796 3534 spiritibus
1829 3465 1936 3520 iter

226 3551 464 3625 pandit.
485 3550 582 3614 Qui
609 3550 856 3621 ingressi
875 3549 1064 3620 spicas
1086 3549 1314 3618 tollunt,
1342 3552 1478 3621 quia
1499 3568 1630 3607 mox
1651 3553 1934 3609 bonarum

224 3642 655 3715 cogitationum
685 3640 946 3713 germina
979 3642 1264 3697 auferunt.
1300 3645 1487 3713 Atque
1520 3643 1832 3713 ininguine
1855 3645 1936 3699 fe-

222 3733 412 3799 riunt,
444 3731 582 3802 quia
613 3731 888 3786 virtutem
922 3731 1115 3786 cordis
1148 3731 1535 3786 delectatione
1567 3733 1755 3787 carnis
1785 3734 1938 3788 occi-

219 3823 392 3879 dunt.
425 3822 746 3892 Ininguine
776 3820 992 3892 quippe
1015 3820 1203 3885 ferire,
1227 3825 1313 3876 est
1335 3820 1511 3875 vitam
1541 3822 1753 3876 mentis
1777 3822 1938 3878 dele-

222 3912 482 3967 ctatione
515 3911 706 3965 carnis
736 3910 1046 3981 perforare.
1082 3909 1459 3981 Nequaquam
1496 3927 1628 3966 vero
1671 3911 1936 3967 lsboseth

222 4001 336 4056 iste
369 3999 480 4054 hac
541 4001 725 4055 morte
777 3998 1207 4065 succumberet,
1239 4000 1286 4052 si
1340 4016 1453 4053 non
1490 4001 1555 4054 ad
1607 4000 1938 4072 ingressum

225 4092 439 4146 domus
465 4087 786 4156 mulierem,
835 4088 892 4142 id
935 4095 1042 4155 est,
1091 4089 1158 4142 ad
1195 4089 1406 4143 mentis
1438 4089 1656 4144 aditum
1705 4090 1937 4146 mollem

228 4176 565 4235 custodiam
596 4178 949 4248 deputasset.
986 4175 1170 4231 Fortis
1202 4193 1454 4247 namque
1487 4178 1588 4232 34
1638 4178 1941 4251 virilisque

227 4285 443 4325 sensus
476 4267 733 4337 praeponi
765 4266 958 4321 cordis
992 4266 1212 4321 foribus
1245 4266 1431 4334 debet,
1500 4284 1670 4338 quem
1701 4286 1803 4325 nec
1839 4286 1938 4324 ne-

231 4357 528 4430 gligentiae
574 4373 817 4412 somnus
872 4356 1186 4428 opprimat,
1241 4373 1344 4411 nec
1406 4357 1748 4428 ignorantiae
1781 4375 1940 4414 error

232 4449 419 4504 fallat.
475 4447 638 4502 Unde
685 4447 830 4501 bene
879 4451 934 4501 et
985 4445 1248 4501 lsboseth
1310 4447 1636 4518 appellatus
1667 4452 1776 4517 est,
1839 4450 1937 4520 qui

233 4537 474 4592 custode
507 4535 722 4591 femina
765 4535 1071 4591 hostilibus
1102 4534 1310 4606 gladiis
1371 4536 1644 4590 nudatur.
1681 4538 1935 4594 lsboseth
1976 4524 2028 4589 D

234 4627 450 4697 quippe
483 4626 570 4680 vir
600 4625 962 4680 confusionis
983 4625 1215 4680 dicitur.
1248 4625 1340 4680 Vir
1361 4630 1552 4681 autem
1579 4627 1938 4683 confusionis

233 4721 341 4782 est,
378 4715 478 4785 qui
506 4714 638 4769 forti
673 4715 885 4770 mentis
917 4715 1459 4769 custodiamunitus
1494 4732 1606 4770 non
1641 4722 1728 4770 est
1760 4736 1773 4783 ;
1803 4716 1938 4787 quia

232 4806 375 4858 dum
408 4805 645 4858 virtutes
677 4819 737 4858 se
768 4819 935 4874 agere
966 4805 1237 4869 aestimat,
1279 4805 1664 4860 subintrautia
1696 4805 1835 4860 vitia
1857 4808 1936 4877 (ὁ)

232 4893 588 4949 nescientem
623 4898 850 4948 necant.
885 4893 1029 4948 Tota
1065 4893 1262 4964 itaque
1311 4893 1522 4948 virtute
1581 4895 1939 4950 muniendus

232 4990 318 5038 est
349 4982 550 5038 aditus
584 4982 822 5048 mentis,
856 4997 928 5036 ne
955 4983 1186 5053 quando
1209 4997 1336 5036 eam
1365 4982 1715 5038 insidiantes
1739 4984 1939 5041 hostes

228 5075 540 5144 penetrent
570 5070 850 5126 foramine
877 5071 1150 5143 neglectae
1175 5071 1560 5144 cogitationis.
1597 5073 1744 5129 Hinc
1775 5074 1941 5130 Salo-

230 5177 372 5217 mon
405 5161 485 5216 ait
520 5177 533 5215 :
571 5161 733 5216 Omni
760 5161 1008 5216 custodia
1039 5177 1192 5216 serva
1249 5177 1343 5216 cor
1373 5169 1547 5231 tuum,
1583 5163 1841 5234 quoniam
1874 5181 1942 5220 ex

228 5255 351 5321 ipso
389 5252 504 5305 vita
529 5251 778 5321 procedit
826 5252 1016 5322 (Prov.
1071 5269 1146 5318 1v,
1178 5253 1286 5322 23).
1314 5252 1574 5307 Virtutes
1607 5269 1740 5324 ergo
1797 5270 1940 5326 quas

231 5340 490 5397 dicimus
522 5341 765 5412 dignum
788 5345 876 5396 est
896 5345 956 5396 ut
978 5357 1348 5412 summopere
1372 5341 1442 5396 ab
1465 5341 1805 5398 intentionis
1832 5345 1941 5399 ori-

314 5537 397 5607 (α)
433 5536 518 5588 Ita
551 5533 744 5598 Corb.,
780 5532 1109 5601 Hemenses,
1145 5534 1255 5588 duo
1281 5533 1528 5605 Remig.,
1566 5535 1720 5602 Lyr.,
1755 5536 1812 5590 Bi
1861 5541 1938 5591 ot.

320 5604 621 5663 nonnullae
654 5604 966 5663 Editiones.
1003 5605 1241 5659 maxime
1273 5611 1495 5662 veteres
1529 5607 1704 5663 Paris.
1737 5613 1792 5663 et
1821 5554 1938 5663 ti3a~

241 5620 296 5672 et
320 5604 621 5667 ncnnullze
654 5604 966 5669 Editiones,
1003 5605 1241 5659 maxime
1273 5604 1495 5662 veteres
1529 5607 1704 5663 Paris.
1737 5613 1792 5663 et
1825 5604 1938 5664 Ba~

236 5687 334 5744 sil.
371 5686 443 5738 At
463 5676 662 5741 Gilot.,
691 5675 900 5740 Vatic.,
933 5675 1128 5743 Guss.,
1153 5676 1269 5734 haec
1305 5693 1516 5734 εαυενε,

314 5757 399 5827 (ὁ)
419 5750 664 5815 Quidam
693 5747 855 5815 Mss,
890 5749 1217 5805 nescientem
1251 5755 1483 5807 mentem
1514 5761 1729 5809 necant.

1958 3148 2006 3213 C

2024 1847 2160 1900 dum
2195 1863 2326 1901 vero
2360 1852 2468 1917 est,
2527 1848 2678 1919 quod
2715 1849 2864 1903 bona
2903 1853 3102 1903 nostra
3134 1850 3316 1907 tribus
3349 1854 3539 1909 modis
3571 1857 3721 1911 anti-

2025 1952 2176 2005 quus
2212 1935 2393 1991 hostis
2423 1937 2770 2008 insequitur,
2794 1937 3134 1993 ulvidelicct
3157 1939 3289 2009 hoc,
3315 1943 3463 2012 quod
3498 1949 3723 2000 rectum

2024 2043 2217 2082 coram
2251 2027 2590 2082 hominibus
2618 2030 2827 2100 agitur,
2863 2029 2919 2083 in
2945 2029 3391 2101 internijudicis
3414 2044 3725 2106 conspectu

2023 2115 2280 2171 vitietur.
2298 2116 2624 2186 Aliquando
2641 2133 2894 2188 namque
2909 2118 2965 2171 in
2981 2119 3131 2173 bono
3148 2135 3317 2189 Opere
3340 2122 3726 2178 intentionem

2026 2204 2252 2277 polluit,
2289 2210 2352 2260 ut
2384 2222 2573 2272 omne,
2603 2207 2759 2278 quod
2785 2207 2841 2261 in
2875 2209 3101 2262 actione
3124 2210 3412 2280 sequitur,
3431 2227 3496 2266 eo
3516 2229 3726 2282 purum

2027 2296 2430 2367 mundumque
2453 2313 2566 2352 non
2599 2301 2909 2368 exeat,quo
2941 2298 3046 2353 hoc
3081 2299 3150 2354 ab
3167 2299 3726 2372 origineperturbat.

2026 2383 2354 2454 Aliquando
2383 2401 2513 2440 vero
2545 2384 2926 2441 intentionem
2977 2386 3113 2442 boni
3149 2388 3342 2459 operis
3372 2389 3580 2446 vitiare
3613 2406 3727 2446 non

2029 2472 2315 2544 pravalet,
2349 2474 2446 2529 sed
2476 2475 2533 2529 in
2564 2473 2692 2545 ipsa
2725 2475 2952 2531 actione
2998 2493 3060 2532 se
3105 2478 3277 2547 quasi
3310 2477 3369 2533 in
3402 2479 3606 2536 itinere
3636 2497 3734 2550 op-

2029 2562 2194 2634 ponit
2224 2579 2236 2628 ;
2270 2567 2336 2618 ut
2365 2579 2499 2619 cum
2529 2580 2630 2635 per
2657 2566 3021 2635 propositum
3054 2567 3263 2622 mentis
3283 2568 3541 2624 securior
3571 2569 3733 2641 quis-

2033 2668 2143 2724 que
2175 2652 2490 2723 egreditur,
2520 2653 2833 2723 subjuncto
2892 2653 3136 2710 latenter
3169 2656 3320 2724 vitio,
3357 2658 3524 2729 quasi
3551 2674 3619 2714 ex
3649 2659 3733 2713 in-

2030 2740 2197 2796 sidiis
2257 2739 2587 2812 perimatur.
2649 2741 2973 2812 Aliquando
3014 2759 3145 2799 vero
3197 2759 3301 2800 nec
3347 2745 3730 2802 intentionem

2032 2831 2219 2896 vitiat,
2253 2847 2358 2886 nec
2382 2832 2438 2886 in
2472 2831 2676 2887 itinere
2705 2831 3063 2902 supplantat,
3112 2835 3214 2889 sed
3249 2851 3396 2905 opus
3428 2836 3644 2892 bonum
3679 2837 3737 2893 in

2037 2922 2150 2975 fine
2179 2921 2423 2977 actionis
2457 2921 2735 2993 illaqueat
2767 2928 3132 2994 ;quantoque
3156 2924 3242 2978 vel
3267 2943 3299 2979 a
3323 2925 3494 2982 domo
3520 2928 3736 2998 cordis,

2036 3010 2122 3065 vel
2154 3012 2225 3065 ab
2259 3010 2464 3066 itinere
2521 3011 2711 3082 operis
2758 3011 2993 3082 longius
3033 3015 3344 3070 recessisse
3387 3031 3448 3070 se
3482 3015 3742 3084 simulat,

2036 3104 2196 3155 tanto
2227 3101 2294 3154 ad
2329 3100 2737 3170 decipiendum
2771 3101 2937 3155 bonas
2958 3101 3205 3157 actionis
3232 3103 3548 3158 terminum
3576 3109 3735 3160 astu-

2042 3190 2160 3245 tius
2182 3194 2504 3260 exspectat;
2538 3194 2594 3243 et
2616 3206 2730 3260 quo
2747 3190 3049 3245 incautum
3069 3207 3361 3264 quemque
3383 3193 3546 3263 quasi
3579 3210 3742 3249 rece-

2043 3278 2232 3334 dendo
2259 3278 2336 3348 (c)
2360 3278 2695 3345 reddiderit,
2721 3294 2785 3334 eo
2809 3278 2976 3333 illum
2993 3280 3290 3350 repentino
3317 3296 3740 3352 nonnunquam

2042 3370 2278 3423 vulnere
2313 3367 2519 3423 durius
2554 3367 3046 3439 insanabiliusque
3077 3370 3388 3441 transfigit.

2114 3458 2203 3512 5t.
2238 3457 2626 3512 Intentionem
2661 3458 2873 3528 quippe
2905 3458 2962 3512 in
2992 3459 3142 3513 bono
3168 3475 3338 3529 Opere
3363 3459 3750 3534 polluit,quia

2045 3564 2179 3602 cum
2211 3547 2398 3602 facilia
2429 3548 2499 3603 ad
2531 3546 2941 3618 decipiendum
2975 3548 3143 3602 corda
3175 3548 3478 3605 hominum
3511 3553 3750 3625 conspi-

2047 3638 2144 3704 cit,
2178 3653 2377 3692 eorum
2412 3637 2713 3692 desideriis
2744 3654 2945 3692 auram
2981 3638 3298 3693 lransitorii
3323 3639 3534 3697 favoris
3572 3660 3751 3714 appo-

2048 3728 2164 3792 nit;
2199 3732 2262 3781 ut
2295 3727 2351 3780 in
2387 3727 2497 3793 his,
2533 3744 2658 3797 quae
2693 3733 2849 3782 recta
2881 3727 3124 3794 faciunt,
3152 3728 3222 3782 ad
3257 3732 3578 3799 appetenda
3609 3733 3752 3800 ima,

2050 3815 2382 3870 fortitudine
2417 3816 2759 3870 intentionis
2792 3815 3164 3871 inclinentur.
3223 3816 3384 3873 Unde
3439 3827 3588 3876 recte
3637 3824 3747 3878 sub

2047 3906 2258 3962 Judaeae
2292 3905 2501 3976 specie,
2536 3905 2601 3958 de
2644 3921 2989 3974 unaqusque
3022 3904 3219 3959 anima
3283 3905 3488 3976 laqueo
3523 3909 3744 3964 miserae

2050 3994 2392 4050 intentionis
2420 3999 2608 4066 capta,
2643 4010 2742 4064 per
2775 3995 3113 4064 prophetam
3145 3993 3393 4048 dicitur:
3426 3996 3583 4052 Facti
3612 4005 3748 4053 sunt

2049 4085 2227 4139 hostes
2256 4085 2371 4155 ejus
2402 4086 2462 4138 in
2491 4085 2692 4148 capite.
2725 4085 2805 4137 Ac
2837 4084 2883 4137 si
2935 4087 3129 4153 aperte
3160 4082 3414 4153 (Threnn.
3440 4101 3481 4154 ι,
3508 4086 3565 4156 5)
3597 4087 3750 4142 dice-

2051 4179 2241 4231 retur:
2276 4174 2422 4230 Cum
2450 4175 2666 4230 bonum
2701 4190 2845 4245 opus
2873 4190 2986 4228 non
3030 4172 3177 4227 bona
3208 4173 3531 4231 intentione
3562 4176 3748 4232 sumi-

2050 4269 2164 4334 tur,
2199 4264 2333 4319 huic
2365 4266 2741 4320 adversantes
2790 4263 3034 4335 spiritus
3089 4261 3160 4316 ab
3210 4261 3336 4332 ipso
3384 4264 3753 4335 cogitationis

2051 4356 2284 4412 exordio
2300 4354 2702 4426 principantur
2717 4369 2729 4419 ;
2747 4357 3023 4424 tantoque
3037 4368 3160 4406 eam
3178 4351 3412 4422 plenius
3428 4354 3752 4427 possident,

2051 4450 2267 4518 quanto
2299 4449 2353 4500 et
2385 4461 2486 4516 per
2513 4443 2748 4498 initium
2779 4443 3144 4497 dominantes
3175 4446 3391 4497 tenent.

2129 4536 2219 4590 52.
2253 4535 2396 4590 Cum
2429 4550 2560 4589 vero
2591 4532 2968 4588 intentionem
3023 4531 3224 4586 vitiare
3256 4548 3369 4587 non
3420 4534 3752 4603 praevalent,

2050 4626 2131 4697 (d)
2163 4626 2223 4679 in
2255 4623 2341 4679 via
2373 4623 2587 4695 positos
2621 4623 2858 4692 laqueos
2885 4626 3114 4693 tegunt,
3142 4625 3204 4676 ut
3237 4621 3295 4676 in
3328 4637 3392 4677 eo
3417 4625 3568 4694 quod
3599 4623 3748 4680 bene

2049 4718 2242 4788 agitur
2273 4731 2370 4770 cor
2387 4715 2645 4769 exaltans
2677 4730 2734 4769 se
2766 4731 2831 4770 ex
2865 4714 3043 4770 latere
3075 4715 3145 4769 ad
3182 4714 3385 4769 vitium
3420 4716 3749 4782 derivetur;

2049 4810 2331 4875 quatenus
2350 4805 2503 4876 quod
2528 4804 2808 4859 inchoans
2827 4803 2995 4860 aliter
3019 4807 3417 4875 proposuerat,
3447 4803 3503 4856 in
3529 4806 3752 4858 actione

2049 4897 2215 4966 longe
2252 4895 2422 4950 aliter
2482 4911 2654 4966 quam
2715 4898 2962 4966 coeperat
3021 4897 3338 4964 percurrat.
3393 4892 3551 4961 Saepe
3592 4892 3748 4946 enim

2049 4984 2198 5040 bono
2230 4984 2387 5056 operi
2421 4983 2558 5038 dum
2592 4983 2720 5038 laus
2765 4983 3020 5038 humana
3053 4981 3267 5046 obviat,
3323 4984 3575 5034 mentem
3609 4995 3749 5051 ope-

2049 5074 2230 5128 rantis
2262 5073 2536 5129 immutat
2570 5089 2582 5126 :
2616 5088 2739 5144 quin
2788 5071 3055 5143 quamvis
3118 5067 3362 5139 quaesita
3393 5082 3506 5120 non
3542 5066 3748 5136 fuerat,

2050 5166 2244 5218 tamen
2280 5162 2472 5218 oblata
2520 5161 2787 5216 deiectat.
2846 5161 3021 5228 Cujus
3051 5156 3156 5214 35
3195 5155 3575 5210 delectatione
3617 5173 3749 5216 cum

2052 5268 2218 5308 mens
2233 5252 2684 5323 beneoperantis
2701 5249 3035 5315 resolvitur,
3052 5247 3122 5303 ab
3140 5245 3298 5301 omni
3314 5244 3756 5304 intentionisin-

2050 5341 2205 5396 timae
2237 5341 2947 5411 vigoredissipatur.Seepe
2981 5353 3042 5393 se
3068 5333 3506 5391 beneinchoatm
3540 5339 3750 5394 nostra:

2120 5537 2196 5606 (c)
2219 5534 2279 5590 Pl
2291 5534 2488 5590 urimaa
2501 5533 2567 5588 ed
2578 5533 2638 5588 it.
2649 5575 2662 5601 ,
2683 5535 2845 5604 quasi
2861 5531 3152 5606 recedentia
3164 5530 3751 5606 securumgreddiderit.

2052 5603 2356 5664 Redundat
2385 5603 2730 5670 securum,et
2759 5607 2923 5661 abest
2953 5623 2984 5660 a
3017 5603 3363 5668 Mss.Corb.,
3391 5603 3608 5670 Germ.,
3641 5610 3748 5659 etc.

2124 5680 2200 5751 (ιι)
2237 5679 2538 5750 Antiquior
2572 5677 2756 5743 Rem.,
2816 5683 3055 5744 Turon.,
3116 5677 3172 5732 S.
3237 5677 3421 5741 Mart.,
3471 5675 3664 5744 Corb.,
3699 5687 3753 5730 et

2053 5751 2341 5822 nonnulli,
2365 5752 2422 5807 in
2448 5753 2534 5807 via
2561 5753 2772 5822 positus
2805 5752 3022 5823 laqueos
3053 5751 3203 5819 tegit.
