4086 6166
387 248 500 307 551

1649 230 1930 294 SANGTI
1973 227 2357 290 GREGORII
2402 226 2640 288 MAGNI

3738 236 3838 297 552

378 388 723 470 iustitiae,“
751 385 932 442 latere
961 383 1048 440 ira
1078 378 1379 454 subjungit
1411 376 1679 470 ,-_etdum
1704 372 1824 470 zelo
1855 372 2088 470 rectitu-
2117 371 2169 440 Α
2206 368 2326 470 illic
2358 372 2489 442 apte
2521 367 2894 470 subiungitur
2927 386 2940 426 :
2979 370 3166 470 pecem
3196 372 3508 470 autem-vivi
3534 377 3713 470 reperti
3737 381 3844 434 sunt

389 462 545 537 dinis
577 473 1020 533 immoderatius
1051 475 1304 528 mentem
1336 467 1555 532 turbat,
1576 467 1845 520 cunctam
1879 462 2092 533 quietis

389 569 607 626 intimis
665 567 910 623 salutem
961 562 1205 619 sauciat.
1265 559 1425 626 Saepe
1475 554 1814 627 gravitatem
1877 552 2088 620 cordis,

391 659 559 734 quasi
591 675 659 714 ex
691 659 866 713 latere
915 653 1231 723 subjuncta
1287 646 1524 703 tristitia
1562 645 1827 734 sequitur
1861 658 1874 710 ;
1918 647 2093 734 atque

392 732 566 808 omne
594 765 737 819 opus
768 745 921 818 quod
955 758 1121 798 mens
1153 741 1302 796 bona
1334 734 1657 792 intentione
1688 733 1938 798 inchoat,
1970 732 2091 788 haec

389 840 678 898 velamine
711 835 977 893 maeroris
1031 831 1360 889 obumbrat.
1395 828 1529 892 Quae
1560 831 1617 882 et
1665 838 2091 894 nonnunquam

391 935 553 986 tanto
573 927 795 983 tardius
815 923 1137 996 repellitur,
1153 926 1369 992 quanto
1397 923 1454 973 et
1482 933 1695 988 pressae
1718 914 1902 970 menti
1923 912 2095 984 quasi

391 1019 573 1076 serior
604 1015 940 1072 famulatur.
977 1013 1138 1081 Saepe
1169 1026 1232 1065 se
1271 1010 1422 1064 bono
1454 1006 1615 1078 operi
1660 1002 2092 1059 laetitiaimmo-

391 1109 589 1163 derata
620 1103 923 1175 subjungit
954 1122 968 1170 ;
1004 1115 1256 1170 cumque
1288 1096 1419 1169 plus
1442 1104 1695 1151 mentem
1720 1109 1889 1163 quam
1907 1093 2093 1160 decet,

390 1197 743 1252 hilarescere
774 1192 970 1264 exigit,
1003 1191 1074 1247 ab
1115 1188 1338 1245 actione
1359 1188 1511 1242 bona
1527 1200 1699 1240 omne
1722 1182 1947 1255 pondus
1968 1197 2094 1252 gra-

387 1285 582 1341 vitatis
613 1283 859 1356 repellit.
893 1281 1038 1349 Quia
1089 1279 1242 1334 enim
1273 1278 1421 1332 bene
1450 1275 1622 1331 etiam
1679 1270 2094 1328 inchoantibus

391 1377 632 1433 subesse
663 1374 721 1429 in
773 1373 984 1429 itinere
1040 1370 1278 1441 laqueos
1328 1365 1642 1422 Psalmista
1694 1365 2092 1434 conspexerat,

391 1474 540 1523 recte
571 1463 911 1538 prophetico
943 1461 1154 1533 plenus
1185 1457 1395 1531 spiritu
1431 1455 1664 1510 dicebat
1699 1471 1711 1509 :
1748 1454 1811 1508 In
1848 1453 1940 1507 via
1970 1451 2093 1518 hac,

392 1573 502 1629 qua
531 1553 905 1619 ambulabam,
937 1547 1337 1606 absconderant
1356 1548 1430 1618 (a)
1463 1546 1720 1616 laqueum
1748 1542 1892 1597 mihi
1911 1539 2091 1612 (Psal.

391 1664 538 1713 cm,
571 1645 645 1718 4).
680 1642 845 1709 Quod
877 1641 1021 1696 bene
1053 1655 1117 1693 ac
1167 1635 1452 1693 subtiliter
1499 1633 1779 1690 Jeremias
1809 1630 2092 1696 insinuat,

2201 459 2345 514 inter
2373 474 2462 514 eos
2494 460 2591 531 qui
2620 459 2884 514 disserunt
2929 458 3000 515 ad
3050 459 3242 514 lsmael
3295 460 3420 516 Noli
3462 461 3712 520 occidere:
3744 483 3845 536 nos,

2202 551 2335 620 quia
2359 549 2617 605 habemus
2650 551 2930 606 thesauros
2956 552 3013 603 in
3056 565 3187 621 agro
3214 552 3480 620 frumenti
3522 557 3571 607 et
3605 554 3788 621 hordei,
3806 565 3848 612 et

2201 640 2399 706 olei,et
2427 640 2651 703 mellis;
2703 644 2753 696 et
2802 657 2907 696 non
2959 639 3154 695 occidit
3210 655 3291 695 eos
3319 642 3446 709 (Jer.
3471 658 3576 706 xu,
3604 642 3675 716 8).
3720 645 3849 701 The.

2202 745 2412 784 saurus
2445 730 2661 801 quippe
2715 730 2772 784 in
2815 745 2952 801 agro
3011 734 3100 784 est
3129 745 3262 801 spes
3292 728 3352 784 in
3387 731 3713 800 poenitentia,
3740 749 3852 804 quae

2203 819 2340 892 quia
2373 836 2486 875 non
2502 819 2782 888 cernitur,
2816 818 2983 890 quasi
3004 819 3063 874 in
3097 826 3251 875 terra
3271 819 3462 874 cordis
3485 821 3709 877 sutlossa
3737 838 3853 878 con-

2203 909 2443 964 tinetur.
2477 908 2583 972 Qui
2615 925 2753 982 ergo
2786 909 3085 964 thesauros
3117 909 3172 964 in
3207 924 3344 979 agro
3374 908 3639 976 habuere,
3677 913 3853 968 servati

2204 1003 2340 1053 sunt
2373 1015 2386 1063 ;
2417 997 2554 1069 quia
2585 998 2682 1070 qui
2719 1003 2848 1070 post
2876 997 3182 1054 incautelae
3205 1014 3320 1053 sua:
3354 997 3856 1063 vitium,adlamen-

2204 1094 2328 1146 tum
2361 1090 2461 1144 86
2491 1089 2842 1162 poenitentia
2876 1090 3138 1158 redeunt,
3170 1105 3273 1146 nec
3306 1091 3458 1162 capti
3491 1092 3804 1146 moriuntur.

2271 1182 2360 1235 53.
2386 1185 2528 1236 Cum
2572 1197 2708 1238 vero
2758 1182 3038 1253 antiquus
3094 1181 3280 1238 hostis
3325 1197 3510 1253 neque
3559 1181 3615 1236 in
3661 1184 3857 1241 exordio

2204 1270 2548 1328 intentionis
2582 1271 2738 1338 ferit,
2767 1286 2957 1344 neque
2989 1272 3046 1328 in
3076 1271 3286 1328 itinere
3324 1272 3564 1328 actionis
3587 1272 3858 1345 intercipit,

2203 1362 2470 1417 duriores
2502 1362 2557 1416 in
2593 1361 2706 1416 fine
2737 1361 2974 1433 laqueos
3008 1363 3215 1418 tendit.
3251 1364 3431 1427 Quem
3465 1367 3616 1419 tanto
3648 1365 3859 1437 nequius

2204 1452 2449 1521 obsidet,
2472 1458 2688 1525 quanto
2707 1452 2899 1508 solum
2919 1453 3032 1509 sibi
3049 1456 3402 1510 remansisse
3414 1454 3482 1510 ad
3502 1455 3858 1525 decipiendum

2203 1541 2377 1597 videt.
2411 1541 2526 1597 Hos
2577 1557 2832 1613 namque
2876 1542 2977 1598 fini
3037 1559 3145 1599 suo
3187 1543 3483 1615 appositos
3504 1543 3722 1616 laqueos
3748 1547 3859 1600 Pro-

2206 1631 2378 1703 pheta
2452 1635 2845 1702 conspexerat,
2897 1648 3030 1688 cum
3077 1633 3356 1688 dicebat:
3417 1633 3525 1705 ipsi
3586 1635 3860 1689 calcaneum

392 1735 493 1807 qui
521 1736 656 1788 dum
687 1738 848 1803 gesta
879 1729 1017 1785 foris
1048 1729 1259 1784 referre
1290 1726 1536 1792 studuit,
1571 1740 1699 1796 quae
1732 1722 1890 1777 intus
1945 1720 2091 1790 apud
2131 1745 2174 1810 Β
2207 1736 2385 1777 meum
2414 1721 2770 1776 observabant
2803 1722 2972 1790 (Psal.
3005 1738 3090 1789 av,
3124 1723 3197 1793 τ).
3243 1721 3391 1789 Quia
3427 1722 3575 1778 enim
3605 1723 3659 1778 in
3695 1722 3859 1778 calca-

390 1823 777 1894 nosmetipsos
806 1822 1146 1892 gererentur
1187 1815 1490 1880 indicavit,
1539 1814 1739 1868 dicens
1773 1828 1788 1868 :
1823 1811 2092 1867 Venerunt
2203 1826 2312 1867 nec
2340 1811 2472 1867 ﬁnis
2498 1815 2586 1867 est
2616 1813 2895 1882 corporis,
2937 1813 3077 1884 quid
3126 1828 3228 1884 per
3271 1813 3432 1868 hunc
3464 1813 3569 1869 nisi
3617 1813 3858 1870 terminus

390 1915 666 1986 octoginta
711 1910 823 1966 viri
865 1909 928 1965 de
973 1907 1206 1974 Sichem,
1239 1915 1288 1962 et
1338 1906 1402 1960 de
1443 1904 1581 1973 Silo,
1628 1909 1681 1959 et
1710 1902 1776 1958 de
1815 1901 2091 1968 Samaria,

386 2002 594 2076 (b)rasi
624 2001 816 2069 barba,
840 2008 892 2054 et
915 1996 1095 2053 scissis
1116 1996 1375 2062 vestibus,
1403 1995 1469 2066 (c)
1488 1993 1799 2064 squalentes
1836 2005 2092 2054 ;munera

389 2102 439 2150 et
469 2095 592 2147 thus
642 2090 913 2145 habebant
946 2087 1005 2142 in
1035 2103 1228 2153 manu,
1262 2089 1318 2140 ut
1377 2084 1636 2155 offerrent
1669 2083 1726 2137 in
1765 2082 1927 2136 domo
1986 2081 2090 2134 Do-

389 2184 551 2238 mini.
589 2183 844 2252 Egressus
888 2186 1070 2234 autem
1119 2176 1314 2232 lsmael
1364 2174 1511 2242 filius
1567 2171 1853 2228 Nathaniaz
1905 2175 1965 2226 in
2005 2185 2090 2224 oc-

386 2289 606 2329 cursum
649 2285 838 2326 eorum
882 2268 948 2322 de
995 2265 1246 2338 Maspha,
1282 2264 1543 2320 incedens
1591 2270 1641 2317 et
1689 2262 1914 2332 plorans
1953 2261 2087 2315 ibat.

389 2364 627 2434 Cumque
657 2359 973 2416 occurrisset
1007 2356 1109 2426 eis,
1167 2355 1316 2410 dixit
1372 2353 1441 2409 ad
1489 2368 1576 2409 eos
1606 2370 1624 2406 :
1661 2351 1847 2406 Venite
1876 2351 1944 2405 ad
1991 2352 2087 2407 Go-

386 2454 589 2509 doliam
621 2449 802 2522 ﬁlium
848 2449 1094 2503 Aicham.
1136 2447 1246 2516 Qui
1275 2461 1398 2499 cum
1426 2443 1698 2499 venissent
1745 2444 1820 2496 ad
1850 2441 2090 2496 medium

386 2543 647 2611 civitatis,
680 2539 966 2609 interfecit
996 2552 1082 2592 eos
1099 2536 1314 2601 (lerem.
1349 2550 1461 2599 χω,
1483 2533 1560 2604 5).
1594 2532 1842 2588 Barbam
1877 2531 2085 2602 quippe

387 2635 624 2700 radunt,
654 2631 751 2702 qui
784 2629 892 2684 sibi
923 2629 995 2684 de
1038 2626 1285 2700 propriis
1313 2625 1533 2680 viribus
1554 2623 1819 2679 ﬁduciam
1860 2622 2088 2676 subtra-

385 2728 548 2784 hunt.
584 2723 786 2778 Vestes
818 2720 1118 2788 scindunt,
1153 2718 1251 2790 qui
1283 2715 1671 2786 sibimetipsis
1704 2713 1762 2768 in
1785 2713 2088 2769 exterioris

383 2813 604 2871 decoris
635 2810 984 2866 laceratione
1028 2824 1143 2863 non
1194 2810 1460 2878 parcunt.
1521 2804 1782 2860 Oblaturi
1827 2805 1883 2858 in
1913 2804 2086 2859 domo

383 2903 615 2962 Domini
647 2900 782 2956 thus
813 2903 870 2954 et
892 2914 1133 2954 munera
1189 2896 1452 2963 veniunt,
1504 2895 1604 2966 qui
1635 2894 1902 2951 exhibere
1932 2911 1993 2949 se
2023 2894 2083 2949 in

382 2996 479 3048 Dei
513 2991 798 3048 sacriﬁcio
829 2989 1148 3046 orationem
1197 3003 1329 3042 cum
1390 2986 1664 3058 operibus
1714 2986 2080 3058 pollicentur.

2204 1900 2474 1973 signatur
2509 1901 2754 1956 actionis
2783 1899 2809 1954 ?
2841 1901 2970 1957 Sive
3002 1917 3136 1973 ergo
3195 1902 3441 1974 maligni
3490 1902 3730 1973 spiritus,
3759 1902 3860 1957 sive

2203 1989 2361 2060 pravi
2405 1989 2622 2060 quique
2657 1989 2939 2058 homines,
3001 1990 3230 2046 illorum
3291 1990 3569 2063 superbiai
3598 2006 3860 2063 sequaces,

2200 2081 2534 2136 calcaneum
2587 2080 2918 2149 observant,
2970 2098 3103 2137 cum
3148 2080 3400 2138 actionis
3429 2082 3582 2139 bona:
3614 2082 3768 2137 finem
3797 2079 3862 2135 vi-

2201 2168 2344 2226 tiare
2376 2170 2728 2227 desiderant.
2753 2170 2915 2226 Unde
2932 2175 2988 2226 ct
3005 2171 3189 2228 eidem
3214 2171 3476 2244 serpenti
3499 2171 3722 2228 dicitur:
3748 2173 3857 2241 Ipsa

2202 2271 2358 2322 tuum
2400 2268 2704 2324 observabit
2740 2277 2922 2340 caput,
2971 2273 3019 2324 et
3053 2276 3112 2324 tu
3149 2269 3472 2325 calcaneum
3517 2269 3621 2341 ejus
3665 2268 3858 2339 (Genes.

2201 2373 2287 2417 ιιι,
2320 2358 2408 2425 15,
2438 2373 2543 2413 sec.
2579 2359 2740 2428 LXX).
2775 2358 2960 2428 Caput
2987 2359 3200 2429 quippe
3259 2358 3546 2431 serpentis
3576 2358 3859 2424 observare,

2199 2454 2288 2506 est
2318 2447 2483 2503 initia
2514 2447 2908 2519 suggestionis
2931 2448 3056 2518 ejus
3071 2448 3356 2518 aspicere,
3391 2455 3447 2504 et
3462 2450 3530 2519 (e)
3549 2464 3708 2504 manu
3724 2445 3858 2501 solli-

2197 2538 2323 2594 cita:
2355 2537 3086 2594 considerationisacordis
3099 2539 3257 2593 aditu
3277 2539 3540 2596 funditus
3559 2538 3856 2608 exstirpare.

2197 2629 2301 2696 Qui
2336 2637 2527 2685 tamen
2560 2644 2691 2682 cum
2750 2629 2820 2682 ab
2852 2628 3016 2684 initio
3066 2629 3544 2701 deprehenditur,
3606 2635 3857 2701 percutere

2195 2720 2532 2777 calcaneum
2567 2718 2820 2785 molitur,
2855 2719 2993 2790 quia
3046 2721 3151 2775 etsi
3185 2721 3558 2792 suggestione
3587 2719 3753 2792 prima
3778 2718 3855 2772 in-

2196 2811 2513 2866 tentionem
2550 2826 2664 2865 non
2720 2810 2997 2881 percutit,
3051 2810 3324 2883 decipere
3355 2812 3410 2866 in
3447 2812 3557 2867 ﬁne
3603 2807 3781 2865 tendit.
3807 2807 3853 2860 8i

2195 2904 2389 2954 autem
2425 2898 2604 2955 semel
2637 2915 2735 2955 cor
2763 2899 2824 2955 in
2855 2898 3183 2956 intentione
3198 2901 3617 2973 corrumpitur,
3647 2912 3856 2969 sequen-

2193 2989 2268 3043 tis
2298 2989 2541 3045 actionis
2585 2988 2889 3056 medietas,
2921 2993 2978 3045 et
3035 2991 3332 3046 terminus
3390 2991 3461 3046 ab
3495 2991 3652 3046 hoste
3678 2986 3856 3042 callido

382 3083 493 3139 Sed
524 3086 719 3137 tamen
752 3080 797 3135 si
830 3096 888 3135 se
919 3080 976 3133 in
1007 3078 1135 3150 ipsa
1166 3082 1379 3134 sanctae
1429 3075 1752 3131 devotionis
1795 3075 1886 3130 via
1919 3080 2083 3130 caute
2114 3096 2157 3162 ο
2196 3095 2396 3135 secure
2428 3079 2757 3151 possidetur
2788 3095 2800 3145 ;
2838 3079 3117 3152 quoniam
3151 3085 3332 3136 totam
3361 3081 3473 3136 sibi
3492 3075 3859 3135 arborumiru-

380 3171 826 3242 circumspicere
856 3168 1146 3236 nesciunt,
1170 3165 1375 3222 lsmael
1397 3164 1701 3221 Nathaniae
1727 3163 1880 3219 ﬁlius
1911 3164 1967 3218 in
1993 3180 2082 3218 eo-

379 3279 508 3318 rum
531 3275 838 3316 occursum
871 3257 1054 3325 venit;
1076 3257 1210 3327 quia
1231 3255 1504 3310 nimirum
1528 3253 1773 3324 quilibet
1792 3253 2085 3324 malignus

377 3351 642 3422 spiritus,
680 3348 889 3419 prioris
938 3345 1053 3413 sui,
1101 3350 1323 3401 Satanae
1365 3343 1640 3399 videlicet
1677 3343 1970 3412 exemplo,
2022 3343 2080 3398 in

373 3439 658 3511 superbiae
691 3453 885 3494 errore
916 3439 1252 3509 generatus,
1286 3451 1344 3490 se
1370 3433 1438 3488 ad
1472 3432 1750 3504 laqueum
1785 3431 2082 3504 deceptio-

375 3528 468 3585 nis
507 3528 767 3600 opponit.
819 3527 897 3583 De
923 3542 1036 3598 quo
1081 3530 1137 3580 et
1196 3525 1341 3579 bene
1394 3523 1609 3578 dicitur
1638 3540 1658 3579 :
1724 3521 1984 3578 Incedens
2031 3524 2081 3577 et

372 3620 599 3692 plorans
631 3618 786 3683 ibat;
845 3615 980 3686 quia
1012 3618 1076 3670 ut
1131 3616 1365 3669 devotas
1397 3611 1962 3668 mentesinterimere
1996 3612 2080 3667 fe-

376 3707 578 3763 riendo
627 3704 958 3778 praevaleat,
1008 3703 1388 3774 semetipsum
1440 3701 1610 3774 quasi
1652 3702 1763 3758 sub
1793 3701 2080 3757 velamine

373 3796 604 3852 virtutis
644 3793 895 3850 occultat
929 3811 941 3861 ;
974 3797 1031 3850 et
1061 3795 1199 3849 dum
1219 3791 1569 3849 concordare
1600 3808 1664 3848 se
1711 3807 1843 3848 vere
1872 3790 2078 3862 lugen-

373 3885 530 3940 tibus
561 3883 825 3950 simulat,
871 3883 940 3937 ad
983 3881 1178 3938 cordis
1231 3880 1438 3936 intima
1471 3880 1734 3935 securius
1767 3880 2075 3948 admissus,

372 3974 672 4045 hoc,quod
727 3975 887 4028 intus
934 3973 1006 4027 de
1077 3968 2074 4042 virtutelatet,(d)occidit.Quiple-

371 4081 620 4136 rumque
651 4080 711 4118 se
743 4064 992 4134 spondet
1049 4063 1118 4117 ad
1166 4061 1376 4116 altiora
1435 4060 1768 4130 provehere.
1826 4058 1988 4115 Unde
2021 4062 2078 4113 et

373 4154 592 4209 dixisse
651 4152 1014 4223 perhibetur,
1081 4151 1262 4206 Venite
1318 4150 1388 4204 ad
1446 4148 1727 4204 Godoliam
1756 4147 1936 4218 ﬁlium
1979 4149 2076 4203 Ai-

371 4244 530 4298 cham
562 4260 582 4303 ;
613 4246 787 4313 atque
819 4242 956 4297 dum
995 4241 1218 4311 majora
1265 4238 1576 4310 promittit,
1609 4237 1778 4292 etiam
1834 4237 2076 4292 minima

374 4331 686 4385 subtrahit.
728 4331 886 4387 Unde
918 4334 972 4387 et
1004 4334 1158 4386 recte
1188 4330 1410 4384 dictum
1443 4333 1532 4384 est
1563 4345 1576 4382 :
1612 4327 1718 4398 Qui
1736 4343 1860 4383 cum
1888 4327 2075 4383 venis-

2195 3175 2324 3225 ctus
2353 3170 2498 3225 ferre
2529 3169 2836 3240 conspicit,
2872 3187 3040 3242 quam
3068 3171 3270 3226 veneni
3310 3173 3481 3228 dente
3512 3172 3567 3225 in
3600 3168 3770 3226 radice
3789 3165 3859 3219 vi-

2193 3259 2376 3315 tiavit.
2411 3258 2558 3325 Quia
2582 3275 2717 3330 ergo
2746 3275 2982 3316 summa
3012 3276 3152 3315 cura
3182 3259 3548 3332 vigilandum
3583 3263 3760 3326 est,ne
3787 3253 3859 3309 vel

2193 3349 2361 3413 bonis
2389 3349 2662 3421 operibus
2712 3350 2970 3405 serviens
3030 3366 3216 3418 mens,
3281 3351 3530 3423 reproba
3582 3345 3860 3404 intentione

2191 3437 2508 3509 polluatur,
2532 3442 2686 3494 recte
2717 3438 2958 3494 dicitur:
2988 3441 3065 3494 Ne
3082 3440 3230 3506 forte
3257 3439 3613 3511 peccaverint
3639 3437 3736 3507 ﬁlii
3753 3433 3856 3497 mei,

2189 3531 2243 3582 et
2273 3527 2656 3583 benedixerint
2701 3527 2802 3583 Deo
2847 3529 2902 3581 in
2935 3528 3192 3583 cordibus
3221 3531 3369 3586 suis.
3403 3533 3482 3585 Ac
3513 3528 3560 3584 si
3599 3534 3771 3597 aperte
3797 3523 3860 3577 di-

2189 3622 2459 3674 ceretur:
2515 3616 2753 3674 Nullum
2805 3622 2890 3672 est
2942 3617 3182 3688 bonum,
3241 3620 3401 3689 quod
3433 3619 3570 3675 foris
3601 3615 3789 3689 agitur,
3818 3611 3857 3666 si

2188 3721 2304 3762 non
2337 3723 2439 3779 pro
2471 3723 2537 3762 eo
2571 3707 2727 3761 intus
2758 3711 2890 3762 ante
2926 3708 3020 3761 Dei
3057 3707 3255 3763 oculos
3291 3709 3637 3764 innocentia
3666 3706 3860 3761 victima

2186 3797 2245 3850 in
2297 3813 2396 3850 ara
2453 3795 2644 3851 cordis
2689 3794 3042 3850 immolatur.
3103 3796 3241 3867 [Vet.
3283 3799 3672 3868 XXXIX].Tota
3697 3795 3860 3862 itaque

2187 3887 2389 3943 virtute
2421 3885 2863 3957 perspiciendus
2894 3889 2979 3940 est
3011 3886 3224 3942 ﬂuvius
3281 3888 3508 3958 cperis,
3542 3886 3590 3942 si
3620 3900 3783 3958 purus
3807 3896 3862 3936 e-

2186 3981 2385 4032 manat
2415 3992 2482 4030 ex
2514 3976 2667 4030 fonte
2726 3976 3118 4046 cogitationis.
3178 3978 3357 4033 Omni
3390 3995 3532 4033 cura
3581 3973 3860 4031 servandus

2185 4070 2272 4122 est
2303 4083 2332 4119 a
2367 4064 2592 4119 malitiae
2621 4063 2859 4136 pulvere
2889 4066 3092 4120 oculus
3111 4066 3306 4122 cordis
3333 4083 3348 4134 ;
3384 4083 3458 4122 ne
3490 4066 3616 4132 hoc,
3648 4061 3779 4135 quod
3810 4058 3859 4112 in

2185 4155 2407 4210 actione
2429 4159 2649 4210 rectum
2671 4153 3011 4210 hominibus
3035 4159 3315 4223 ostentat,
3337 4157 3494 4227 apud
3514 4153 3857 4222 semetipsum

2183 4261 2285 4316 per
2314 4244 2514 4299 vitium
2551 4260 2735 4315 prava:
2768 4244 3108 4300 intentionis
3134 4245 3489 4318 intorqueat.

2250 4334 2340 4387 54.
2393 4333 2510 4389 ideo
2567 4335 2902 4400 curandum,
2963 4349 3032 4388 ne
3066 4335 3204 4390 bona
3261 4351 3430 4406 opera
3485 4342 3668 4391 nostra
3712 4341 3860 4402 pauca

373 4428 488 4474 sent
525 4420 597 4474 ad
644 4419 887 4474 medium
936 4420 1203 4485 civitatis,
1254 4421 1528 4489 interfecit
1572 4435 1679 4476 eos.
1731 4419 1900 4473 Viros
1941 4434 2073 4489 ergo
2107 4447 2150 4512 Ι)
2181 4423 2313 4489 sint,
2348 4427 2442 4478 aut
2471 4422 2794 4477 indiscussa.
2833 4453 2894 4462 —
2920 4424 3255 4479 Curandum
3289 4424 3496 4496 itaque
3524 4428 3613 4479 est
3645 4435 3705 4476 ne
3732 4419 3860 4472 bona

374 4511 444 4564 ad
477 4509 768 4564 offerenda
799 4509 914 4564 Deo
947 4525 1191 4564 munera
1219 4510 1537 4577 venientes,
1567 4509 1626 4566 in
1646 4508 1836 4565 medio
1867 4508 2076 4563 civita-

375 4599 451 4655 tis
475 4598 783 4654 interficit:
821 4601 957 4670 quia
984 4599 1201 4655 divinis
1258 4599 1463 4656 dedita
1507 4600 1783 4672 operibus
1823 4603 2068 4663 mentes,

374 4688 489 4745 nisi
521 4703 731 4761 magna
762 4704 823 4746 se
855 4689 1369 4760 circumspectione
1404 4691 1750 4755 custodiant,
1785 4690 1948 4745 hoste
1979 4706 2073 4744 su-

375 4779 679 4853 bripiente,
706 4779 846 4835 dum
879 4779 1205 4836 devotionis
1255 4785 1484 4849 portant
1540 4781 1811 4844 hostiam,
1855 4779 1914 4835 in
1946 4780 2071 4850 ipso

371 4871 577 4926 itinere
633 4871 882 4940 perdunt
938 4868 1142 4924 vitam.
1178 4867 1258 4924 De
1288 4870 1455 4940 cujus
1510 4870 1694 4925 hostis
1728 4885 1903 4926 manu
1949 4884 2068 4925 non

373 4960 660 5025 evaditur,
693 4958 996 5016 nisicitius
1019 4958 1090 5014 ad
1107 4959 1507 5029 paenitentiam
1538 4965 1885 5017 recurratur.
1911 4960 2074 5017 Unde

445 5247 525 5316 (a)
558 5247 932 5322 Remenses,t
972 5249 1717 5322 Remig.,Cerb.,Germ.et
1740 5250 1837 5308 alii
1859 5251 2075 5311 habent

378 5317 594 5386 laqueos
623 5320 784 5375 mihi.

444 5389 519 5468 _(b)
551 5387 710 5468 Unus
741 5407 807 5468 ex
841 5392 1004 5468 item.
1042 5402 1093 5448 et
1126 5395 1159 5447 2
1193 5395 1440 5468 Remig.,
1475 5397 1615 5450 rasis
1657 5397 1859 5452 barbis.
1894 5398 1926 5450 3
1959 5397 2075 5453 Re-

377 5462 542 5525 mig.,
576 5462 716 5513 rasis
760 5462 1002 5516 barbam.

477 5529 808 5611 (c)lbidem,
862 5549 997 5611 pro,_
1047 5538 1352 5611 squalentes
1393 5555 1652 5605 munera,
1686 5545 1819 5608 etc.,
1870 5558 2073 5597 omnes

375 5601 535 5679 Rern.
561 5605 618 5679 et
650 5600 871 5679 ltepig.
906 5600 1124 5679 habent
1151 5609 1457 5677 squalentes
1473 5600 1713 5679 pulvere,
1749 5600 1857 5668 etc.

445 5672 529 5744 (ά)
561 5671 884 5728 Mss.Corb.
917 5679 974 5729 et
1003 5671 1223 5742 GermI,
1254 5671 1483 5738 occidat;
1518 5681 1680 5738 Unde
1702 5671 1871 5754 prius
1906 5685 2074 5741 forsi-

2185 4518 2380 4570 nostra
2412 4529 2597 4586 pauca
2628 4513 2784 4581 sint;
2816 4514 3140 4568 curandum
3176 4529 3246 4568 ne
3290 4515 3620 4570 indiscussa
3653 4525 3751 4578 ;ne
3778 4508 3859 4561 aut

2185 4621 2366 4676 pauca
2397 4611 2652 4673 agentes,
2700 4604 3070 4658 inveniamur
3112 4603 3380 4671 steriles;
3415 4612 3512 4660 aut
3567 4599 3858 4658 indiscussa

2183 4694 2603 4766 relinquentes,
2636 4693 2932 4748 vecordes.
2965 4693 3163 4764 Neque
3179 4693 3336 4748 enim
3375 4705 3731 4765 unaquaeque
3747 4696 3858 4739 vere

2183 4785 2365 4840 virtus
2396 4789 2505 4848 est,
2537 4781 2584 4839 si
2633 4784 2810 4838 mista
2866 4781 2998 4838 aliis
3058 4783 3524 4839 virtutibus-non
3576 4785 3680 4837 est.
3721 4773 3856 4831 Unde

2185 4876 2336 4930 recte
2365 4873 2434 4928 ad
2472 4872 2703 4944 Moysen
2737 4871 2948 4928 dicitur
2981 4888 2994 4929 :
3027 4872 3192 4928 Sume
3229 4874 3329 4929 tibi
3373 4875 3643 4938 aromata,
3680 4869 3858 4922 stacten

2183 4971 2234 5018 et
2262 4962 2493 5033 onycha,
2525 4962 2596 5032 (ί)
2624 4961 2924 5032 galbanum
2981 4960 3109 5018 boni
3156 4960 3357 5032 odoris,
3392 4966 3444 5017 et
3463 4960 3585 5016 thus
3613 4953 3856 5013 lucidissi-

2184 5265 2277 5313 tan
2310 5256 2423 5328 leg.
2455 5261 2516 5312 ut
2546 5256 2696 5322 dum,
2730 5272 2845 5313 non
2877 5265 2928 5312 et
2956 5255 3108 5312 dum.

2253 5329 2326 5400 (ε)
2357 5313 2530 5385 δείξει
2561 5330 2620 5383 in
2653 5313 2737 5399 pl.
2778 5328 2914 5385 Msa.
2948 5331 2996 5384 et
3029 5344 3314 5400 manu...._.
3331 5325 3659 5400 exstirpare,
3674 5317 3763 5374 sed
3783 5313 3851 5400 est

2185 5400 2242 5454 in
2266 5395 2429 5455 Colb.
2465 5395 2699 5471 Legitur
2723 5400 2900 5454 etiam
2934 5401 3084 5469 apud
3127 5397 3411 5454 Paterium
3447 5396 3507 5471 in
3537 5395 3846 5471 ῦβηθεεοθρξ

2185 5487 2313 5526 xxv.
2352 5472 2414 5526 ln
2449 5460 3088 5527 Mst’Michaelensﬁaac
3117 5471 3353 5541 quidem
3387 5469 3615 5521 exstant
3641 5460 3733 5518 sed
3753 5469 3847 5512 non

2184 5559 2310 5610 cap.
2343 5559 2478 5598 xxv.

2259 5603 2329 5685 (ί)
2354 5614 2496 5670 Mss.
2532 5614 2634 5685 pl.,
2666 5615 2967 5685 galbanen,
3016 5630 3098 5670 sc.
3132 5613 3321 5685 Rem.,
3349 5607 3598 5680 Remig,
3629 5603 3844 5660 Turon.,

2186 5684 2384 5756 Corb.,
2419 5684 2635 5759 quibus
2667 5684 3044 5744 consentiunt
3071 5685 3194 5741 Vel.
3230 5684 3376 5746 Edit,
