4086 6166
279 216 401 278 553

1204 224 1619 295 MORALIUM
1670 233 1810 294 LIB.
1862 236 1936 299 II.
1987 273 2062 284 —-
2107 244 2186 303 IN
2231 244 2483 307 CAPUT
2529 248 2552 307 Ι
2602 250 2666 309 Β.
2716 250 2878 312 JOB.

3687 264 3806 327 554

272 368 456 456 mum;
478 352 561 425 (a)
581 355 814 459 aqualis
841 356 1095 427 ponderis
1123 368 1288 417 erunt
1316 363 1524 435 omnia,
1554 366 1831 441 [aciesque
1861 376 1984 443 thy-
2017 376 2071 444 Α
2104 376 2291 434 ﬁciem
2324 378 2554 437 virtutis
2586 399 2946 443 emovemus.
2971 389 3148 459 Cujus
3179 395 3341 450 artus
3372 393 3430 450 in
3463 395 3648 455 frusta
3668 414 3804 456 con.

274 446 491 500 miama
525 450 889 517 compositum
917 465 1081 521 opere
1110 458 1487 525 unguentarii,
1510 460 1730 515 mistum
1754 461 1989 535 diligen-

279 541 369 590 ter
412 541 469 590 et
512 552 720 606 purum
753 538 945 605 (Exod.
978 556 1106 606 xxx,
1137 542 1251 613 34).
1286 545 1626 615 Thymiama
1666 550 1878 622 quippe
1925 569 1994 609 ex

276 628 643 683 aromatibus
673 630 1063 701 compositum
1109 632 1373 705 facimus,
1407 652 1538 692 cum
1571 639 1627 693 in
1661 640 1823 696 altari
1855 643 1993 699 boni

276 719 495 788 operis,
537 718 820 775 virtutum
855 720 1281 794 multiplicitate
1314 726 1665 784 redolemus.
1691 732 1852 795 Quod
1884 732 1990 787 mi-

275 812 435 864 stum
457 813 515 863 et
534 825 746 881 purum
764 810 848 878 ﬁt;
873 813 1009 882 quia
1024 817 1240 882 quanto
1262 815 1443 871 virtus
1474 817 1668 874 virtuti
1691 821 1989 892 jungitur,

277 900 439 953 tanto
470 897 773 955 incensum
798 899 932 956 boni
956 904 1151 972 operis
1174 903 1462 960 sincerius
1481 907 1805 965 exhibetur.
1831 910 1992 969 Unde

276 992 333 1044 et
354 988 504 1044 bene
525 988 939 1061 subjungitur:
962 990 1203 1063 Cumque
1223 994 1283 1048 in
1304 997 1693 1053 tenuissimum
1712 1001 1992 1070 pulverem

274 1078 540 1134 universa
581 1078 914 1145 contuderis,
961 1096 1143 1150 pones:
1165 1098 1237 1137 ea:
1263 1098 1322 1138 eo
1351 1100 1537 1141 coram
1579 1089 1878 1145 testimonii
1906 1098 1989 1147 ta-

276 1167 575 1223 bernaculo
604 1168 793 1238 (Ibid,
825 1168 935 1241 36).
971 1171 1032 1225 In
1060 1172 1476 1229 tenuissimum
1531 1175 1820 1247 pulverem
1854 1197 1993 1236 aro-

274 1261 435 1313 mata
467 1257 741 1313 universa
770 1260 1144 1325 conterimus,
1171 1277 1304 1316 cum
1338 1263 1490 1318 bona
1520 1269 1718 1321 nostra
1743 1269 1905 1338 quasi
1930 1270 1989 1326 in

277 1348 351 1418 (b)
376 1346 494 1418 pilo
517 1347 978 1415 cordis,occulta
1000 1350 1361 1408 discussione
1384 1355 1725 1424 tundimus;
1748 1359 1875 1414 etsi
1899 1375 1990 1415 ve-

274 1436 485 1491 raciter
528 1436 681 1491 bono
729 1437 870 1505 sint,
922 1439 1217 1496 subtiliter
1265 1446 1669 1501 retractemus.
1715 1448 1991 1507 Aromata

276 1540 417 1597 ergo
450 1525 507 1581 in
540 1524 833 1597 pulverem
884 1529 1164 1599 redigere,
1206 1534 1295 1586 est
1333 1532 1572 1589 virtutes
1625 1537 1990 1607 recogitando

274 1620 485 1687 terere,
517 1621 574 1673 et
605 1631 791 1689 usque
819 1619 893 1675 ad
927 1618 1307 1677 subtilitatem
1341 1622 1552 1679 occulti
1581 1627 1866 1684 examinis
1898 1645 1986 1686 re-

274 1722 501 1762 vocare.
549 1706 620 1762 Et
669 1709 1015 1776 notandum,
1050 1711 1202 1780 quod
1235 1712 1306 1766 de
1334 1714 1536 1817 eodem
1568 1714 1803 1785 pulvere
1836 1717 1990 1773 dici-
2022 1751 2068 1817 Β

281 1803 373 1853 tur
406 1814 420 1851 :
452 1799 625 1853 Panes
654 1813 724 1853 ea:
750 1813 811 1855 eo
839 1814 1023 1855 coram
1069 1802 1374 1883 testimonii
1416 1804 1806 1875 tabernaculo,-
1849 1810 1990 1880 quia

275 1891 418 1943 tunc
474 1886 751 1942 nimirum
808 1887 963 1945 bona
1014 1893 1212 1945 nostra
1251 1892 1527 1949 veraciter
1581 1895 1639 1950 in
1681 1906 1990 1967 conspectu

266 1976 492 2048 judicia
525 1975 773 2048 placent,
799 1992 931 2032 cum
965 1977 1086 2034 haec
1119 1968 1285 2035 mens
1317 1981 1593 2039 subtilius
1621 1986 1990 2058 recogitando

268 2066 549 2131 conterit,
581 2068 639 2120 et
670 2066 834 2136 quasi
857 2066 929 2121 de
950 2068 1310 2124 aromatibus
1344 2071 1635 2140 pulverem
1668 2075 1889 2143 reddit;
1919 2094 1990 2133 ne

274 2154 370 2209 81
396 2168 668 2225 grossum
699 2155 1031 2226 durumque
1062 2158 1137 2211 sit
1168 2156 1385 2214 bonum
1406 2161 1561 2231 quod
1595 2162 1815 2233 agitur;
1848 2181 1918 2220 ne
1938 2166 1989 2220 si

274 2243 386 2300 hoc
418 2248 579 2299 arcta
610 2245 1032 2301 retractationis
1064 2261 1275 2303 manus
1308 2264 1419 2303 non
1444 2253 1820 2317 comminuat,
1855 2256 1993 2309 odo-

273 2350 396 2390 rem
424 2334 495 2389 de
525 2350 587 2390 se
616 2333 887 2390 subtilius
920 2351 1032 2391 non
1066 2347 1352 2408 aspergat.
1379 2339 1523 2395 Hinc
1544 2345 1635 2395 est
1655 2342 1809 2397 enim
1832 2345 1987 2413 quod

272 2440 506 2495 sponsae
537 2423 747 2491 virtus,
781 2424 979 2494 sponsi
1013 2441 1150 2480 voce
1199 2425 1495 2496 laudatur,
1546 2445 1676 2484 cum
1728 2432 1939 2486 dicitur
1971 2449 1984 2489 :

271 2516 410 2585 Quae
433 2518 509 2570 est
540 2517 673 2580 ista,
704 2528 832 2585 qum
860 2516 1109 2570 ascendit
1146 2532 1245 2587 per
1272 2517 1570 2585 desertum,
1602 2522 1742 2575 sicut
1773 2523 1989 2593 virgula

268 2607 418 2677 fumi
446 2621 518 2660 ea:
543 2604 886 2659 aromatibus
913 2604 1163 2675 myrrha:
1190 2611 1243 2662 et
1275 2608 1479 2673 thuris,
1511 2615 1566 2664 et
1594 2609 1843 2665 universi
1868 2613 1989 2683 put-

268 2697 416 2751 veris
444 2695 796 2765 pigmentarii
826 2692 1008 2765 (Cant.
1043 2711 1126 2761 ιιι,
1160 2695 1256 2767 6)?
1304 2697 1516 2753 Sancta
1547 2699 1760 2771 quippe
1791 2699 1990 2757 Eccle-

269 2787 360 2843 sia
400 2784 556 2842 sicut
586 2784 731 2840 fumi
765 2784 988 2857 virgula
1012 2801 1080 2841 ex
1112 2788 1470 2843 aromatibus
1519 2792 1815 2859 ascendit;
1850 2793 1989 2864 quia

273 2891 341 2932 ex
385 2876 516 2930 vitae
561 2890 683 2930 sua;
725 2873 1041 2929 virtutibus
1092 2875 1151 2930 in
1200 2875 1416 2931 interni
1455 2877 1710 2949 quotidie
1767 2879 1989 2936 incensi

274 2962 693 3021 rectitudinem
727 2963 975 3035 proficit,
1000 2979 1105 3019 nec
1133 2981 1337 3036 sparsa
1367 2982 1466 3036 per
1495 2968 1874 3039 cogitationes
1896 2971 1992 3025 de-

276 3052 427 3120 ﬂuit,
479 3051 581 3108 sed
632 3066 754 3107 sese
804 3050 955 3105 intra
1005 3068 1214 3107 arcana
1254 3054 1445 3109 cordis
1484 3054 1544 3110 in
1586 3055 1790 3126 rigoris
1832 3057 1991 3129 virga

2102 466 2374 537 cidimus,
2420 484 2553 526 cum
2596 473 3023 538 distinguentes
3066 482 3360 539 subtiliter
3404 485 3530 554 ejus
3578 488 3805 553 intima,

2103 558 2591 631 membratiinque
2634 564 2980 635 cogitamus.
3015 568 3347 627 Curandum
3398 588 3532 645 ergo
3576 581 3685 647 est,
3736 595 3807 634 ne

2102 660 2233 699 cum
2271 647 2417 702 mala
2448 651 2755 717 vincimus,
2791 655 2959 709 bonis
2998 659 3434 717 lascivientibus
3465 664 3808 734 supplante~

2104 748 2267 799 mur;
2304 751 2374 789 ne
2406 737 2651 793 fortasse
2682 740 2836 795 ﬂuxa
2882 747 3180 813 prodeant,
3217 764 3285 804 ne
3325 749 3809 823 incircumspecta

2101 823 2427 892 capiantur,
2478 844 2550 883 ne
2591 845 2691 900 per
2728 846 3000 902 errorem,
3050 836 3201 892 viam
3252 839 3542 909 deserant,
3592 858 3663 897 ne
3709 858 3811 914 per

2100 911 2505 971 lassitudinem
2525 917 2721 987 fracta,
2738 924 2989 977 anteacti
3014 925 3223 982 laboris
3245 931 3517 985 meritum
3544 911 3808 1000 perdant-

2099 1003 2163 1057 In
2195 1005 2420 1059 cunctis
2452 1007 2603 1062 enim
2634 1009 2943 1079 vigilanter
2973 1014 3144 1070 debet
3174 1033 3235 1072 se
3268 1034 3429 1073 mens
3461 1020 3811 1091 circumspi-

2101 1106 2244 1158 cere,
2280 1096 2453 1165 atque
2494 1095 2553 1150 in
2602 1096 2730 1167 ipsa
2763 1100 3299 1172 circumspectionis
3331 1107 3431 1162 38
3462 1123 3584 1163 suae
3614 1110 3812 1177 provi-

2101 1180 2297 1237 dentia
2328 1199 2711 1253 perseverare.
2743 1188 2905 1244 Unde
2935 1196 2990 1244 et
3023 1199 3171 1247 recte
3204 1195 3582 1269 subjungitur
3614 1212 3627 1250 :

2525 1275 2756 1333 CAPUT
2796 1279 3054 1336 xxxvn
3087 1283 3231 1355 [aea
3263 1286 3385 1357 XX].

2168 1363 2311 1417 Isin.
2346 1393 2412 1403 —
2443 1362 2533 1419 Sic
2560 1367 2799 1435 faciebat
2828 1371 2923 1425 Job
2953 1375 3162 1427 cunctis
3188 1375 3379 1432 diebus
3406 1378 3504 1448 (ο).

2168 1451 2260 1505 55.
2294 1452 2725 1512 Perseverantia
2772 1462 3115 1517 necessaria.
3149 1494 3217 1503 —-
3259 1464 3556 1525 Incassum
3596 1473 3811 1547 quippe

2099 1541 2317 1597 bonum
2352 1544 2543 1615 agitur
2572 1547 2671 1615 (De
2707 1550 2926 1618 paruit,
2960 1551 3086 1607 dist.
3118 1552 3173 1623 3,
3206 1570 3329 1610 can.
3365 1561 3452 1625 l7,
3484 1541 3809 1636 incassum),

2098 1631 2151 1687 si
2194 1639 2326 1687 ante
2374 1637 2692 1690 terminum
2744 1637 2871 1693 vita:
2921 1641 3255 1710 deseratur;
3307 1648 3445 1716 quia
3494 1657 3541 1704 et
3595 1631 3813 1710 frustra

2097 1720 2370 1776 velociter
2425 1724 2625 1785 currit,
2675 1726 2771 1796 qui
2832 1730 2992 1799 prius
3041 1746 3217 1801 quam
3267 1737 3335 1789 ad
3388 1742 3571 1794 metas
3618 1742 3815 1798 veniat

2102 1807 2315 1863 deﬁcit.
2350 1811 2499 1867 Hinc
2529 1820 2613 1867 est
2645 1814 2799 1869 enim
2833 1818 2983 1886 quod
3020 1819 3091 1874 de
3136 1822 3400 1891 reprobis
3431 1825 3646 1883 dicitur
3675 1846 3688 1883 :
3731 1831 3815 1886 γε

2100 1897 2190 1953 his
2220 1901 2314 1969 qui
2358 1900 2719 1971 perdiderunt
2763 1905 3153 1963 sustinentium
3185 1910 3384 1981 (Eccti.
3422 1930 3478 1974 ιι.
3515 1916 3625 1985 16).
3669 1918 3814 1975 Hinc

2098 1986 2297 2042 electis
2342 1989 2466 2044 suis
2496 1989 2724 2046 Veritas
2755 1992 2941 2049 dicit:
2984 1997 3077 2050 Vos
3123 2000 3250 2054 estis
3299 2003 3398 2070 qui
3437 2008 3816 2072 permansistis

2095 2091 2307 2132 mecum
2353 2079 2412 2132 in
2459 2082 2855 2137 tentationibus
2883 2086 3018 2139 meis
3048 2086 3193 2157 (Luc.
3224 2105 3359 2156 χχιι,
3391 2092 3505 2160 28).
3540 2094 3684 2151 Hinc
3711 2096 3813 2153 Jo-

2095 2167 2260 2237 seph,
2286 2168 2385 2237 qui
2418 2168 2565 2223 inter
2596 2171 2803 2226 fratres
2837 2189 3019 2243 usque
3040 2178 3109 2229 ad
3136 2177 3307 2232 ﬁnem
3333 2180 3533 2248 justus
3557 2200 3819 2254 perseve-

2097 2272 2254 2309 rasse
2310 2257 2681 2324 describitur,
2728 2259 2888 2314 solus
2937 2261 3180 2317 talarem
3229 2267 3489 2323 tunicam
3541 2270 3815 2330 habuisse

2097 2343 2427 2414 perhibitur
2474 2344 2687 2414 (Genes.
2739 2364 2953 2411 xxxvii,
2982 2352 3075 2417 24,
3118 2368 3221 2407 sec.
3260 2356 3421 2426 LXX).
3477 2362 3619 2414 Nam
3668 2360 3812 2431 quid

2096 2438 2185 2487 est
2214 2432 2412 2488 talaris
2445 2435 2662 2503 tunica,
2686 2437 2967 2494 nisiiactio
2991 2445 3428 2500 consummata?
3448 2449 3624 2513 Quasi
3653 2451 3810 2507 enim

2096 2522 2171 2593 (rt)
2198 2527 2466 2591 protensa
2488 2526 2690 2581 tunica
2713 2527 2892 2583 talum
2913 2532 3173 2599 corporis
3187 2535 3532 2603 operit,cum
3556 2537 3709 2594 bona
3723 2556 3815 2596 ac-

2093 2612 2175 2666 tio
2207 2616 2339 2666 ante
2370 2611 2468 2666 Dei
2504 2613 2703 2669 oculos
2736 2632 2922 2687 usque
2968 2621 3036 2673 ad
3072 2622 3200 2675 vita:
3241 2638 3342 2677 nos
3374 2625 3691 2682 terminum
3726 2632 3813 2684 te-

2095 2700 2194 2769 git.
2218 2701 2362 2756 Hinc
2384 2709 2469 2756 est
2492 2703 2642 2774 quod
2665 2720 2767 2773 per
2796 2705 3030 2777 Moysen
3057 2710 3299 2765 caudam
3335 2711 3535 2769 hostia
3558 2714 3615 2770 in
3645 2715 3815 2775 altari

2097 2790 2301 2845 offerre
2345 2792 2674 2861 praecipitur
2719 2794 2910 2864 (Exod.
2944 2813 3095 2864 χχιχ,
3128 2799 3228 2864 22;
3276 2800 3449 2857 Levit.
3490 2819 3576 2873 ιιι,
3610 2805 3697 2876 9);
3748 2812 3814 2864 ut

2096 2878 2364 2935 videlicet
2392 2896 2564 2935 omne
2596 2881 2809 2937 bonum
2846 2886 3000 2955 quod
3042 2886 3372 2958 incipimus,
3407 2891 3579 2947 etiam
3613 2909 3814 2964 perse-

2098 2970 2321 3025 veranti
2356 2970 2466 3025 ﬁne
2497 2972 2915 3042 compleamus.
2967 2975 3125 3031 Bene.
3167 2977 3350 3049 igitur
3378 2976 3562 3053 coepta
3590 2986 3820 3043 cunctis

2109 3056 2317 3113 diebus
2349 3059 2572 3127 agenda
2600 3064 2773 3128 sunt;
2810 3071 2867 3116 ut
2892 3078 3025 3118 cum
3052 3064 3272 3121 malum
3305 3069 3619 3139 pugnando
3638 3072 3822 3142 repel-

284 3141 659 3211 constringit.
703 3142 837 3207 Qum
878 3158 945 3197 ea
990 3157 1112 3212 quae
1154 3143 1293 3213 agit,
1323 3144 1464 3199 dum
1496 3146 1813 3218 recogitate
1843 3127 1998 3204 sem-
2029 3127 2071 3193 ί)
2109 3146 2263 3215 litur,
2298 3146 2426 3217 ipsa
2451 3147 2585 3203 boni
2617 3127 2854 3206 victoria
2884 3155 3221 3209 constantiae
3255 3127 3427 3213 manu
3459 3127 3748 3215 teneatur.

284 3248 389 3304 per
436 3248 501 3286 ac
548 3235 861 3286 retractare
916 3246 1030 3285 non
1077 3231 1310 3297 desinit,
1345 3234 1637 3305 myrrham
1672 3236 1907 3306 quidem
1941 3241 1999 3294 et

281 3322 423 3377 thus
467 3322 645 3378 habet
685 3321 742 3377 in
789 3336 982 3393 opere,
1030 3324 1130 3377 sed
1183 3322 1477 3394 pulverem
1522 3325 1581 3380 in
1622 3327 1992 3397 cogitatione.

280 3411 429 3468 Hinc
469 3416 577 3478 est,
610 3411 762 3483 quod
798 3410 868 3464 de
900 3408 1258 3467 oblatoribus
1290 3412 1490 3467 hostiae
1523 3414 1593 3469 ad
1629 3416 1854 3487 Moysen
1889 3416 1992 3471 ite-

287 3519 418 3558 rum
467 3501 729 3557 dicitur:
772 3501 1026 3556 Detracta
1072 3501 1214 3572 pelle
1265 3500 1471 3570 hostia,
1512 3511 1669 3560 artus
1708 3507 1768 3561 in
1814 3507 1995 3574 frusta

284 3592 575 3650 concidant
604 3590 799 3663 (Levit.
832 3607 873 3662 ι,
900 3590 976 3662 6).
1008 3591 1153 3663 [νει.
1189 3592 1305 3663 xt..]
1356 3593 1570 3649 Pellem
1605 3611 1858 3666 namque
1887 3595 1992 3651 bo-

284 3684 410 3741 etia
442 3681 868 3752 subtrahimus,
887 3697 1020 3737 cum
1045 3699 1077 3737 a
1099 3682 1314 3738 mentis
1345 3687 1554 3739 nostra
1576 3683 1761 3741 oculis
1791 3701 1992 3757 super-

351 3825 429 3896 (a)
461 3826 611 3889 Haec,
660 3824 887 3894 aqualis
925 3822 1185 3895 ponderis
1213 3832 1375 3878 erunt
1406 3826 1610 3890 omnia,
1643 3824 1703 3880 in
1735 3824 1813 3896 pl.
1848 3825 1991 3882 Mss.

278 3913 397 3953 non
429 3896 738 3951 habentur.

379 3972 430 4035 b)
462 3972 601 4022 Mss.
632 3966 852 4037 Anglic.
886 3969 944 4020 et
973 3965 1176 4031 nostri,
1208 3970 1445 4037 excepto
1478 3970 1674 4023 tamen
1708 3967 1899 4035 Corb.,
1932 3969 1990 4024 in

272 4038 415 4121 pila
433 4039 630 4121 cordis.
667 4039 748 4121 lla
771 4038 955 4121 etiam
982 4038 1431 4121 legit‘Pateriu’s.
1621 4109 1632 4121 ι
1864 4109 1875 4121 ⁸

351 4112 422 4182 (c)
446 4111 510 4166 In
533 4110 782 4181 vulgatis
802 4107 1197 4165 additur’vitw
1223 4110 1494 4174 suz.Quaa
1518 4109 1692 4167 verba
1720 4109 1994 4169 nesciunt

2175 3236 2267 3291 56.
2303 3240 2431 3292 Haec
2462 3237 2657 3309 itaque
2686 3240 2795 3293 sub
2843 3240 3137 3298 intellectu
3190 3244 3403 3317 triplici
3449 3247 3724 3315 diximus,
3758 3254 3822 3306 ut

2105 3326 2425 3382 fastidienti
2444 3330 2648 3383 animae
2668 3331 2823 3384 varia
2846 3332 3125 3388 alimenta
3148 3341 3550 3405 proponentes,
3573 3337 3819 3409 aliquid,

2103 3416 2256 3487 quod
2291 3416 2555 3486 eligendo
2585 3423 2803 3488 sumat,
2836 3421 3168 3479 offeramus.
3204 3423 3321 3480 Hoc
3352 3429 3546 3481 tamen
3578 3442 3821 3499 magno-

2104 3521 2238 3577 pere
2287 3504 2558 3575 petimus,
2608 3513 2670 3561 ut
2715 3510 2815 3579 qui
2866 3511 2933 3564 ad
2989 3512 3309 3583 spiritalem
3371 3515 3815 3588 intelligentiam

2102 3598 2353 3651 mentem
2384 3595 2667 3664 sublevat,
2700 3614 2731 3653 a
2761 3600 3127 3657 veneratione
3158 3602 3227 3673 (e)
3258 3603 3510 3660 historiae
3558 3620 3673 3662 non
3720 3621 3811 3661 re-

2101 3681 2285 3739 cedat.

2102 3826 2242 3881 Mss.
2276 3825 2459 3913 Colb.,
2490 3827 2677 3896 Rem.,
2706 3828 2963 3913 .Remigﬂ
2997 3832 3341 3913 compend,
3374 3836 3568 3913 Germ.
3598 3841 3813 3913 etalii;

2102 3914 2303 3977 neque
2320 3897 2492 3977 etiam
2522 3899 2794 3977 superius
2827 3897 3114 3957 habentur
3142 3897 3201 3957 in
3229 3897 3423 3977 expos.
3458 3908 3577 3966 sive
3626 3897 3813 3970 hieto:

2101 3969 2226 4031 rici,
2259 3972 2379 4024 sive
2409 3969 2701 4040 allegorici
2735 3987 2965 4028 sensus.

2172 4040 2587 4122 (d_)_An_tiquior
2618 4040 2777 4096 Rem.
2805 4049 2861 4122 et
2882 4046 2904 4098 Ι
2928 4044 3147 4116 Remig.
3174 4061 3302 4100 cum
3327 4048 3493 4122 Corb.
3518 4066 3811 4122 propensa.

2170 4113 2243 4182 (e)
2262 4114 2321 4167 [n
2342 4115 2364 4167 1
2386 4112 2897 4184 Remig.,seounda
2921 4112 3157 4186 manu}:
3170 4133 3299 4175 vera
3312 4112 3810 4185 ratione'his'toriz.

1514 4380 1847 4469 LIBER
1910 4382 2551 4470 SECUNDUS.

497 4532 737 4610 Capitis
789 4532 980 4613 primi
1031 4553 1069 4596 a
1122 4552 1292 4595 versu
1343 4541 1505 4595 sexto
1563 4533 1646 4597 ad
1691 4534 1871 4616 ﬁnem
1927 4551 2128 4615 usque,
2177 4534 2491 4596 secundum
2540 4535 2840 4617 triplicem
2897 4558 3125 4601 sensum
3176 4546 3562 4627 prosequitur

1814 4633 2272 4695 enarrationem.

836 4874 1067 4932 CAPUT
1109 4875 1424 4932 PRIMUM.

348 4966 397 5020 1.
448 4965 504 5021 8.
556 4968 845 5036 scriptura
892 4966 1183 5037 Speculum
1227 4972 1329 5022 est.
1360 4998 1431 5007 ——
1479 4967 1781 5038 Scriptura
1826 4984 1992 5023 sacra

274 5054 497 5111 mentis
542 5054 725 5110 oculis
773 5054 943 5124 quasi
988 5056 1282 5125 quoddam
1332 5055 1634 5127 speculum
1682 5057 1993 5126 opponitur

269 5144 424 5214 (Vict.
459 5144 686 5213 August.
739 5146 798 5196 in
841 5144 986 5198 Psal.
1035 5159 1156 5212 cui,
1207 5161 1314 5200 ser.
1350 5146 1400 5212 1,
1434 5162 1489 5199 n.
1526 5146 1602 5216 4),
1652 5149 1717 5199 ut
1763 5148 1991 5202 interna

270 5236 479 5288 nostra
518 5232 689 5287 facies
728 5231 787 5285 in
828 5232 956 5303 ipsa
987 5233 1263 5289 videatur.
1309 5235 1390 5289 Ibi
1439 5234 1648 5290 etenim
1704 5235 1872 5299 fceda,
1906 5234 1988 5289 ibi

270 5322 526 5395 pulchra
556 5326 754 5377 nostra
785 5323 1214 5392 cognoscimus.
1251 5323 1334 5379 Ibi
1364 5326 1669 5388 sentimus,
1699 5327 1986 5395 quantum

263 5411 631 5486 proﬁcimus,
655 5411 733 5467 ibi
760 5429 792 5467 a
823 5416 1089 5484 provectu
1113 5428 1288 5483 quam
1322 5412 1488 5484 longe
1509 5414 1821 5471 distamus.
1842 5412 1985 5469 Nar-

261 5509 359 5562 rat
389 5509 584 5559 autem
607 5506 764 5573 gesta
787 5501 864 5574 (a)
886 5506 1245 5571 sanctorum,
1270 5509 1329 5559 et
1350 5503 1421 5559 ad
1444 5503 1831 5560 imitationem
1853 5517 1984 5559 cor-

343 5647 419 5717 (τι)
458 5646 598 5719 Rem
642 5649 701 5699 et
729 5644 1185 5719 _plurimi,‘gesta
1212 5650 1463 5719 fortium.
1495 5648 1686 5719 Aliqui
1737 5646 1980 5712 addunt,

262 5716 422 5791 gesta
457 5716 689 5786 fortium
720 5716 964 5773 heroum.
988 5716 1263 5774 Nonnulli
1290 5720 1503 5775 habent
1532 5716 1681 5789 gesta
1708 5721 1980 5775 virorum.

611 5815 886 5880 Panos.
935 5815 1169 5882 LXXV.

2016 4882 2063 4945 Β
2096 4877 2170 4932 da
2230 4884 2500 4948 provocat
2548 4881 2933 4938 inﬁrmorum.
2977 4889 3243 4953 Dumque
3284 4886 3517 4944 illorum
3556 4889 3813 4948 victricia

2102 4967 2249 5023 facta
2292 4979 2730 5039 commemorat,
2776 4976 2976 5027 contra
3009 4972 3281 5028 vitiorum
3333 4976 3550 5045 pralia,
3595 4979 3813 5036 debilia

2102 5062 2303 5113 nostra
2345 5060 2684 5127 conﬁrmat;
2736 5061 2915 5132 ﬁtque
2950 5061 3138 5115 verbis
3190 5061 3370 5127 illius,
3420 5073 3481 5119 ut
3529 5081 3595 5121 eo
3644 5083 3813 5125 mens

2102 5147 2295 5203 minus
2345 5148 2495 5204 inter
2533 5152 2849 5205 certamina
2894 5149 3159 5219 trepidet.
3195 5166 3306 5219 quo
3337 5157 3473 5209 ante
3503 5171 3565 5210 se
3592 5157 3814 5227 positos

2100 5240 2184 5291 tot
2215 5236 2469 5292 virorum
2522 5239 2756 5293 fortium
2806 5237 3137 5307 triumphos
3174 5238 3343 5295 videt.
3380 5240 3814 5317 Nonnunquam

2098 5342 2230 5382 vero
2283 5343 2396 5380 non
2446 5326 2634 5380 solum
2691 5325 2855 5380 nobis
2902 5342 3102 5380 eorum
3155 5328 3397 5386 virtutes
3437 5336 3661 5405 asserit,
3711 5339 3815 5398 sed

2097 5414 2272 5467 etiam
2299 5429 2468 5468 casus
2497 5412 2838 5481 innotescit;
2877 5422 2931 5467 ut
2956 5418 3013 5467 et
3040 5413 3096 5467 in
3122 5414 3367 5473 victoria
3399 5420 3632 5477 fortium
3656 5428 3816 5496 quod

2095 5500 2379 5557 imitando
2427 5502 2698 5572 arripere.
2752 5507 2807 5557 et
2856 5518 3088 5559 rursum
3118 5504 3425 5565 videamus
3457 5510 3515 5568 in
3547 5510 3816 5585 lapsibus

2093 5644 2283 5723 Corb.,
2319 5660 2352 5723 et
2396 5643 2656 5723 secunda
2694 5660 2893 5723 manu,
2926 5652 3263 5717 sanctorum,
3300 5667 3333 5705 ει
3378 5651 3570 5723 prima
3599 5632 3819 5712 eorum;

2093 5717 2247 5788 quod
2282 5716 2456 5772 etiam
2490 5714 2665 5772 habet
2694 5720 2888 5774 Germ.

3415 5823 3487 5884 18
