4086 6166
282 247 402 305 555

1557 227 1829 291 SANGTI
1877 226 2247 289 GREGORII
2294 224 2551 287 MAGNI

3686 228 3809 289 556

279 378 436 452 quod
456 376 774 434 debeamus
795 375 1020 431 timere.
1042 372 1183 429 Ecce
1205 372 1361 428 enim
1377 369 1482 427 Job
1499 366 1849 424 describitur
1868 369 1986 422 ten-
2016 367 2067 435 Α
2100 367 2381 421 moratur.
2412 365 2556 420 Hinc
2577 368 2666 421 est
2688 365 2839 435 quod
2866 364 3162 432 Salomon,
3188 364 3285 436 qui
3309 365 3656 436 sapientiam
3691 383 3814 423 non

278 469 496 525 tatione
538 473 765 532 auctus,
815 467 912 521 sed
960 465 1133 519 David
1180 463 1494 517 tentatione
1539 464 1893 530 prostratus;
1928 462 1994 511 ut
2099 460 2574 525 perseveraturus
2605 456 2845 525 accepit,
2881 456 2937 510 in
2985 456 3207 510 somnis
3258 456 3403 510 hanc
3431 464 3484 511 et
3520 463 3685 511 nocte
3720 474 3819 512 ac-

278 567 335 615 et
367 560 652 629 majorum
674 557 864 611 virtus
898 570 1058 625 spem
1094 558 1356 608 nostram
1391 552 1592 613 foveat,
1617 554 1671 604 et
1702 548 1988 617 maiorum

277 666 447 706 casus
476 649 545 704 ad
581 646 870 702 cautelam
895 660 1000 698 nos
1025 641 1372 697 humilitatis
1395 640 1683 708 accingat;
1710 642 1993 708 quatenus

278 741 419 796 dum
470 738 569 794 illa
613 737 931 808 gaudentes
978 734 1307 793 sublevant,
1340 731 1452 784 ista
1500 735 1818 783 metuentes
1859 742 1991 796 pre-

277 834 479 897 mant;
513 832 570 882 et
601 823 893 881 audientis
943 822 1175 875 animus
1225 819 1386 874 illinc
1431 822 1554 891 spei
1590 817 1821 877 fiducia,
1854 816 1992 871 hinc

278 918 607 976 humilitate
636 912 865 969 timoris
888 910 1173 969 eruditus,
1193 925 1296 965 nec
1319 909 1641 964 temeritate
1664 906 1988 978 superbiat,

278 1009 417 1081 quia
436 1004 743 1062 formidine
767 1002 1071 1074 premitur,
1093 1016 1196 1055 nec
1224 1014 1456 1071 pressus
1472 998 1685 1053 timore
1703 999 1987 1067 desperet,

276 1098 416 1169 quia
446 1094 520 1152 ad
552 1092 674 1166 spei
706 1092 984 1149 fiduciam
1015 1092 1247 1145 virtutis
1276 1088 1538 1161 exemplo
1569 1087 1899 1144 roboratur.

966 1197 1194 1255 CAPUT
1233 1198 1305 1253 ΙΙ.

347 1311 520 1367 Vsns.
551 1311 607 1367 6.
639 1339 707 1351 —
738 1306 996 1377 Quadam
1025 1306 1111 1362 die
1139 1322 1264 1362 cum
1310 1306 1579 1361 venissent
1625 1302 1733 1373 ﬁlii
1780 1301 1900 1368 Dei,
1930 1307 1991 1356 ut

274 1403 594 1459 assisterent
623 1416 807 1457 coram
836 1399 1079 1468 domino,
1106 1398 1291 1469 adfuit
1319 1398 1466 1453 inter
1485 1411 1574 1453 eos
1597 1398 1761 1452 etiam
1795 1394 1986 1449 Satan.

344 1517 400 1570 2.
431 1513 774 1570 His'romcus
818 1526 1053 1567 sensus.
1088 1510 1263 1578 Quam
1307 1514 1559 1564 accurate
1608 1505 1665 1563 S.
1703 1505 1990 1576 Scriptura

270 1607 426 1677 facta
452 1604 747 1661 describat.
779 1631 849 1644 -
881 1600 1098 1657 Intueri
1148 1599 1291 1655 libet
1322 1597 1613 1670 quomodo
1661 1612 1827 1651 sacra
1870 1594 1988 1650 elo-

276 1696 415 1766 quia
463 1696 520 1750 in
567 1692 817 1750 exordiis
863 1691 1259 1746 narrationum
1300 1687 1610 1759 qualitates
1641 1686 1985 1757 exprimant,

2099 547 2325 613 cepisse
2373 545 2726 599 describitur
2770 547 2862 615 (III
2914 547 3035 615 Reg.
3074 546 3301 615 111,11).
3340 545 3483 600 Hinc
3530 552 3617 601 est
3664 550 3819 618 quod

2099 637 2290 704 angeli
2324 637 2395 691 ad
2428 636 2717 691 Abraham
2755 637 2989 691 meridie
3022 636 3289 702 veniunt;
3326 636 3588 707 punituri
3620 645 3823 693 autem

2101 726 2442 792 Sodomam,
2474 727 2544 780 ad
2576 742 2702 780 eam
2728 742 2970 798 Vespere
2992 727 3215 781 venisse
3243 735 3644 782 memorantur
3669 727 3805 797 (Gen

2094 830 2254 881 xvm,
2288 818 2340 880 1,
2370 816 2439 883 2;
2472 833 2588 882 xrx,
2620 816 2693 887 1').
2728 815 2872 879 Quia
2922 816 3102 886 igitur
3149 816 3299 871 beati
3328 816 3437 870 Job
3467 819 3713 872 tentatio
3743 818 3821 872 ad

2093 906 2395 961 victoriam
2446 905 2775 975 deducitur,
2825 923 2857 961 a
2905 905 2997 960 die
3047 910 3234 977 empta
3283 905 3646 977 perhibetur,
3677 922 3821 963 curn

2097 999 2308 1054 dicitur
2340 1013 2355 1054 :

2761 1107 2993 1164 CAPUT
3043 1108 3140 1166 III.

2168 1218 2311 1272 Isto.
2345 1249 2412 1257 —
2444 1218 2690 1286 Quadam
2723 1216 2829 1286 die,
2861 1234 2982 1273 cum
3015 1219 3285 1272 venissent
3325 1218 3434 1287 ﬁlii
3473 1219 3591 1283 Dei,
3626 1227 3683 1272 ut
3713 1235 3823 1273 as-

2093 1308 2363 1361 sisterunt
2390 1322 2575 1361 coram
2606 1306 2834 1361 Domino
2865 1305 3051 1379 adfuit
3078 1306 3223 1360 inter
3250 1321 3335 1362 eos
3363 1305 3534 1361 etiam
3564 1305 3757 1363 Satan.

2164 1414 2217 1469 3.
2252 1414 2522 1482 Quomodo
2560 1414 2758 1484 Ληρειὶ
2806 1419 2920 1470 Deo
2966 1414 3187 1482 adsunt,
3238 1414 3407 1471 etiam
3450 1413 3513 1469 in
3557 1413 3821 1471 ministe-

2095 1504 2241 1559 rium
2272 1505 2446 1558 missi.
2479 1507 2720 1574 Quantae
2748 1503 3073 1559 subtilitatis
3101 1503 3215 1559 sint
3243 1504 3445 1575 angeli.
3478 1534 3545 1544 —
3575 1503 3682 1571 Qui
3717 1519 3823 1560 au-

2093 1598 2209 1649 tem
2247 1594 2342 1649 Dei
2377 1593 2501 1661 filii,
2536 1593 2645 1649 nisi
2691 1595 2853 1649 electi
2899 1593 3089 1665 angeli
3122 1592 3442 1648 vocantur?
3486 1593 3565 1650 De
3596 1595 3821 1664 quibus

2094 1700 2225 1739 cum
2266 1689 2513 1751 constet,
2548 1684 2696 1754 quod
2751 1684 3053 1739 obtutibus
3100 1684 3424 1755 majestatis
3473 1684 3824 1752 inserviant,

272 1756 675 1856 terminosque
718 1797 1049 1838 causarum.
1097 1778 1420 1851 Aliquando
1466 1792 1721 1848 namque
1761 1793 1795 1831 a
1835 1775 1991 1846 posi-
2020 1756 2069 1822 Β
2099 1774 2265 1831 valde
2294 1777 2671 1845 quaerendum
2705 1780 2793 1831 est
2823 1775 2976 1830 unde
3006 1778 3259 1841 veniant,
3295 1781 3360 1831 ut
3388 1792 3579 1832 coram
3614 1778 3821 1833 Domi-

274 1874 431 1930 tione
484 1872 617 1941 loci,
658 1871 973 1943 aliquando
996 1887 1029 1926 a
1051 1870 1335 1942 positione
1364 1868 1646 1938 corporis,
1678 1865 1988 1937 aliquando

274 1981 306 2020 a
338 1962 623 2036 qualitate
666 1960 838 2029 aeris,
870 1960 1187 2031 aliquando
1218 1976 1251 2013 a
1280 1957 1560 2029 qualitate
1597 1956 1877 2027 temporis
1908 1954 1988 2008 si-

272 2058 477 2125 gnant,
502 2052 639 2123 quid
663 2052 734 2107 de
757 2055 998 2107 ventura
1021 2050 1249 2107 actione
1271 2048 1606 2117 subjiciunt.
1631 2049 1677 2101 A
1700 2045 1989 2118 positione

274 2144 492 2216 quippe
509 2144 770 2199 locorum
794 2141 992 2197 divina
1010 2141 1311 2212 Scriptura
1329 2138 1603 2208 exprimit
1624 2137 1988 2207 subsequen-

271 2235 420 2290 tium
451 2234 654 2289 merita
687 2233 950 2303 finesque
995 2246 1323 2297 causarum,
1358 2230 1509 2285 sicut
1539 2228 1609 2283 de
1641 2227 1819 2282 Israel
1850 2225 1988 2281 dicit

271 2322 408 2392 quia
426 2321 600 2377 verba
631 2319 731 2375 Dei
761 2318 820 2375 in
854 2322 1048 2375 monte
1079 2318 1282 2373 audire
1311 2332 1427 2372 non
1460 2316 1671 2387 potuit,
1704 2315 1803 2369 sed
1838 2330 1988 2386 pre-

270 2418 437 2483 cepta
464 2410 524 2466 in
550 2408 978 2480 campestribus
1009 2407 1229 2478 accepit
1264 2422 1279 2462 :
1311 2405 1766 2476 subsequentem
1812 2404 1985 2459 nimi-

270 2516 402 2557 rum
450 2499 851 2555 inﬁrmitatem
885 2496 1082 2570 populi
1114 2497 1403 2565 indicans,
1435 2495 1536 2567 qui
1569 2495 1881 2550 ascendere
1911 2494 1983 2549 ad

269 2605 508 2647 summa
533 2605 647 2645 non
673 2588 878 2656 valuit,
909 2588 1007 2643 sed
1040 2587 1421 2658 semetipsum
1454 2586 1514 2640 in
1549 2585 1765 2639 infimis
1796 2584 1985 2656 negle-

268 2685 361 2738 cte
390 2681 636 2737 vivendo
684 2678 916 2735 laxavit.
947 2681 992 2735 A
1038 2679 1325 2749 positione
1364 2676 1620 2745 corporis
1660 2676 1856 2729 futura
1881 2674 1985 2728 de-

267 2772 524 2844 nuntiat,
582 2771 736 2833 sicut
789 2770 850 2825 in
910 2768 1304 2839 apostolorum
1362 2766 1608 2823 Actibus
1657 2765 1983 2835 Stephanus

265 2862 490 2928 Jesum,
525 2860 625 2933 qui
659 2876 693 2915 a
721 2858 939 2915 dextris
970 2858 1203 2914 virtutis
1255 2856 1351 2911 Dei
1402 2856 1584 2921 sedet,
1618 2860 1865 2910 stantem
1919 2870 1982 2910 se

264 2951 488 3007 vidisse
543 2948 878 3005 manifestat
923 2947 1056 3018 (Act.
1108 2964 1211 3016 vn,
1258 2945 1349 3015 55,
1392 2944 1505 3012 56).
1565 2943 1726 2999 Stare
1768 2945 1982 3015 quippe

265 3038 600 3107 adjuvantis
628 3040 736 3092 est.
770 3037 835 3091 Et
878 3040 1032 3091 recte
1075 3046 1227 3091 stare
1275 3032 1550 3099 cernitur,
1584 3032 1684 3101 qui
1726 3032 1783 3086 in
1831 3032 1980 3088 bello

2096 1882 2169 1920 no
2219 1865 2516 1921 assistant.
2565 1864 2647 1919 De
2694 1865 2785 1919 his
2828 1866 3045 1937 quippe
3075 1882 3210 1922 voce
3236 1866 3509 1920 Veritatis
3548 1868 3763 1922 dicitur
3802 1883 3821 1924 :

2092 1956 2287 2027 Angeli
2310 1972 2499 2011 eorum
2521 1958 2577 2010 in
2600 1957 2749 2011 cretis
2775 1972 2988 2026 semper
3016 1956 3199 2012 vident
3227 1957 3426 2025 faciem
3466 1958 3651 2013 Patris
3682 1961 3820 2029 mei,

2093 2047 2189 2117 qui
2222 2049 2280 2101 in
2311 2048 2455 2101 caelis
2482 2056 2559 2101 est
2581 2047 2785 2117 (Matth.
2811 2063 2970 2112 xviri,
3004 2048 3108 2114 10).
3144 2048 3224 2103 De
3257 2048 3351 2102 his
3384 2048 3662 2119 propheta
3690 2048 3819 2105 ait:

2093 2135 2273 2192 Millia
2302 2136 2550 2191 millium
2579 2136 2976 2191 ministrabant
3005 2136 3081 2205 ei,
3114 2147 3165 2191 et
3194 2137 3367 2193 decies
3396 2138 3602 2193 millies
3627 2148 3825 2194 cente-

2093 2242 2170 2280 na
2219 2226 2404 2281 millia
2452 2226 2780 2282 assistebant
2828 2228 2884 2281 ei
2929 2227 3161 2291 (Daniel.
3212 2243 3314 2294 vu,
3372 2228 3474 2297 IO).
3526 2231 3579 2281 Si
3629 2228 3822 2298 igitur

2096 2332 2327 2387 semper
2371 2316 2587 2382 vident,
2622 2323 2678 2371 et
2729 2333 2961 2388 semper
3007 2317 3310 2385 assistunt,
3360 2316 3617 2388 vigilanti
3666 2335 3823 2375 cura.

2095 2406 2473 2475 quaerendum
2498 2413 2586 2462 est
2606 2408 2758 2462 unde
2781 2411 3043 2472 veniunt,
3067 2407 3165 2477 qui
3190 2423 3486 2478 nunquam
3513 2409 3816 2465 recedunt.

2092 2497 2199 2552 Sed
2238 2513 2370 2552 cum
2418 2499 2487 2553 de
2534 2497 2649 2552 illis
2696 2514 2797 2567 per
2842 2496 3084 2551 Paulum
3120 2498 3376 2554 dicitur:
3413 2504 3601 2555 Nonne
3629 2515 3820 2557 omnes

2089 2593 2220 2640 sunt
2250 2586 2736 2642 adrninistratorii
2757 2589 2985 2657 spiritus
3008 2586 3069 2641 in
3090 2588 3467 2642 ministrrium
3492 2591 3668 2655 missi,
3690 2606 3825 2659 pro-

2087 2682 2213 2745 pter
2241 2691 2328 2732 cos
2356 2678 2453 2747 qui
2481 2676 2955 2749 haereditatem(c)
2973 2679 3202 2747 capiunt
3232 2680 3426 2732 salutis
3448 2679 3595 2749 (Heb.
3618 2696 3656 2747 ι,
3685 2680 3823 2749 Ui)?

2088 2765 2193 2821 Per
2224 2766 2351 2834 hoc,
2385 2767 2541 2837 quod
2576 2765 2785 2821 missos
2813 2767 3244 2835 cognoscimus,
3280 2768 3433 2822 unde
3454 2767 3688 2823 veniant
3721 2770 3827 2823 in-

2087 2856 2377 2911 venimus.
2413 2856 2550 2926 [Vet.
2584 2857 2706 2928 [1].]
2753 2856 2863 2911 Sed
2900 2871 3032 2911 ecce
3077 2857 3379 2925 quaestioni
3426 2857 3817 2929 quaestionem

2079 2945 2486 3017 jungimus,et
2508 2946 2670 3016 quasi
2693 2946 2766 3016 (d)
2789 2946 2926 3001 dum
2949 2962 3155 3002 ansam
3179 2948 3400 3003 solvere
3423 2949 3682 3013 nitimur,
3710 2965 3827 3004 no-

2096 3035 2235 3090 dum
2269 3035 2537 3105 Iigamus.
2572 3037 2872 3101 Quomodo
2903 3037 3058 3091 enim
3109 3040 3208 3091 aut
3257 3053 3484 3105 semper
3514 3039 3816 3106 assistere,

266 3104 603 3187 certaminis
654 3124 992 3198 opitulatur.
1044 3125 1091 3178 A
1139 3121 1417 3195 qualitate
1466 3120 1615 3177 aeris
1648 3136 1741 3177 res
1780 3121 1982 3177 subse-
2016 3104 2058 3172 α
2099 3128 2200 3179 aut
2230 3104 2420 3180 videre
2469 3141 2701 3196 semper
2749 3126 2951 3181 faciem
2997 3126 3186 3180 Patris
3216 3104 3488 3197 possunt,
3519 3126 3567 3182 si
3599 3128 3667 3182 ad
3701 3104 3821 3183 mi-

267 3233 453 3289 quens
501 3217 957 3280 demonstratur,
1008 3213 1160 3270 sicut
1189 3211 1568 3285 evangelista,
1597 3227 1725 3267 cum
1779 3212 1981 3282 pracdi-

268 3312 436 3367 cante
469 3306 735 3375 Domino,
768 3304 962 3360 nullos
994 3309 1134 3359 tunc
1164 3319 1233 3359 ex
1260 3304 1455 3357 Judzea
1483 3301 1803 3359 credituros
1829 3300 1981 3356 dice-

266 3399 377 3464 ret,
410 3394 690 3466 premisit
720 3394 917 3449 dicens
942 3409 955 3448 :
980 3394 1162 3448 Hiems
1192 3397 1372 3447 autem
1401 3399 1522 3447 erat
1552 3392 1747 3462 (Joan.
1778 3407 1833 3459 x,
1864 3390 1977 3462 22).

267 3486 559 3555 Scriptum
580 3499 831 3555 namque
845 3486 958 3539 est:
975 3482 1340 3555 (a)Quoniam
1361 3479 1667 3536 abundabit
1691 3479 1979 3551 iniquitas,

268 3575 589 3646 refrigescet
616 3573 865 3629 charitas
894 3572 1195 3627 multorum
1218 3571 1427 3643 (Matth.
1450 3569 1733 3641 xxiv,12).
1760 3570 1980 3626 Idcirco

269 3680 402 3735 ergo
438 3664 645 3721 hiemis
676 3663 897 3719 curavit
924 3668 1158 3735 tempus
1188 3663 1529 3734 exprimere.
1561 3665 1627 3716 ut
1655 3660 1848 3716 inesse
1879 3676 1981 3716 au-

267 3755 521 3811 ditorum
552 3754 827 3810 cordibus
868 3752 1104 3809 malitia:
1151 3752 1336 3824 frigus
1382 3750 1690 3807 indicaret.
1723 3749 1867 3805 llinc
1898 3757 1982 3806 est

270 3846 427 3918 quod
468 3844 539 3901 de
588 3849 872 3917 negaturo
934 3843 1092 3899 Petro
1141 3841 1514 3914 praemittitur
1557 3855 1572 3895 :
1620 3840 1759 3908 Quia
1804 3842 1982 3908 frigus

267 3938 413 4003 erat,
458 3941 511 3991 et
557 3944 708 3991 stans
753 3933 823 3989 ad
868 3948 1076 4003 prunas
1120 3931 1476 4002 cale/aciebat
1511 3946 1569 3987 se
1607 3931 1786 4001 (Joan.
1818 3946 1976 3993 xvm,

260 4024 383 4098 .18).
408 4027 541 4080 Jam
576 4039 829 4095 namque
859 4023 1021 4078 intus
1052 4038 1084 4076 a
1113 4021 1417 4078 charitatis
1447 4019 1635 4076 calore
1668 4024 1979 4090 torpuerat,

260 4118 327 4171 et
349 4115 419 4169 ad
454 4128 712 4170 amorem
746 4110 1048 4183 praesentis
1072 4112 1220 4177 vita,
1243 4108 1413 4179 quasi
1436 4107 1511 4163 ad
1542 4112 1979 4178 persccutorum

270 4220 492 4276 prunas
538 4201 878 4258 inﬁrmitate
926 4204 1209 4257 aestuante
1257 4198 1565 4254 recalebat.
1610 4198 1654 4252 A
1703 4195 1982 4267 qualitate

272 4309 505 4364 quoque
535 4292 815 4365 temporis
850 4291 984 4347 ﬁnis
1016 4290 1363 4363 exprimitur
1389 4287 1655 4353 actionis,
1681 4287 1833 4342 sicut
1865 4303 1980 4341 non

272 4383 568 4437 rediturus
597 4382 668 4435 ad
698 4381 943 4449 veniam,
977 4381 1044 4435 ad
1078 4378 1411 4435 traditionis
1461 4377 1765 4449 perﬁdiam
1814 4381 1982 4433 nocte

2094 3214 2399 3269 nisterium
2459 3215 2713 3270 exterius
2768 3231 2869 3285 pro
2932 3218 3129 3270 nostra
3192 3215 3383 3270 salute
3450 3216 3818 3273 mittuntur?

2093 3303 2255 3367 Quod
2304 3308 2501 3359 tamen
2549 3304 2719 3359 citius
2769 3303 3067 3374 solvimus,
3114 3304 3161 3358 si
3194 3310 3417 3374 quantas
3461 3305 3814 3364 subtilitatis

2092 3395 2171 3449 sit
2219 3392 2483 3464 angelica
2526 3398 2737 3449 natura
2777 3410 3110 3465 pensamus.
3143 3394 3338 3465 Neque
3368 3394 3521 3451 enim
3551 3396 3630 3450 sic
3652 3413 3687 3452 a
3718 3398 3809 3454 di-

2090 3485 2223 3539 vina
2254 3483 2474 3539 visione
2505 3484 2661 3539 foras
2703 3490 2935 3551 exeunt,
2970 3490 3033 3539 ut
3076 3484 3313 3540 internae
3359 3486 3814 3557 contemplatio-

2093 3574 2185 3631 nis
2229 3575 2460 3647 gaudiis
2510 3575 2848 3646 priventur;
2898 3575 3033 3646 quia
3066 3576 3110 3631 si
3145 3576 3463 3632 conditoris
3502 3583 3811 3648 aspectum

2092 3669 2368 3721 exeuntes
2410 3666 2763 3731 amitterent,
2798 3680 2901 3721 nec
2937 3665 3201 3735 jacentes
3231 3667 3469 3735 erigere,
3502 3682 3607 3722 nec
3639 3667 3815 3739 igno-

2092 3755 2360 3811 rantibus
2392 3771 2523 3810 vera
2553 3755 2820 3810 nuntiare
2873 3756 3218 3824 potuissent;
3267 3758 3602 3828 fontemque
3634 3758 3812 3826 lucis,

2094 3861 2265 3916 quem
2316 3846 2679 3917 egredientes
2729 3845 2838 3914 ipsi
2890 3847 3216 3917 perderent,
3259 3847 3425 3902 caecis
3468 3847 3815 3905 nullatenus

2092 3935 2488 4006 propinarent.
2513 3934 2573 3989 In
2599 3936 2704 3990 hoc
2728 3934 2925 4006 itaque
2940 3940 3030 3989 est
3054 3951 3206 3991 nunc
3231 3941 3434 3991 natura
3457 3937 3817 4009 angeliea(e)

2091 4044 2125 4081 a
2178 4030 2399 4079 naturae
2450 4028 2659 4079 nostras
2710 4025 3040 4080 conditione
3087 4025 3379 4093 distincta,
3413 4028 3565 4097 quod
3617 4044 3721 4082 nos
3750 4032 3815 4082 et

2090 4115 2216 4171 loco
2247 4114 2811 4179 circumscribimur,
2844 4118 2900 4168 et
2946 4115 3219 4170 caecitatis
3269 4115 3602 4187 ignorantia
3644 4134 3818 4173 coar-

2092 4210 2321 4261 ctamur
2346 4220 2358 4257 :
2383 4202 2716 4271 angelorum
2747 4220 2878 4259 vero
2911 4204 3156 4275 spiritus
3193 4206 3316 4260 loco
3340 4208 3409 4277 (/)
3433 4207 3663 4277 quidem
3698 4209 3822 4263 cir-

2091 4292 2428 4364 cumscripti
2477 4300 2630 4358 sunt,
2682 4294 2783 4347 sed
2839 4299 3033 4348 tamen
3084 4310 3285 4349 eorum
3333 4296 3588 4351 scientias
3638 4296 3818 4368 longe

2094 4399 2273 4454 super
2303 4398 2407 4437 nos
2440 4382 2973 4453 incomparabiliter
2999 4382 3330 4439 dilatantur.
3363 4385 3616 4441 Interius
3644 4386 3818 4457 quip—

269 4470 454 4525 Judas
476 4469 575 4523 89
607 4469 820 4523 exiisse
861 4469 1210 4541 perhibetur,
1235 4486 1366 4524 cum
1400 4468 1728 4539 egrediente
1759 4466 1877 4531 illo,
1912 4467 1983 4521 ab
2013 4474 2059 4538 Β
2094 4488 2164 4545 pe
2194 4470 2559 4543 exteriusque
2591 4472 2825 4526 sciendo
2861 4472 2934 4541 (g)
2966 4473 3196 4526 distenti
3249 4481 3410 4537 sunt,
3442 4475 3577 4544 quia
3608 4475 3813 4546 ipsum

270 4558 629 4630 evangelista
657 4558 868 4613 dicitur
899 4576 912 4614 ε
949 4558 1083 4613 Erat
1119 4568 1303 4613 autem
1347 4575 1466 4612 nox
1495 4560 1673 4627 (toan.
1708 4574 1831 4621 xm,
1863 4558 1976 4628 30).

271 4651 417 4706 Hinc
435 4647 591 4704 enim
608 4651 665 4703 et
686 4647 884 4719 iniquo
906 4647 1065 4702 diviti
1091 4648 1306 4702 dicitur
1321 4663 1332 4701 :
1350 4650 1460 4704 Hac
1480 4648 1721 4719 nocte(b)
1734 4653 1979 4718 repetent

268 4740 517 4797 animam
549 4748 701 4795 tuam
730 4738 823 4793 abs
853 4742 905 4793 te
924 4738 1074 4806 (Luc.
1099 4754 1197 4807 ιιι,
1218 4738 1334 4808 20).
1360 4738 1567 4793 Anima
1588 4739 1825 4809 quippe,
1851 4754 1978 4809 quas

269 4832 341 4889 ad
363 4828 627 4887 tenebras
646 4827 901 4893 ducitur,
926 4842 1039 4882 non
1066 4826 1122 4881 in
1150 4826 1241 4881 die
1263 4827 1466 4896 repeti,
1486 4826 1582 4881 sed
1602 4827 1658 4882 in
1680 4832 1844 4882 nocte
1865 4843 1980 4885 me-

335 5042 412 5114 (a)
453 5040 516 5098 In
567 5030 1054 5114 Rem.,713emi_g.,
1102 5034 1443 5114 Com_pen_d.,
1495 5036 1626 5113 etc.,
1672 5031 1976 5114 abundabit

263 5103 553 5185 iniquitas,
596 5120 647 5185 et
687 5103 1012 5185 refrigescit,
1044 5116 1174 5173 etc.,
1210 5103 1372 5161 deest
1403 5103 1877 5185 quoniamsUnus
1906 5123 1974 5162 ex

264 5175 513 5254 Reinig.,
538 5175 597 5238 et
620 5175 876 5251 Corb.,'a
904 5180 1095 5254 prima
1125 5194 1326 5243 manu,
1358 5175 1655 5254 abundavit
1686 5176 1972 5254 iniquitas,

264 5248 569 5321 refrigEscit
598 5248 861 5309 charitas.
886 5248 1076 5317 Corb.,
1099 5267 1133 5306 a
1164 5251 1419 5307 secunda
1450 5264 1650 5313 manu,
1671 5254 1727 5304 et
1748 5248 1968 5318 Germ.,

261 5324 565 5379 abundabit
596 5326 881 5395 iniquitas,
913 5326 1250 5393 re/rigescet.

332 5396 409 5465 (ὸ)
430 5395 651 5520 [iugem
672 5392 835 5463 Mss.,
852 5397 951 5450 hac
966 5392 1120 5452 nocte
1133 5399 1392 5467 repetunt
1408 5393 1771 5449 animam.Ita
1786 5392 1963 5449 etiam

332 5484 395 5520 rr.
427 5482 456 5520 e
562 5483 633 5520 ia.
1640 5495 1645 5501 ~

260 5472 395 5531 Lyr.
427 5471 482 5521 et
513 5468 633 5531 Big.
1640 5495 1645 5501 .

306 5484 410 5610 yii')
427 5484 743 5609 gA‘nllilgiiior
768 5538 929 5610 Rem.
954 5554 1086 5594 cum
1110 5538 1278 5595 Corb.
1301 5542 1357 5594 et
1377 5538 1592 5606 Germ.,
1615 5540 1711 5610 qui
1741 5537 1973 5593 Incredi-

246 5608 425 5668 'tatem
451 5608 681 5679 capiunt
710 5609 931 5663 salutis.

329 5683 412 5753 (cl)
442 5682 496 5736 S.
530 5679 724 5736 Albini
757 5695 864 5753 ms.
899 5679 1029 5733 dum
1050 5679 1193 5753 hanc
1214 5694 1309 5749 per
1330 5680 1470 5738 hanc
1489 5682 1691 5739 solvere
1710 5681 1970 5740 nitimur.

262 5750 525 5817 Floriac.,
562 5756 613 5811 et
643 5752 805 5825 quasi
833 5750 973 5804 hanc
996 5760 1096 5820 per
1122 5751 1279 5817 hanc,
1313 5754 1425 5805 etc.

2090 4562 2308 4617 fontem
2358 4561 2609 4616 scientias
2662 4562 3150 4632 contemplantur.
3198 4564 3344 4628 Quid
3393 4565 3548 4618 enim
3594 4566 3663 4619 de
3711 4565 3808 4621 bis

2088 4668 2211 4722 quae
2269 4651 2503 4707 scienda
2561 4656 2699 4706 sunt
2757 4652 3044 4717 nesciunt,
3105 4654 3204 4724 qui
3263 4654 3541 4708 scientem
3602 4656 3809 4711 omnia

2088 4741 2308 4796 sciunt?
2331 4742 2537 4797 Eorum
2563 4742 2760 4813 itaque
2784 4742 3567 4815 scientia(h)comparationc
3590 4752 3809 4803 nostras

2087 4831 2251 4887 valde
2298 4831 2537 4887 dilatata
2585 4837 2691 4901 est,
2742 4832 2842 4887 sed
2889 4836 3080 4888 tamen
3127 4833 3561 4905 comparatione
3594 4834 3805 4893 divina:

2151 5041 2215 5110 (θ)
2249 5039 2441 5111 Antiq.
2476 5040 2638 5096 Rem.
2662 5044 2721 5095 et
2747 5039 2910 5110 Reg.,
2936 5057 2968 5094 a
2991 5042 3192 5095 natura
3213 5047 3420 5097 nostrae
3439 5041 3806 5100 conditionis.

2152 5114 2313 5177 (010
2351 5112 2454 5173 Μελ,
2488 5112 2673 5176 Colb.,
2707 5128 2880 5179 super
2927 5112 3044 5165 haec
3070 5113 3242 5165 verba
3293 5114 3617 5183 ascriptum
3662 5121 3754 5169 est
3791 5133 3808 5171 :

2078 5183 2161 5239 vel
2193 5188 2467 5253 quantum
2492 5183 2561 5237 ad
2581 5189 2828 5237 nostrum
2860 5183 3077 5237 modum
3094 5185 3495 5255 circumscripti
3514 5201 3610 5252 per
3630 5188 3817 5241 scien-

2080 5258 2217 5309 tiam
2248 5271 2357 5310 non
2385 5260 2534 5309 sunt.
2570 5255 2635 5309 Et
2670 5272 2799 5309 mox
2826 5271 2838 5309 :
2875 5254 2966 5309 Vel
2995 5255 3206 5325 diﬂusi,
3242 5254 3420 5325 supra
3453 5258 3692 5312 verbum
3725 5258 3817 5312 di-

2080 5328 2261 5381 stenti.
2320 5333 2397 5381 Ac
2449 5332 2573 5395 post
2624 5343 2805 5395 pauca
2848 5325 3329 5395 :circumscripta,
3383 5343 3557 5397 supra
3606 5346 3811 5385 vocem

2081 5408 2327 5465 angusta
2348 5414 2367 5456 .·
2400 5415 2525 5468 quas
2555 5397 2912 5468 glossemata
2933 5399 3065 5452 dum
3092 5398 3381 5468 arripiunt
3414 5399 3655 5466 librarii,
3681 5418 3815 5457 cor-

2081 5477 2281 5539 ruptos
2315 5470 2493 5525 libros
2523 5469 2688 5523 nobis
2720 5472 3000 5539 pra-bent.

2152 5540 2227 5612 (g)
2264 5544 2582 5613 Itaiomnes
2614 5542 2793 5597 nostri
2828 5543 2970 5613 Mss_
2998 5543 3058 5597 In
3092 5541 3243 5598 Edit.
3281 5541 3445 5597 Rom.
3480 5542 3623 5597 Sixti
3652 5544 3722 5613 V,
3748 5550 3812 5601 et

2086 5612 2439 5668 Gussanvill.
2477 5631 2491 5669 :
2527 5613 2752 5668 Scieudo
2780 5611 2971 5683 diﬂusi
3001 5619 3149 5667 sunt.

2154 5684 2234 5756 (ἡ)
2253 5684 2467 5740 Omnes
2496 5684 2680 5760 Item_.,
2706 5685 3223 5760 Remig.,Vio_doc.,
3248 5685 3807 5760 Normanni,Corb.,

2084 5755 2303 5826 Germ.,
2332 5758 2739 5829 comparatione
2770 5763 2957 5813 nostra
2983 5757 3164 5813 ualde.
