4086 6166
284 271 400 329 55Ἱ

1222 264 1629 329 MORALIUM
1676 265 1824 326 LIB.
1872 265 1949 325 ll.
1998 296 2073 308 —--
2117 265 2195 323 IN
2244 267 2501 330 CAPUT
2545 272 2567 332 Ι
2612 273 2679 332 Β.
2728 276 2890 336 JOB.

3697 302 3817 361 558

281 404 551 464 scientia
581 404 831 475 “gusta
864 416 878 456 ε
912 400 1067 456 sicut
1093 406 1146 457 et
1166 400 1280 473 ipsi
1310 401 1545 460 illorum
1565 404 1808 504 spiritus
1836 418 1996 507 com-
2025 400 2082 470 Α
2112 402 2345 507 decium
2365 406 2740 507 dedignatur;
2770 430 2883 470 non
2908 432 3023 488 quo
3055 419 3103 475 si
3138 425 3369 483 mentiri
3388 429 3544 499 velit,
3564 437 3808 507 nesciat,

278 495 589 570 paratione
611 493 847 565 quidem
870 495 1200 547 nostrorum
1222 509 1549 564 corporum,
1575 494 1819 565 spiritus
1833 496 1993 559 sunt,

282 587 390 643 sed
423 582 859 655 comparatione
889 580 1103 636 summi
1133 589 1184 636 et
1209 582 1700 655 incircumscripti
1723 585 1992 655 spiritus,

275 693 514 748 corpus.
549 675 617 729 Et
647 674 966 728 mittuntur
995 670 1198 742 igitur,
1223 676 1280 727 et
1310 674 1629 729 assistunt:
1657 672 1797 744 quia
1817 681 1870 727 et
1897 688 1993 742 per

272 766 411 830 hoc,
443 763 602 835 quod
663 760 1095 831 circumscripti
1144 766 1303 827 sunt,
1337 766 1549 817 exeunt
1578 779 1591 828 ;
1642 768 1698 817 et
1729 778 1828 831 per
1857 761 1989 832 hoc,

273 856 430 927 quod
464 855 625 909 intus
675 867 911 923 quoque
963 856 1278 921 preesentes
1328 860 1468 908 sunt
1500 869 1802 924 nunquam
1832 869 1987 908 rece-

281 946 446 999 dunt.
483 942 548 997 Et
581 941 788 997 faciem
822 956 955 1012 ergo
991 940 1175 996 Patris
1204 957 1435 1012 semper
1463 942 1685 1009 vident,
1717 947 1774 996 et
1793 946 1987 997 tamen

272 1036 343 1089 ad
379 1050 484 1089 nos
515 1031 757 1088 veniunt
783 1049 796 1098 ;
830 1032 966 1101 quia
989 1036 1044 1085 et
1074 1032 1145 1085 ad
1174 1048 1280 1086 nos
1302 1030 1549 1102 spiritali
1581 1033 1889 1103 praesentia
1911 1032 1988 1087 fo-

277 1141 373 1181 ras
420 1126 658 1191 exeunt,
708 1125 765 1176 et
795 1126 987 1175 tamen
1021 1120 1101 1174 ibi
1150 1137 1235 1189 se,
1268 1122 1419 1176 unde
1466 1130 1850 1187 recesserant,
1884 1137 1985 1192 per

270 1218 567 1271 internum
617 1210 1165 1283 contemplationem
1216 1216 1465 1268 servant.
1518 1212 1758 1267 Dicatur
1795 1228 1978 1283 ergo:

274 1308 550 1364 Venerunt
579 1304 687 1374 ﬁlii
720 1304 837 1369 Dei,
867 1306 929 1356 ut
960 1301 1072 1357 40
1115 1305 1436 1359 assisterent
1491 1319 1675 1359 coram
1726 1305 1979 1375 Domino,

268 1395 412 1468 quia
444 1392 589 1448 illuc
632 1392 876 1464 spiritus
916 1391 1293 1449 conversione
1341 1394 1599 1461 redeunt,
1634 1393 1787 1448 unde
1817 1392 1979 1451 nulla

269 1484 486 1541 mentis
518 1483 819 1539 aversione
852 1481 1181 1537 discedunt.

945 1588 1183 1644 CAPUT
1217 1588 1307 1643 IV.

338 1700 483 1755 Ian).
515 1730 585 1739 —
616 1698 791 1767 A/Iuit
822 1698 969 1752 inter
997 1712 1081 1753 eos
1111 1697 1276 1752 etiam
1307 1696 1497 1753 Satan.

332 1809 388 1861 4.
425 1806 595 1861 Satan
627 1806 771 1860 inter
797 1805 1034 1875 angelos,
1067 1807 1198 1875 quia
1234 1812 1495 1860 naturam
1516 1822 1626 1861 non
1656 1808 1871 1862 amisit.
1909 1835 1979 1847 -—-
2006 1776 2055 1841 B

262 1897 452 1951 Valde
486 1895 865 1967 quaerendum
891 1898 976 1949 est
1008 1895 1295 1965 quomodo
1326 1894 1477 1949 inter
1501 1895 1718 1952 electos
1753 1897 1995 1967 angelos

262 1989 445 2043 Satan
477 1987 684 2041 adesse
717 1984 989 2055 potuerit,
1024 1984 1124 2055 qui
1163 1986 1233 2039 ab
1266 2001 1469 2040 eorum
1502 1991 1681 2051 sorte,
1718 1986 1992 2055 exigente

262 2077 580 2150 superbia,
598 2077 817 2131 dudum
842 2076 1152 2130 damnatus
1184 2075 1375 2131 exivit.
1410 2076 1519 2131 Sed
1544 2080 1695 2132 recte
1717 2077 1870 2132 inter
1892 2092 1990 2132 eos

282 2167 548 2224 adfuisse
580 2165 948 2231 describitur,
983 2164 1121 2235 quia
1146 2164 1255 2220 etsi
1286 2164 1679 2222 beatitudincn
1716 2167 1989 2237 perdidit,

280 2268 557 2315 naturam
590 2262 785 2313 tamen
818 2256 901 2312 eis
933 2256 1180 2311 similem
1206 2273 1321 2311 non
1355 2257 1591 2326 amisit;
1617 2258 1988 2313 etsimeritis

277 2353 699 2422 praegravatur,
719 2347 1049 2403 conditione
1074 2354 1295 2403 naturae
1316 2349 1548 2404 subtilis
1570 2349 1876 2404 attollitur.
1892 2354 1987 2404 In-

269 2446 363 2496 ter
398 2440 493 2494 Dei
542 2454 677 2511 ergo
730 2437 877 2492 filios
905 2454 1096 2493 coram
1149 2439 1391 2493 Domino
1440 2438 1698 2494 adfuisse
1732 2440 1985 2508 dicitur;

272 2528 418 2599 quia
446 2542 512 2582 eo
561 2526 801 2593 intuitu,
836 2542 952 2596 quo
984 2526 1355 2596 omnipotens
1400 2531 1546 2582 Deus
1579 2532 1789 2581 cuncta
1819 2526 1986 2598 spiri-

274 2619 422 2673 talia
451 2615 753 2683 conspicit,
787 2614 963 2670 etiam
1008 2615 1177 2669 Satan
1212 2616 1268 2669 in
1303 2616 1504 2671 ordine
1537 2622 1761 2670 naturae
1794 2617 1981 2672 subti~

262 2706 437 2762 lioris
481 2705 656 2775 videt,
707 2708 1015 2759 attestante
1064 2704 1384 2776 Scriptura,
1422 2722 1548 2776 quae
1599 2706 1774 2761 dicit:
1826 2707 1985 2762 Oculi

268 2796 495 2851 Domini
541 2794 980 2864 contemplantur
1034 2794 1209 2849 malos
1256 2800 1305 2849 et
1356 2794 1516 2849 bonos
1546 2797 1727 2865 (Prov.
1765 2814 1854 2863 xv,
1897 2798 1972 2869 3).

267 2886 385 2942 Sed
414 2886 541 2953 hoc,
563 2884 719 2956 quod
744 2884 999 2939 adfuisse
1051 2885 1223 2939 Satan
1257 2900 1451 2939 coram
1482 2887 1721 2941 Domino
1744 2888 1975 2957 dicitur,

269 2976 330 3031 in
365 2976 527 3047 gravi
564 2974 728 3030 nobis
762 2973 1081 3044 quaestione
1120 2979 1399 3029 versatur.
1435 2974 1726 3044 Scriptum
1760 2977 1976 3049 quippe

265 3071 358 3122 est
392 3083 405 3121 :
443 3066 608 3121 Beati
633 3062 833 3118 mundo
866 3063 1045 3130 corde,
1079 3066 1340 3133 quoniam
1372 3066 1482 3135 ipsi
1512 3067 1682 3121 Deum
1724 3067 1980 3123 videbunt

2107 494 2206 549 sed
2241 511 2355 566 quo
2387 496 2532 553 falsa
2562 499 2721 572 loqui
2752 506 3006 564 veritatis
3047 527 3240 569 amore
3271 494 3629 579 contemnat.
3662 494 3809 591 Quid

2103 588 2191 640 est
2221 601 2357 656 ergo
2389 589 2457 642 ad
2501 590 2673 646 Satan
2708 593 2918 663 dicere,
2964 600 3111 655 Unde
3140 607 3311 669 venis,
3346 609 3459 665 nisi
3492 612 3615 669 vias
3647 588 3809 674 illius

2098 675 2270 744 quasi
2313 676 2639 749 incognitas
2681 688 3039 754 reprobare?
3086 692 3361 751 Veritatis
3393 698 3575 767 igitur
3614 702 3810 761 lumen

2101 766 2387 865 tenebras,
2424 785 2565 839 quas
2598 776 2889 844 reprobat,
2924 779 3179 849 ignorat;
3229 790 3285 838 et
3314 766 3539 844 Satanae
3573 791 3816 865 itinera,

2098 854 2237 924 quia
2260 856 2535 925 judicans
2567 861 2824 927 damnat,
2858 867 3101 937 dignum
3125 878 3212 927 est
3245 879 3308 929 ut
3330 880 3495 946 quasi
3530 860 3805 941 nesciens

2098 946 2373 1015 requirat.
2401 950 2544 1003 Hinc
2563 955 2651 1006 est
2682 957 2832 1022 quod
2859 958 2994 1011 Adae
3022 965 3298 1028 peccanti
3331 968 3647 1026 conditoris
3682 990 3816 1032 voce

2096 1033 2329 1104 dicitur,
2361 1038 2533 1093 Adam
2572 1042 2669 1095 ubi
2695 1059 2751 1098 es
2785 1043 2812 1097 (ἓ
2836 1045 3048 1114 (Genes.
3085 1067 3165 1114 IlI,
3190 1052 3269 1124 9.)
3302 1054 3496 1125 Neque
3532 1061 3688 1116 enim
3725 1065 3812 1119 di-

2092 1125 2229 1222 vina
2259 1128 2516 1196 potentia
2564 1133 2875 1198 nesciebat,
2909 1148 3036 1208 post
3075 1142 3310 1211 culpam
3343 1162 3545 1204 servus
3569 1152 3638 1205 ad
3673 1169 3799 1222 quas

2091 1211 2337 1310 latibula
2368 1217 2627 1288 fugerat;
2662 1224 2763 1278 sed
2787 1226 2924 1295 quia
2955 1228 3096 1283 vidit
3128 1230 3183 1285 in
3206 1233 3379 1306 culpa
3404 1211 3803 1310 lapsum,jum

2092 1304 2197 1398 sub
2246 1312 2479 1398 peccato
2527 1310 2683 1366 velut
2734 1314 2806 1367 ab
2839 1315 3025 1372 oculis
3058 1304 3323 1378 veritatis
3366 1304 3806 1398 absconditum,

2091 1394 2227 1463 quia
2256 1396 2524 1452 tenebras
2544 1402 2752 1455 erroris
2776 1402 2904 1471 ejus
2927 1421 3039 1460 non
3066 1410 3366 1479 approbat,
3402 1415 3572 1483 quasi
3599 1416 3700 1473 ubi
3733 1394 3811 1475 sit

2088 1487 2357 1552 peccator
2376 1486 2633 1557 ignorat;
2661 1504 2727 1544 eu
2740 1507 2912 1562 mque
2935 1499 2991 1550 et
3013 1503 3198 1563 vocat,
3218 1503 3273 1554 ct
3288 1502 3554 1572 requirit,
3572 1504 3798 1578 dicens,

2086 1574 2261 1668 Adam
2284 1576 2377 1630 ubi
2404 1592 2463 1632 es
2546 1579 2652 1635 Per
2676 1580 2787 1637 hoc
2818 1587 2971 1655 quod
3021 1599 3207 1658 vocat,
3244 1591 3482 1663 signum
3515 1594 3610 1651 dat
3659 1574 3797 1668 quia

2088 1663 2155 1717 ad
2212 1665 2614 1732 paenitentiam
2665 1678 2916 1728 revocat.
2968 1676 3076 1730 Per
3108 1678 3213 1733 hoc
3255 1683 3409 1750 quod
3444 1663 3708 1755 requirit,
3743 1705 3814 1743 a-

2089 1759 2248 1823 perte
2280 1755 2562 1825 insinuat,
2599 1762 2737 1831 quia
2769 1770 3101 1832 peccatores
3142 1769 3274 1837 jure
3300 1771 3377 1841 (b)
3429 1774 3798 1833 damnandos

2102 1843 2351 1915 ignorat.
2396 1850 2570 1903 Satan
2611 1867 2743 1923 ergo
2799 1854 3073 1911 Dominus
3106 1875 3219 1914 non
3252 1867 3437 1930 vocat,
3472 1866 3575 1919 sed
3609 1871 3810 1923 tamen

2103 1937 2367 2006 requirit,
2419 1938 2666 1995 dicens:
2730 1942 2877 1999 Unde
2920 1948 3114 2000 venis?
3144 1949 3283 2019 quia
3325 1951 3606 2009 nimirum
3652 1954 3810 2011 Deus

2102 2030 2427 2094 apostatam
2462 2028 2734 2098 spiritum
2767 2033 2837 2086 ad
2872 2038 3267 2104 pccnitentiam
3312 2056 3682 2114 nequaquam
3714 2061 3807 2101 reo

2101 2121 2292 2183 vocat;
2326 2118 2429 2173 sed
2460 2118 2580 2174 vias
2606 2122 2893 2192 superbiae
2926 2126 3052 2194 ejus
3085 2129 3371 2196 nesciens,
3412 2134 3669 2189 damnat.
3705 2140 3799 2193 41

2102 2207 2434 2278 lgiturdum
2454 2212 2626 2263 Satan
2647 2211 2717 2266 de
2736 2212 2942 2267 itinere
2962 2217 3409 2287 suodiscutitur,
3430 2220 3593 2278 electi
3612 2226 3806 2295 angeli

2099 2297 2434 2365 requirendi
2457 2299 2610 2353 unde
2634 2301 2866 2356 veniant
2888 2319 2999 2357 non
3025 2310 3160 2360 sunt
3187 2324 3199 2359 :
3226 2306 3299 2377 (ο)
3323 2308 3461 2378 quia
3481 2326 3678 2366 eorum
3704 2314 3803 2369 vias

2099 2392 2262 2442 tanto
2320 2387 2434 2442 Deo
2477 2397 2625 2444 notae
2665 2398 2822 2458 sunt,
2858 2402 3071 2463 quanto
3122 2401 3177 2451 et
3209 2398 3332 2467 ipso
3373 2408 3608 2457 auctore
3640 2420 3804 2474 pera-

2098 2486 2344 2547 guntur;
2366 2479 2624 2549 dumque
2646 2481 2752 2535 soli
2773 2482 2897 2550 ejus
2922 2486 3204 2541 voluntati
3226 2487 3653 2558 inserviunt,eo
3678 2508 3803 2549 esse

2096 2567 2406 2638 incognitae
2456 2580 2769 2641 nequeunt,
2805 2590 2918 2643 quo
2962 2591 3062 2645 per
3092 2579 3532 2647 approbationis
3564 2582 3799 2639 oculum

2098 2674 2165 2713 ex
2196 2658 2319 2728 ipso
2347 2674 2576 2729 semper
2604 2664 2739 2717 ante
2770 2663 2964 2731 ipsum
2996 2665 3158 2720 ﬁunt.
3193 2668 3503 2738 Sequitur:

2754 2770 2983 2825 CAPUT
3012 2771 3104 2827 VI.

2170 2876 2309 2929 Isin.
2345 2907 2414 2914 —
2470 2876 2817 2945 Respondeas
2874 2878 3070 2947 Satan,
3105 2884 3182 2935 ait
3216 2900 3228 2937 :
3270 2883 3514 2942 Circuz’vi
3564 2891 3801 2959 terram,

2097 2971 2150 3018 et
2178 2966 2561 3035 perambulavi
2590 2982 2731 3022 eam.

2164 3072 2219 3126 7.
2276 3072 2494 3129 Satanw
2541 3073 2823 3141 circuitus,
2883 3078 3002 3147 ejus
3064 3082 3363 3138 anxietatis
3394 3090 3801 3153 argumentum.

266 3154 484 3227 (.Hatth.
519 3171 568 3220 ν,
602 3155 680 3225 8).
714 3153 888 3207 Satan
940 3168 1092 3221 vero,
1129 3154 1226 3223 qui
1259 3156 1479 3211 mundo
1508 3158 1679 3211 corde
1711 3172 1839 3213 esse
1870 3176 1983 3214 non
2014 3155 2055 3221 C
2096 3193 2164 3201 —-
2195 3161 2351 3217 Solet
2401 3180 2501 3233 per
2531 3180 2739 3235 gyrum
2790 3166 3092 3234 circuitus,
3152 3171 3368 3228 laboris
3401 3176 3661 3232 anxietas
3704 3178 3803 3233 de-

267 3250 483 3317 potest,
518 3244 597 3315 (a)
623 3242 916 3313 quomodo
944 3243 1014 3298 ad
1040 3243 1355 3298 videndum
1382 3245 1690 3301 Dominum
1723 3248 1982 3303 adfuisse

269 3338 464 3407 potest
495 3334 521 3387 ‘I

334 3426 393 3480 5.
427 3425 529 3480 Deo
569 3423 739 3491 adest,
772 3440 901 3495 quia
933 3425 1000 3479 ab
1021 3439 1083 3479 eo
1113 3423 1355 3480 videtur.
1396 3456 1462 3466 —
1489 3427 1601 3482 Sed
1632 3428 1974 3485 intuendum

263 3518 361 3583 est
412 3514 544 3585 quia
577 3513 835 3569 adfuisse
884 3529 1078 3569 coram
1111 3514 1381 3581 Domino,
1418 3531 1531 3571 non
1562 3522 1754 3573 autem
1793 3518 1974 3573 Domi-

264 3618 411 3657 num
444 3602 652 3657 vidisse
685 3602 1047 3673 perhibetur.
1081 3602 1245 3658 Venit
1276 3604 1512 3674 quippe,
1552 3610 1615 3659 ut
1660 3605 1976 3673 videretur,

260 3707 383 3747 non
416 3700 475 3746 ut
513 3691 760 3746 videret.
798 3691 928 3762 Ipse
982 3692 1041 3747 in
1074 3698 1387 3763 conspectu
1421 3693 1674 3762 Domini,
1707 3712 1822 3750 non
1876 3712 1981 3750 au-

261 3785 383 3837 tem
445 3782 506 3836 in
539 3786 852 3849 conspectu
904 3782 1031 3851 ejus
1072 3781 1359 3837 Dominus
1410 3784 1519 3837 fuit
1551 3799 1565 3838 :
1600 3785 1752 3839 sicut
1790 3800 1979 3841 029C118

271 3887 404 3927 cum
431 3871 487 3926 in
508 3871 631 3927 sole
653 3870 938 3937 consistit,
963 3873 1087 3940 ipse
1111 3872 1345 3941 quidem
1373 3872 1551 3927 radiis
1577 3874 1718 3929 solis
1743 3876 1979 3944 perfun-

268 3964 448 4029 ditur,
484 3964 585 4017 sed
620 3967 815 4018 tamen
839 3963 1033 4018 lumen
1057 3980 1170 4018 non
1201 3964 1357 4019 videt
1379 3981 1493 4035 quo
1518 3965 1860 4022 illustratur.
1898 3968 1979 4022 Ita

262 4068 401 4124 ergo
431 4052 607 4108 etiam
642 4053 794 4107 inter
840 4052 1079 4124 angelos
1106 4053 1164 4107 in
1197 4063 1507 4124 conspectu
1540 4054 1771 4110 Domini
1803 4056 1973 4112 Satan

261 4140 490 4208 adfuit;
514 4141 653 4212 quia
674 4140 761 4195 vis
786 4140 1001 4208 divina,
1022 4156 1147 4212 quas
1170 4142 1445 4198 intuendo
1474 4148 1737 4214 penetrat
1757 4146 1974 4213 omnia,

257 4247 381 4286 non
430 4245 494 4285 se
553 4229 847 4286 videntem
898 4229 1271 4286 immundum
1304 4233 1578 4302 spiritum
1627 4235 1786 4291 vidit.
1833 4235 1978 4298 Quia

259 4320 421 4375 enim
454 4322 512 4375 et
544 4319 687 4390 ipsa,
715 4335 841 4390 quas
876 4319 1052 4374 Deum
1080 4320 1332 4391 fugiunt,
1358 4321 1533 4378 latere
1566 4340 1681 4379 non
1705 4329 1973 4395 possunt,

265 4409 408 4464 dum
461 4412 674 4463 cuncta
707 4408 864 4463 nuda
915 4418 1052 4463 sunt
1093 4425 1345 4479 superno
1376 4414 1737 4483 conspectui,
1795 4416 1973 4470 Satan

258 4498 447 4555 adfuit
470 4499 685 4555 absens
718 4498 1014 4568 presenti.
1049 4498 1319 4568 Sequitur
1352 4516 1367 4555 :

654 4604 880 4660 CAPUT
909 4604 957 4659 v
992 4607 1124 4677 [Vet.
1151 4608 1249 4673 Iv,
1284 4608 1403 4664 fier.
1436 4610 1568 4681 III].

421 4712 597 4768 Vens.
628 4713 683 4769 7.
720 4744 781 4754 -
818 4714 923 4769 Cui
950 4713 1096 4769 dixit
1121 4714 1404 4786 Dominus,
1435 4717 1583 4773 Unde
1606 4721 1756 4775 venis
1794 4722 1821 4776 ‘I

327 4822 386 4874 6.
447 4820 662 4876 Nescire
719 4822 820 4875 Dei
875 4824 951 4877 est
1010 4822 1415 4891 rrprobare.—
1470 4826 1617 4890 Quid
1673 4834 1783 4897 est,
1818 4832 1972 4901 quod

256 4908 635 4964 venientibus
666 4910 887 4982 angelis
916 4912 1113 4967 electis
1146 4928 1515 4985 nequaquam
1547 4915 1778 4981 dicitur,
1818 4920 1976 4977 Unde

254 4996 517 5052 venitis?
568 4997 746 5052 Satan
796 5013 928 5053 vero
960 4999 1113 5056 unde
1162 5002 1355 5056 veniat
1396 5009 1772 5073 percontatur
1799 5005 1827 5059 ?
1858 5024 1971 5064 non

258 5086 423 5143 enim
458 5088 841 5159 requirimus,
865 5088 976 5144 nisi
1011 5090 1213 5161 utique
1236 5108 1361 5160 quae
1393 5093 1708 5149 nescimus.
1742 5097 1974 5155 Nescire

254 5182 457 5233 autem
515 5178 641 5245 Dei,
674 5179 983 5247 reprobarc
1018 5184 1125 5235 est.
1162 5180 1325 5236 Unde
1373 5182 1725 5254 quibusdam
1768 5187 1825 5242 in
1859 5188 1973 5246 fine

255 5267 524 5322 dicturus
548 5274 680 5322 est:
727 5268 911 5324 Nescio
969 5284 1060 5325 vos
1116 5270 1260 5324 unde
1307 5274 1445 5332 sitis,
1492 5272 1748 5330 discedite
1796 5294 1833 5331 a
1865 5294 1969 5347 me,

250 5372 451 5411 omnes
514 5356 765 5427 operarii
830 5357 1142 5430 iniquitatis
1172 5361 1323 5431 (Luc.
1380 5365 1644 5434 xm,27).
1703 5366 1859 5421 Sicut
1916 5372 1972 5424 et

252 5447 485 5503 nescire
537 5446 772 5503 mentiri
812 5448 896 5504 vir
936 5465 1108 5505 verax
1138 5451 1351 5506 dicitur
1381 5452 1483 5524 qui
1521 5453 1635 5510 labi
1675 5472 1777 5527 per
1809 5474 1967 5513 men-

324 5606 405 5685 _(a)
440 5607 631 5685 Rern,
666 5608 887 5681 Remig.
910 5617 964 5666 et
990 5610 1137 5682 plur.
1171 5610 1289 5680 alii,
1322 5618 1584 5685 quomodo
1610 5616 1838 5674 videndo
1863 5622 1966 5677 Do-

249 5680 413 5769 miln'q
444 5679 890 5769 qﬂuzj’sselpotest.
974 5679 1006 5769 ι’
1138 5756 1149 5769 1
1329 5679 1389 5769 ’θ
1486 5758 1497 5769 ,

331 5752 409 5823 (b)
445 5752 921 5817 Vindocinenses,
947 5758 1087 5824 jure
1115 5756 1442 5825 damnando,
1477 5758 1711 5829 ignorat.

2089 3250 2323 3323 signari.
2383 3253 2559 3307 Satan
2594 3270 2728 3325 ergo
2762 3255 3033 3312 laborans
3074 3264 3287 3316 terram
3321 3263 3606 3331 circuivit,
3657 3266 3799 3336 quia

2090 3341 2321 3410 quietus
2346 3341 2401 3395 in
2427 3342 2551 3396 coeli
2581 3342 2837 3400 culmine
2868 3352 3023 3403 stare
3046 3352 3415 3423 contempsit.
3450 3352 3712 3426 Cumque
3734 3371 3798 3412 se

2091 3448 2203 3487 non
2238 3432 2485 3496 volasse,
2518 3433 2617 3487 sed
2648 3436 3083 3504 perambulasse
3118 3439 3396 3510 insinuat,
3422 3449 3644 3513 quanto
3672 3460 3799 3516 pec-

2088 3523 2201 3577 cati
2240 3523 2487 3588 pondcre
2520 3522 2579 3576 in
2615 3523 2746 3578 imis
2780 3534 3098 3595 prematur,
3134 3531 3509 3588 demonstrat.
3554 3533 3791 3589 Peram-

2087 3611 2298 3666 bulans
2330 3627 2464 3681 ergo
2499 3620 2704 3667 terram
2740 3614 3036 3684 circuivit;
3073 3620 3211 3689 quia
3242 3621 3311 3674 ab
3362 3619 3460 3676 illo
3509 3623 3792 3693 spiritalis

2091 3701 2359 3773 potentiae
2390 3701 2581 3756 volatu
2614 3718 2914 3769 corruens,
2944 3708 3180 3762 malitiae
3227 3726 3349 3764 suae
3391 3729 3631 3783 pressus
3661 3728 3791 3785 gra-

2090 3790 2314 3860 vedine,
2348 3792 2501 3845 foras
2543 3793 2610 3845 ad
2643 3808 2847 3863 gyrum
2884 3795 3097 3851 laboris
3131 3800 3306 3852 venit.
3347 3800 3488 3856 [lino
3520 3808 3606 3857 est
3636 3804 3793 3859 enim

2089 3881 2242 3952 quod
2276 3885 2331 3935 et
2361 3881 2431 3934 de
2463 3881 2590 3950 ejus
2624 3884 2898 3937 membris
2936 3902 3031 3954 per
3058 3887 3415 3943 Psalmistam
3450 3891 3692 3947 dicitur:
3727 3895 3794 3945 In.

2087 3970 2329 4026 circuitu
2362 3971 2525 4041 impii
2546 3971 2838 4026 ambulant
2865 3973 3037 4044 (Psal.
3072 3992 3148 4039 xi,
3180 3976 3233 4043 9)
3262 3994 3274 4042 ;
3310 3978 3448 4048 quia,
3477 3980 3617 4033 dum
3646 3979 3792 4036 inte.

2088 4058 2241 4113 riora
2273 4075 2385 4113 non
2420 4064 2724 4130 appetunt,
2755 4061 2812 4115 in
2847 4063 3193 4118 exteriorum
3226 4063 3423 4120 labore
3450 4066 3787 4137 fatigantur.

2087 4147 2363 4218 Sequitur
2396 4163 2409 4205 :

2608 4258 2842 4315 CAPUT
2875 4260 2967 4317 v11
3000 4262 3143 4333 meo.
3177 4263 3255 4333 v1.

2157 4369 2331 4421 Vsus.
2365 4367 2419 4421 8.
2445 4397 2513 4406 —
2534 4366 2791 4439 Nunquid
2819 4370 3183 4426 considerasti
3210 4388 3433 4427 servum
3460 4388 3643 4429 meum
3671 4375 3789 4443 Job,

2084 4455 2225 4527 quod
2252 4470 2362 4510 non
2390 4457 2465 4509 sit
2494 4455 2758 4511 eisimilis
2779 4459 2835 4512 in
2858 4466 3026 4525 terra,
3062 4460 3218 4515 homo
3248 4461 3485 4534 simplex
3513 4468 3566 4519 et
3587 4473 3793 4533 rectus,

2004 4531 2049 4596 D
2080 4560 2147 4601 ac
2176 4551 2373 4599 timens
2404 4546 2589 4611 Deum,
2623 4553 2673 4601 et
2701 4547 2960 4604 recedens
2992 4567 3024 4603 a
3054 4552 3199 4606 malo
3234 4556 3260 4605 .9

2154 4656 2208 4708 8.
2248 4652 2425 4709 Variae
2456 4653 2557 4709 Dei
2583 4656 2994 4729 spirituumquc
3038 4660 3356 4716 locutiones.
3392 4693 3459 4702 ——
3489 4662 3607 4719 Hoc
3638 4665 3791 4735 quod

2087 4743 2279 4799 divina
2311 4759 2446 4798 voce
2477 4744 2684 4799 beatus
2712 4744 2820 4800 Job
2862 4747 3110 4817 simplex
3141 4754 3198 4803 et
3229 4755 3437 4813 rectus,
3471 4768 3537 4806 ac
3574 4753 3791 4809 timens

2086 4840 2287 4899 Deum,
2337 4838 2393 4889 et
2451 4836 2727 4890 recedens
2758 4854 2791 4892 a
2824 4836 2975 4892 malo
3008 4839 3240 4906 dicitur,
3302 4842 3436 4911 quia
3495 4842 3789 4897 subtiliter

2084 4924 2567 4996 membratimque
2588 4943 2766 4997 supra
2783 4929 3177 4998 eXposuimus,
3200 4930 3480 5000 replicare
3502 4946 3624 5000 quae
3639 4931 3787 4986 dixi-

2084 5031 2217 5070 mus
2239 5014 2568 5070 devitamus
2596 5032 2607 5083 ;
2638 5032 2709 5072 ne
2741 5017 2878 5071 dum
2914 5020 3175 5073 discussa
3198 5018 3533 5088 repetimus,
3567 5020 3788 5076 tardius

2084 5104 2152 5158 ad
2188 5103 2519 5158 indiscussa
2551 5104 2872 5161 veniamus.
2901 5107 2965 5172 [ν
2993 5109 3062 5159 et.
3102 5107 3175 5175 Μ
3212 5108 3324 5160 Hoc
3343 5121 3477 5177 ergo
3501 5107 3669 5164 nobis
3701 5114 3788 5166 est

2082 5192 2324 5249 solerter
2355 5194 2721 5262 intuendum,
2748 5195 2886 5264 quid
2913 5195 3008 5261 sit,
3036 5197 3188 5264 quod
3215 5195 3301 5250 vel
3325 5196 3395 5251 ad
3419 5197 3593 5253 Satan
3624 5199 3783 5273 loqui

2080 5282 2365 5339 Dominus
2387 5282 2618 5349 dicitur,
2643 5283 2728 5337 vel
2762 5285 2915 5353 quod
2949 5288 3120 5338 Satan
3156 5284 3399 5341 Domino
3430 5291 3783 5360 respondere

2081 5372 2433 5442 perhibetur.
2467 5372 2843 5427 Discutienda
2892 5374 3106 5444 quippe
3145 5385 3232 5431 est
3263 5392 3530 5447 quamam
3563 5379 3639 5434 sit
3670 5379 3782 5437 ista

2078 5462 2312 5518 locutio.
2347 5462 2543 5532 Neque
2560 5464 2714 5518 enim
2737 5462 2825 5517 vel
2856 5482 2886 5517 a
2910 5464 3175 5535 Domino,
3197 5466 3293 5537 qui
3317 5484 3587 5525 summus
3611 5479 3781 5542 atque

2076 5695 2088 5749 l
2244 5623 2486 5679 Plurimi
2520 5624 2651 5696 quia
2681 5641 2867 5682 eorum
2895 5631 3037 5684 vilze.
3071 5630 3216 5685 Utic.
3242 5630 3438 5703 habet,
3469 5636 3779 5705 utramque

2099 5712 2159 5749 ec
2192 5711 2406 5749 nonem.

2099 5711 2406 5751 ecnonem.
