4086 6166
272 269 393 328 559

1541 255 1815 317 SANCTI
1860 254 2232 318 GREGORII
2281 254 2524 315 MAGNI

3677 259 3794 320 560

268 398 817 472 incircumscriptus
831 394 1297 469 est'spiritus,vel
1320 393 1572 458 aSatan,
1595 392 1673 463 (a)
1696 392 1796 464 qui
1818 390 1980 447 nulla
2007 392 2063 460 Α
2093 390 2326 447 miratio
2359 389 2577 445 intimae
2608 388 3142 463 contemplationis.
3170 391 3416 449 Virtutis
3450 393 3660 450 divinae
3694 394 3803 450 mi-

268 496 358 552 est
403 507 616 548 carnea
663 495 874 547 natura
922 486 1184 552 vestitus,
1238 485 1495 539 humano
1561 481 1732 538 modo
1778 497 1980 537 aereus

269 584 443 641 ﬂatus
489 581 622 639 folle
668 578 889 637 ventris
918 576 1251 643 attrahitur,
1277 578 1341 629 ut
1364 588 1464 642 per
1491 587 1765 643 organum
1793 576 1986 644 guttu-

269 674 372 744 ris,
395 673 552 730 vocis
570 669 948 744 expressione
986 666 1288 721 reddatur.
1318 663 1425 717 Sed
1465 663 1606 718 dum
1644 666 1862 716 naturis
1885 661 1985 716 in-

266 763 483 822 visibili
510 767 720 819 natura
763 752 1379 826 incomprehensibilis
1417 751 1700 824 loquitur,
1734 752 1980 824 dignum

269 859 360 911 est
399 858 465 910 ut
494 866 660 908 mens
711 852 912 905 nostra
942 844 1288 917 qualitatem
1341 857 1630 913 corporeae
1670 840 1982 897 locutionis

268 944 576 1009 excedens,
599 941 671 995 ad
693 936 975 993 sublimes
1014 939 1193 1006 atque
1231 931 1562 1004 incognitas
1586 932 1789 987 modos
1821 930 1984 987 locu-

267 1032 445 1089 tionis
475 1028 699 1086 intimaa
732 1026 1141 1097 suspendatur.
1189 1022 1303 1079 Nos
1352 1037 1610 1094 namque
1662 1024 1726 1076 ut
1755 1037 1823 1077 ea
1856 1036 1982 1092 quae

268 1120 560 1179 sentimus
589 1117 945 1174 intrinsecus
993 1114 1357 1169 extrinsecus
1400 1110 1819 1182 exprimamus,
1860 1110 1984 1167 hac

270 1229 375 1287 per
428 1224 715 1283 organum
761 1205 1034 1280 gutturis.
1080 1221 1182 1276 per
1221 1218 1430 1260 sonum
1483 1201 1642 1258 vocis
1689 1201 1980 1272 ejicimus.

268 1300 495 1359 Alienis
518 1299 735 1371 quippe
774 1294 963 1353 oculis
1005 1294 1159 1350 intra
1205 1298 1495 1349 secretum
1546 1290 1779 1356 mentis,
1814 1289 1984 1363 quasi

270 1399 399 1466 post
429 1390 711 1463 parietem
735 1384 998 1458 corporis
1020 1388 1248 1440 stamus
1273 1402 1287 1451 ;
1314 1382 1413 1437 sed
1445 1397 1580 1437 cum
1614 1380 1983 1437 manifestare

275 1480 671 1551 nosmetipsos
695 1476 990 1548 cupimus,
1013 1472 1183 1546 quasi
1205 1488 1306 1544 per
1328 1470 1543 1543 lingua
1557 1471 1803 1542 januam
1824 1485 1986 1543 egre-

276 1572 496 1642 dimur,
510 1574 576 1626 ut
593 1566 797 1641 quales
816 1581 1024 1622 sumus
1054 1562 1406 1619 intrinsecus
1425 1561 1827 1618 ostendamus.
1850 1561 1983 1633 Spi-

274 1662 462 1719 ritalis
493 1667 687 1717 autem
718 1661 933 1714 natura
962 1670 1077 1711 non
1117 1654 1199 1709 ita
1246 1657 1355 1721 est,
1395 1669 1525 1724 quae
1571 1668 1639 1707 ex
1688 1657 1886 1707 mente
1926 1654 1983 1707 et

277 1766 517 1824 corpore
565 1748 889 1820 composita
936 1744 1246 1816 dupliciter
1298 1760 1413 1799 non
1458 1747 1563 1799 est.
1614 1742 1724 1797 Sed
1775 1758 1983 1797 rursus

276 1842 581 1901 sciendum
613 1846 700 1895 est
730 1836 869 1910 quia
890 1836 1020 1909 ipsa
1049 1834 1228 1890 etiam
1254 1838 1465 1889 natura
1495 1833 1834 1903 incorporea
1856 1848 1984 1888 cum

276 1931 441 2005 loqui
500 1929 738 1993 dicitur,
787 1927 916 1997 ejus
964 1924 1177 1981 locutio
1226 1937 1598 1994 nequaquam
1632 1938 1751 1977 una
1808 1926 1983 1994 atque

278 2023 482 2081 eadem
506 2019 788 2093 qualitate
809 2017 1109 2074 formatur.
1130 2015 1311 2071 Aliter
1345 2015 1499 2069 enim
1542 2012 1803 2084 loquitur
1836 2018 1983 2070 Deus

277 2114 351 2172 ad
380 2111 647 2184 angelos,
694 2107 866 2164 aliter
913 2104 1104 2178 angeli
1153 2105 1222 2161 ad
1274 2106 1494 2173 Deum;
1526 2104 1694 2160 aliter
1723 2104 1877 2161 Deus
1909 2106 1981 2161 ad

272 2205 615 2262 sanctorum
676 2196 925 2264 animas,
998 2194 1168 2251 aliter
1238 2197 1578 2251 sanctorum
1653 2194 1851 2250 animus
1910 2195 1983 2251 ad

276 2292 500 2360 Deum;
534 2288 702 2345 aliter
734 2288 886 2343 Deus
917 2285 988 2341 ad
1038 2283 1359 2351 diabolum,
1394 2282 1563 2338 aliter
1609 2282 1877 2340 diabolus
1910 2284 1982 2339 ad

272 2388 480 2440 Deum.

340 2472 396 2528 9.
429 2469 606 2527 Aliter
652 2469 795 2524 Deus
852 2464 1094 2539 loquitur
1121 2464 1203 2520 ad
1249 2463 1497 2533 angelos.
1560 2494 1620 2506 —
1669 2462 1816 2521 Nam
1848 2464 1984 2536 quia

272 2560 523 2636 spiritali
569 2560 790 2616 natura
846 2572 915 2613 ex
967 2571 1243 2627 corporea
1271 2554 1353 2625 (b)
1414 2554 1777 2627 Oppositione
1836 2555 1982 2611 nihil

272 2653 490 2720 obstat,
534 2649 792 2721 loquitur
840 2647 991 2703 Deus
1028 2644 1099 2700 ad
1148 2644 1384 2716 angelos
1432 2649 1667 2700 sanctos
1715 2661 1780 2702 eo
1831 2644 1980 2716 ipso,

272 2757 390 2815 quo
421 2755 619 2797 eorum
651 2736 925 2794 cordibus
948 2733 1178 2792 occulta
1208 2751 1313 2790 sua
1344 2732 1663 2790 invisibilia
1693 2738 1977 2789 ostentat:

275 2839 335 2888 ut
367 2827 655 2902 quidquid
704 2841 875 2898 agere
915 2825 1185 2891 debeant,
1225 2822 1282 2877 in
1314 2823 1443 2895 ipsa
1486 2822 1981 2893 contemplatione

269 2919 526 2977 veritatis
549 2917 767 2987 legant,
800 2923 851 2971 et
876 2913 1033 2970 velut
1064 2914 1329 2985 quaedam
1371 2918 1659 2982 praecepta
1690 2914 1843 2969 vocis
1868 2915 1980 2969 sint

270 3011 403 3080 ipsa
431 3005 648 3078 gaudia
674 3002 1207 3074 contemplationis.
1234 3003 1401 3067 Quasi
1426 3002 1579 3057 enim
1604 3002 1980 3059 audientibus

270 3095 508 3163 dicitur,
542 3093 693 3166 quod
747 3090 1082 3147 videntibus
1113 3088 1221 3145 42
1272 3090 1612 3159 inspiratur.
1648 3090 1810 3146 Unde
1842 3109 1974 3147 cum

2088 480 2289 538 racula
2336 481 2727 550 obstupuisse,
2760 481 2975 538 dixisse
3005 487 3116 548 est,
3155 483 3293 553 quia
3340 484 3626 541 excitatus
3664 500 3806 541 cum

2091 571 2433 639 reverentia,
2469 577 2661 627 motus
2690 573 2906 637 cordis,
2931 588 3184 644 magnus
3213 579 3303 629 est
3332 577 3401 629 ad
3432 591 3604 630 aures
3630 575 3812 632 incir-

2093 661 2438 732 cumscripti
2480 660 2716 732 spiritus
2746 660 2958 717 clamor
2987 662 3167 717 vocis.
3200 662 3335 727 Quae
3362 679 3471 719 vox
3503 679 3565 718 se
3624 664 3798 735 quasi

2092 768 2196 825 per
2218 750 2492 806 distincta
2510 752 2688 807 verba
2711 751 2986 820 explicat,
3018 753 3157 807 dum
3202 768 3329 808 sese
3353 769 3453 825 per
3473 754 3821 811 innumeros

2093 842 2298 897 modos
2330 841 2734 897 admirationis
2754 842 2989 897 format.
3017 842 3165 897 Deus
3198 859 3334 915 ergo
3357 843 3584 915 angelis
3614 844 3803 917 loqui-

2090 935 2207 994 tur,
2240 947 2372 986 cum
2397 932 2481 988 eis
2506 932 2771 986 voluntas
2788 932 2914 1002 ejus
2937 931 3232 1004 intima(e)
3257 932 3500 989 videnda
3526 934 3810 990 manifes-

2092 1026 2268 1077 tatur.
2324 1021 2528 1092 Angeli
2584 1026 2779 1077 autem
2840 1022 3162 1093 loquuntur
3216 1022 3488 1092 Domino,
3536 1040 3669 1080 cum
3702 1041 3809 1097 per

2091 1111 2221 1179 hoc,
2254 1111 2409 1182 quod
2459 1128 2638 1184 super
2686 1114 3033 1183 semetipsos
3065 1111 3407 1184 respiciunt,
3454 1112 3513 1169 in
3574 1119 3810 1171 motum

2092 1200 2499 1256 admirationis
2530 1208 2801 1273 surgunt.

2161 1290 2295 1361 [νει.
2333 1290 2447 1360 VL]
2475 1291 2643 1346 Aliter
2687 1292 2825 1345 Deus
2874 1290 2945 1346 ad
2980 1296 3295 1347 sanctorum
3333 1292 3573 1359 animas,
3601 1298 3651 1349 et
3685 1294 3821 1352 illa?

2089 1379 2159 1435 ad
2192 1380 2375 1437 Deum.
2399 1411 2467 1419 —
2490 1380 2672 1436 Aliter
2711 1380 2863 1436 Deus
2896 1381 2963 1435 ad
2997 1386 3328 1438 sanctorum
3360 1384 3604 1453 animas,
3628 1384 3805 1441 aliter

2092 1473 2424 1524 sanctorum
2482 1469 2690 1524 animae
2734 1468 3057 1540 loquuntur
3086 1470 3157 1525 ad
3193 1472 3392 1526 Deum.
3439 1470 3601 1527 Unde
3642 1478 3699 1528 et
3743 1473 3814 1532 in

2088 1558 2330 1615 Joannis
2356 1558 2704 1631 Apocalypsi
2724 1575 2960 1615 rursum
2984 1559 3224 1615 dicitur:
3258 1560 3601 1617 Viditsubter
3620 1563 3811 1620 altare

2090 1651 2316 1705 animas
2347 1648 2760 1720 interfectorum
2810 1660 3030 1721 pr0pter
3072 1650 3297 1706 verbum
3347 1652 3461 1719 Dei,
3503 1658 3554 1707 et
3580 1659 3809 1724 prapter

2091 1741 2462 1796 testimonium
2493 1739 2635 1812 quod
2681 1740 3003 1802 habebant;
3036 1749 3086 1795 et
3106 1741 3418 1798 clamabant
3446 1758 3568 1799 voce
3598 1760 3810 1815 magna

2090 1830 2367 1886 dicentes:
2403 1832 2701 1902 Usquequo,
2735 1831 2984 1898 Domine,
3007 1839 3231 1886 sanctus
3272 1837 3326 1888 et
3358 1848 3535 1899 verus,
3568 1849 3675 1890 non
3694 1838 3805 1908 ju-

2090 1922 2238 1977 dicas
2270 1930 2324 1975 et
2340 1921 2582 1976 vindicas
2598 1922 2931 1989 sanguinem
2951 1931 3201 1977 nostrum
3231 1921 3296 1977 de
3321 1924 3407 1977 his
3428 1926 3526 1994 qui
3546 1924 3807 1980 habitant

2092 2012 2151 2067 in
2174 2018 2320 2069 terra
2340 2014 2364 2065 .9
2384 2011 2490 2067 Ubi
2522 2011 2677 2068 illico
2700 2012 3219 2083 adjungitur,Datae
3248 2020 3374 2068 sunt
3397 2013 3529 2070 illis
3548 2018 3719 2088 singu
3735 2018 3819 2074 lae

2090 2104 2238 2159 stola
2267 2103 2427 2169 albae,
2457 2106 2509 2158 et
2536 2102 2743 2158 dictum
2784 2113 2864 2157 est
2892 2102 3029 2168 illis,
3062 2110 3123 2158 ut
3152 2106 3554 2175 requiescerent
3585 2111 3804 2177 tempus

2091 2193 2271 2249 adhuc
2288 2195 2583 2261 modicum,
2614 2192 2781 2248 donec
2803 2192 3101 2260 impleatur
3120 2210 3388 2251 numerus
3408 2212 3797 2252 conservorum

2089 2290 2142 2339 et
2160 2285 2404 2353 fratrum
2424 2298 2628 2339 eorum.
2664 2282 2809 2347 Quid
2842 2286 2932 2338 est
2952 2281 3105 2338 enim
3140 2283 3369 2339 animas
3397 2284 3652 2339 vindictae
3686 2301 3803 2357 pe-

2094 2373 2360 2429 titionem
2402 2373 2607 2439 dicere,
2643 2373 2755 2427 nisi
2800 2372 2952 2429 diem
2992 2374 3233 2429 extremi
3261 2374 3490 2444 judicii,
3521 2380 3577 2429 et
3601 2391 3799 2431 resur-

2092 2463 2402 2519 rectionem
2418 2462 2830 2518 exstinctorum
2845 2478 3154 2533 corporum
3168 2461 3498 2519 desiderare
3512 2464 3539 2519 ‘t
3553 2467 3804 2536 Magnus

2092 2554 2307 2626 quippe
2364 2569 2564 2609 earum
2624 2552 2866 2623 clamor,
2922 2569 3198 2625 magnum
3266 2558 3355 2610 est
3418 2555 3801 2613 desiderium.

2092 2645 2275 2700 Tanto
2330 2643 2485 2700 enim
2531 2643 2783 2715 quisque
2834 2643 3023 2697 minus
3072 2643 3308 2710 clamat,
3341 2653 3555 2715 quanto
3598 2646 3803 2702 minus

2091 2733 2416 2799 desiderat;
2450 2736 2506 2790 et
2528 2738 2687 2788 tanto
2720 2733 3000 2803 majorem
3030 2748 3227 2789 vocem
3262 2733 3319 2789 in
3344 2750 3515 2790 aures
3537 2734 3610 2805 (f)
3633 2734 3814 2791 incir-

2094 2824 2434 2894 cumscripti
2492 2822 2735 2894 spiritus
2795 2822 3092 2893 eXprimit,
3165 2830 3377 2893 quanto
3436 2840 3498 2880 se
3551 2826 3609 2880 in
3669 2827 3808 2896 ejus

2091 2915 2441 2969 desiderium
2476 2912 2703 2983 plenius
2766 2913 2978 2969 fundit.
3032 2913 3374 2969 Animarum
3409 2914 3587 2987 igitur
3627 2918 3812 2972 verba

2089 3004 2219 3075 ipsa
2265 3007 2400 3058 sunt
2447 3002 2757 3057 desideria.
2792 3001 2937 3057 Nam
2980 3002 3025 3057 si
3059 3002 3418 3058 desiderium
3454 3019 3635 3059 sermo
3674 3020 3803 3063 non

2090 3098 2263 3159 esset,
2301 3091 2585 3162 Propheta
2618 3108 2728 3146 non
2762 3092 3010 3147 diceret:
3048 3093 3380 3148 Desiderium
3412 3093 3587 3148 cordis
3605 3109 3804 3151 eorum

271 3143 508 3163 ---η-η
545 3143 692 3166 νη
759 3143 1076 3147 ρη-η-ν-
1128 3143 1204 3145 ί-
1661 3143 1805 3146 ww-
1848 3143 1974 3147 ηπ-
2095 3143 2263 3159 ---νη
2769 3143 3008 3147 ων---
3414 3143 3462 3148 --
3508 3143 3801 3151 η--

270 3200 475 3243 eorum
507 3181 804 3251 cordibus,
839 3181 990 3235 Deus
1022 3184 1224 3234 contra
1266 3178 1584 3235 humanam
1614 3180 1974 3251 superbiam.
2007 3143 2051 3211 α
2087 3184 2298 3240 audivit
2327 3184 2481 3238 auris
2507 3190 2603 3237 tua
2630 3184 2797 3252 (PsaI.
2826 3200 2901 3248 ιχ,
2947 3185 3050 3254 17).
3085 3185 3191 3239 Sed
3218 3200 3351 3239 cum
3382 3184 3545 3240 aliter
3574 3184 3801 3241 moveri

270 3271 828 3333 animadversionem
877 3268 1119 3324 ultionis
1162 3267 1517 3337 infunderet,
1563 3269 1746 3324 dixit:
1794 3270 1978 3328 Venite

260 3362 673 3427 descendamus,
723 3367 777 3417 et
820 3357 1223 3429 con/'undamus
1272 3358 1352 3413 ibi
1378 3358 1445 3429 (ε)
1496 3358 1743 3429 linguam
1790 3376 1975 3416 eorum

261 3453 476 3526 (Germ.
524 3468 589 3520 ιι,
617 3450 698 3521 7).
752 3447 1082 3518 Dicitur(d)
1122 3446 1207 3502 eis
1238 3447 1334 3519 qui
1385 3447 1701 3515 adimerent,
1752 3451 1972 3520 Venite;

261 3541 402 3617 quia
432 3539 712 3597 nimirum
745 3538 854 3594 hoc
884 3536 1078 3608 ipsum
1114 3552 1416 3607 nunquam
1438 3554 1471 3592 a
1493 3537 1689 3593 divina
1719 3544 1975 3596 contem-

256 3632 512 3705 platione
532 3630 914 3691 descrescere,
938 3626 997 3682 in
1022 3625 1218 3681 divina
1236 3626 1722 3698 contemplatione
1740 3646 1972 3703 semper

256 3736 586 3780 accrescere
626 3728 751 3787 set;
784 3723 842 3775 et
883 3732 1187 3788 nunquam
1239 3717 1409 3773 corde
1456 3719 1744 3785 recedere,
1798 3721 1969 3791 quasi

256 3814 511 3886 quodam
542 3809 739 3867 stabili
773 3814 933 3865 motu
982 3814 1068 3864 est
1116 3822 1349 3879 semper
1396 3807 1611 3865 venire.
1665 3809 1882 3873 Quibus
1912 3816 1970 3869 et

257 3902 438 3963 dicit:
471 3899 869 3958 Descendamus
912 3904 964 3954 et
1008 3896 1409 3968 con/undamus
1450 3897 1701 3966 linguam
1751 3917 1962 3957 eorum.

257 3992 595 4051 Ascendunt
618 3988 831 4062 angeli,
864 3987 924 4044 in
954 4002 1020 4043 eo
1051 3987 1205 4058 quod
1223 3991 1542 4043 creatorem
1578 3989 1962 4060 conspiciunt.

255 4082 631 4143 Descendunt
660 4078 869 4151 angeli,
928 4078 988 4134 in
1045 4093 1113 4133 eo
1170 4078 1326 4149 quod
1385 4084 1702 4135 creaturam
1744 4082 1962 4138 sesein

251 4170 473 4229 illicitis
530 4169 845 4239 erigentem
903 4165 1169 4223 examine
1224 4164 1604 4221 districtionis
1672 4179 1960 4238 premunt.

253 4261 456 4318 Dicere
485 4274 619 4331 ergo
666 4257 767 4314 Dei
825 4265 954 4314 est:
987 4255 1390 4312 Descendamus
1448 4264 1503 4311 et
1560 4258 1963 4327 con/undamus

257 4349 517 4421 linguam
548 4363 759 4413 eorum,
789 4346 849 4401 in
884 4345 1076 4417 seipse
1108 4345 1192 4401 eis
1223 4344 1352 4412 hoc,
1383 4346 1539 4417 quod
1575 4353 1728 4403 recte
1754 4352 1963 4419 agatur

257 4435 582 4501 ostendere,
614 4439 671 4488 et
701 4449 803 4505 per
825 4434 942 4489 vim
975 4433 1213 4489 interna:
1259 4433 1523 4502 visionis,
1553 4451 1753 4490 eorum
1791 4453 1959 4493 men-

2083 3275 2267 3332 soleat
2320 3290 2486 3329 mens
2546 3290 2671 3345 qua:
2714 3275 2876 3345 petit,
2927 3274 3209 3345 aliterque
3276 3292 3401 3346 quae
3431 3276 3668 3343 petitur,
3730 3286 3803 3333 et

2082 3369 2417 3423 sanctorum
2449 3364 2656 3420 anima:
2688 3364 2768 3419 ita
2801 3364 2857 3420 in
2885 3364 3095 3420 interni
3128 3365 3330 3421 secreti
3362 3364 3496 3420 sinu
3536 3364 3652 3421 Deo
3694 3366 3797 3421 in-

2084 3457 2354 3525 haereant,
2390 3460 2453 3512 ut
2500 3455 2831 3511 inhaerendo
2872 3455 3238 3526 requiescant
3274 3473 3288 3523 ;
3345 3457 3632 3526 quomodo
3692 3456 3791 3511 di-

2079 3556 2291 3604 cuntur
2347 3550 2560 3619 petere,
2595 3562 2741 3616 quas
2801 3545 2874 3600 ab
2924 3544 3150 3600 interna
3206 3544 3504 3602 voluntate
3553 3550 3796 3602 constat

2080 3636 2423 3691 nullatenus
2455 3634 2781 3704 discrepare
2802 3633 2828 3687 Ἰ
2855 3635 3144 3704 quomodo
3168 3634 3437 3689 dicuntur
3455 3634 3535 3705 (g)
3572 3640 3798 3706 petere,

2078 3742 2227 3797 quas
2256 3731 2312 3780 et
2345 3722 2694 3779 voluntatem
2719 3722 2822 3777 Dei
2855 3729 3081 3777 certum
3116 3726 3224 3792 est,
3258 3727 3314 3778 et
3334 3740 3401 3777 ea
3432 3739 3559 3794 qua
3593 3724 3801 3780 futura

2081 3819 2240 3882 sunt,
2274 3830 2389 3869 non
2415 3814 2682 3884 ignorare
2712 3810 2740 3865 ?
2770 3810 2879 3866 Sed
2916 3810 2972 3865 in
3006 3811 3133 3881 ipso
3168 3815 3388 3881 positas,
3420 3813 3491 3865 ab
3524 3811 3651 3882 ipso
3684 3811 3800 3866 ali-

2077 3903 2214 3976 quid
2252 3907 2443 3973 petere
2471 3901 2765 3965 dicuntur,
2791 3916 2903 3955 non
2932 3916 3047 3971 quo
3079 3898 3400 3970 quidquam
3429 3900 3798 3972 desiderent,

2077 3993 2231 4065 quod
2265 3990 2335 4047 ab
2366 3992 2466 4046 43
2517 3991 2644 4060 ejus
2684 3991 3008 4057 voluntate,
3059 4004 3233 4061 quem
3269 3994 3536 4057 cernunt,
3567 3989 3794 4045 discor—

2073 4083 2174 4137 dat
2209 4100 2220 4137 ε
2254 4080 2354 4136 sed
2387 4096 2500 4150 quo
2525 4084 2716 4134 mente
2739 4079 3041 4133 ardentius
3077 4078 3383 4147 inhrerent,
3413 4094 3478 4134 eo
3501 4079 3678 4133 etiam
3709 4079 3790 4136 de

2072 4171 2199 4243 ipso
2239 4170 2551 4240 accipiunt,
2588 4176 2648 4223 ut
2689 4168 2759 4223 ab
2811 4168 2938 4240 ipso
2972 4172 3189 4240 petant,
3222 4167 3374 4239 quod
3424 4184 3553 4223 eum
3587 4169 3777 4225 facere

2071 4260 2216 4315 velle
2264 4266 2564 4314 noverunt.
2610 4257 2687 4313 De
2718 4257 2847 4329 ipso
2897 4273 3033 4329 ergo
3075 4257 3309 4327 bibunt,
3342 4257 3501 4330 quod
3545 4258 3616 4312 ab
3644 4258 3783 4329 ipso

2071 4350 2318 4417 sitiunt;
2350 4354 2407 4403 et
2440 4348 2608 4402 modo
2641 4346 2810 4402 nobis
2833 4346 3023 4401 adhuc
3082 4346 3657 4414 incomprehensibili
3715 4347 3785 4403 in

2071 4442 2198 4510 hoc,
2246 4438 2401 4510 quod
2439 4438 2683 4509 petendo
2732 4438 3017 4505 esuriant,
3071 4437 3428 4509 przesciendo
3461 4437 3778 4494 satiantur.

250 4525 409 4581 tibus
440 4521 765 4579 exhibenda
788 4522 1017 4592 judicia
1047 4522 1290 4578 occultis
1325 4524 1576 4580 motibus
1607 4525 1908 4595 inspirare.
1995 4512 2039 4577 Ι)
2073 4531 2485 4587 Discordarent
2506 4544 2691 4601 ergoa
2715 4527 3009 4584 voluntate
3043 4528 3384 4596 conditoris,
3417 4529 3463 4584 si
3487 4544 3617 4600 qua:
3641 4545 3787 4586 eum

326 4615 411 4669 10.
442 4611 615 4667 Aliter
642 4610 833 4678 angeli
862 4609 931 4665 ad
962 4611 1152 4665 Deum.
1186 4640 1252 4649 —
1296 4611 1476 4667 Aliter
1505 4612 1826 4682 loquuntur
1855 4632 1959 4671 an-

246 4700 363 4777 geli
410 4700 483 4757 ad
531 4698 741 4769 Deum,
801 4698 953 4754 sicut
991 4703 1049 4754 et
1116 4714 1216 4770 per
1256 4699 1499 4758 Joannis
1547 4704 1959 4777 Apocalypsim

243 4794 448 4851 dicunt
480 4808 494 4847 :
527 4789 733 4863 Dignus
754 4796 831 4846 est
856 4790 1060 4858 Agnus,
1095 4788 1193 4862 qui
1219 4792 1425 4846 occisus
1454 4802 1547 4858 est,
1572 4794 1816 4865 accipere
1847 4799 1957 4851 vir-

249 4891 448 4950 tutem,
479 4886 531 4941 et
573 4880 947 4949 divinitatem,
978 4884 1031 4936 et
1059 4881 1385 4951 sapientiam
1423 4882 1667 4953 (Apoc.v,
1695 4886 1803 4956 12).
1836 4886 1958 4943 Vox

253 4988 510 5045 namque
532 4968 870 5043 angelorum
905 4971 991 5024 est
1021 4966 1080 5024 in
1113 4967 1283 5023 laude
1322 4968 1665 5040 conditoris,
1701 4972 1826 5043 ipsa
1855 4974 1954 5029 ad-

319 5160 400 5229 (a)
425 5157 555 5215 Haec
599 5156 783 5231 verba
801 5155 1065 5231 notanda
1095 5159 1252 5231 sunt,
1288 5160 1353 5212 ut
1399 5157 1762 5229 intelligatur
1804 5163 1955 5231 quod

250 5228 407 5299 sup.,
465 5245 598 5301 cap.
644 5228 724 5301 3,Δ
754 5229 945 5301 dixit,
982 5228 1668 5301 angelos_romparatione
1712 5228 1959 5290 Dei'esse

248 5298 465 5367 corpus.
498 5298 686 5353 Habes
715 5298 771 5353 id
806 5299 962 5370 praef.
996 5298 1253 5372 generali
1280 5298 1562 5358 assertam
1595 5303 1720 5375 ejus
1752 5303 1961 5360 doctri-

255 5385 394 5427 nam
425 5369 497 5423 de
528 5379 736 5424 natura
766 5371 1099 5427 angelorum
1132 5373 1495 5427 incorporea.

255 5389 394 5428 nam
425 5389 497 5423 (ιθ
528 5389 736 5424 natura
766 5389 1099 5429 angelorum
1132 5389 1495 5429 lDCOl‘DOl‘eﬂ.

324 5390 394 5425 tm
425 5390 497 5423 ue
528 5390 736 5424 natura.
766 5390 1099 5493 an‘getorum
1132 5390 1474 5444 incorporea

324 5439 401 5514 (ὁ)
431 5440 519 5514 ita
549 5439 691 5495 Mss.
726 5456 790 5495 ac
850 5441 1072 5514 _ulgati.
1100 5448 1455 5514 oppositione.

326 5512 398 5582 (ο)
430 5512 580 5565 Pene
627 5526 831 5591 omnes
850 5511 1031 5591 Ms_§_.,_
1047 5511 1293 5591 linguas.
1338 5516 1492 5591 idem
1520 5519 1959 5580 observavimus

250 5585 310 5642 in
333 5581 854 5664 consequentibus,
887 5583 990 5664 ubi
1018 5581 1180 5664 locus
1212 5586 1308 5664 hic
1336 5587 1635 5664 laudatur.

323 5653 403 5727 (ά)
435 5650 606 5716 Editi,
639 5651 736 5724 qui
760 5650 1012 5708 aderant.
1041 5655 1435 5716 Emendantur
1457 5678 1563 5734 ope
1589 5662 1731 5721 Mss.
1764 5665 1956 5731 Corb.,

254 5726 448 5785 Germ.
482 5726 541 5778 et
570 5721 645 5779 al.

304 5741 448 5784 erm.
482 5737 541 5778 οι
570 5737 645 5779 ιι.

2072 4620 2267 4675 vident
2295 4618 2462 4686 velle,
2494 4635 2609 4673 non
2643 4621 2943 4689 peterent;
2977 4618 3140 4688 eique
3177 4619 3369 4673 minus
3402 4617 3786 4687 inhmrercnt,

2069 4712 2117 4769 si
2145 4712 2430 4766 volentem
2453 4710 2609 4776 dare,
2634 4709 2922 4764 desiderio
2947 4708 3183 4779 pigriori
3212 4707 3528 4780 pulsarent.
3551 4708 3787 4773 Quibus

2068 4814 2409 4869 responsum
2430 4798 2706 4855 divinitus
2727 4796 2940 4853 dicitur
2966 4814 2978 4852 :
3009 4798 3345 4869 Requiescite
3363 4803 3575 4867 tempus
3598 4799 3787 4854 adhuc

2064 4889 2357 4955 modicum,
2389 4887 2557 4943 donec
2594 4887 2938 4959 compleatur
2975 4903 3235 4944 numerus
3293 4903 3685 4945 conservorum
3724 4898 3790 4947 et

2061 4984 2303 5051 fratrum
2368 4982 2689 5035 vestrorum.
2770 4978 3249 5035 Desiderantibus
3288 4979 3617 5037 animabus.
3679 4980 3791 5035 Re-

2136 5169 2203 5237 (e)
2254 5170 2436 5233 Rem,
2490 5164 2738 5236 Remig.,
2774 5164 3034 5236 Longip.,
3089 5164 3215 5220 Val.
3250 5163 3424 5233 Clar.,
3459 5164 3654 5234 Corb.,
3691 5166 3785 5222 iss-

2067 5238 2205 5294 tima
2237 5237 2487 5293 videndo.

2139 5312 2204 5380 (Ι)
2239 5309 2322 5365 Ita
2353 5309 2546 5375 Corb.,
2589 5307 2782 5363 Germ.
2818 5312 2874 5363 et
2903 5324 3106 5380 omnes
3137 5307 3277 5380 Mss.
3302 5323 3365 5362 ac
3418 5309 3784 5368 vetustiores

2067 5379 2365 5436 Editiones
2417 5380 2763 5453 Parisiensis
2809 5386 2863 5435 et
2922 5379 3095 5435 Basil.
3123 5379 3313 5445 Gllot.,
3347 5395 3500 5435 anno
3531 5381 3690 5453 1571,
3724 5389 3792 5439 et

2067 5454 2190 5509 alia;
2218 5454 2495 5522 deinceps
2525 5450 2745 5507 habent
2775 5454 2831 5505 in
2863 5467 3023 5508 aures
3068 5453 3477 5521 circumscripti
3521 5450 3785 5522 spiritus.

2069 5524 2413 5581 Manifestus
2435 5529 2523 5578 est
2545 5539 2724 5578 error.
2748 5524 2996 5595 Sanctus
3020 5522 3333 5595 Gregorius
3354 5538 3452 5594 per
3474 5524 3785 5581 incircum-

2065 5598 2333 5663 scriptum
2349 5596 2618 5667 spiritum
2645 5599 2819 5667 Deum
2852 5594 3143 5667 intelligit.

2139 5668 2217 5796 (ξ)
2238 5667 2302 5723 In
2334 5664 2536 5734 Edttis,
2559 5666 2820 5749 quomodo
2840 5664 3094 5750 dicuntur
3113 5664 3417 5723 vindictam
3435 5664 3784 5741 desiderare,

2139 5756 2147 5796 ι
2178 5740 2248 5796 lls
2280 5738 2411 5796 Mss.
2448 5744 2663 5794 nostris
2696 5738 3213 5795 consentientibus.

2071 5737 2248 5796 nullis
2280 5738 2411 5800 Mss.
2448 5737 2663 5794 nostris
2696 5737 3213 5795 consentientibus.
