4086 6166
264 270 375 330 561

1194 263 1614 327 MORALIUM
1662 266 1806 326 LIB.
1859 265 1935 325 ll.
1982 297 2060 310 ——
2102 263 2177 325 IN
2222 265 2481 325 CAPUT
2524 266 2546 327 Ι
2590 266 2656 325 Β.
2704 268 2867 328 JOB.

3670 278 3789 337 562

261 406 516 477 quiescite
538 411 745 472 tempus
773 402 949 457 adhuc
978 399 1271 472 modicum,
1304 402 1521 467 dicere,
1571 406 1660 457 est
1698 402 1850 458 inter
1879 418 1970 457 ar-
2008 406 2058 471 Α
2091 402 2162 457 ab
2195 402 2589 457 immoderatas
2620 401 2959 459 tentationis
2989 403 3210 475 impetu
3262 420 3397 461 eum
3447 406 3619 463 etiam
3661 424 3789 479 per-

263 494 462 550 dorem
487 491 763 550 desiderii
793 508 861 548 ex
889 491 1018 563 ipsa
1038 492 1402 563 praescientia
1430 492 1703 547 solatium
1738 492 1812 563 (α)
1846 507 1977 547 con-

262 584 569 642 solationis
593 583 851 655 aspirare
878 601 892 651 ;
920 589 981 638 ut
1003 588 1059 638 et
1080 584 1413 639 animarum
1439 601 1545 639 vox
1570 583 1646 639 sit
1666 583 1800 649 hoc,
1825 582 1978 654 quod

262 686 523 732 amantes
552 675 929 741 desiderant;
976 679 1033 729 et
1080 676 1485 743 respondentis
1546 674 1647 728 Dei
1680 690 1871 729 sermo
1903 672 1981 727 sit

260 765 389 829 hoc,
413 766 571 837 quod
594 782 689 820 eas
712 764 1111 820 retributionis
1136 765 1486 820 certitudine
1507 764 1662 819 inter
1685 763 1979 819 desideria

261 855 591 912 confirmat.
626 855 994 927 Respondere
1024 871 1157 923 ergo
1196 856 1322 925 ejus
1352 858 1460 923 est,
1496 860 1558 909 ut
1580 853 1979 910 collectionem

263 945 508 999 fratrum
531 950 869 1013 exspectare
892 944 1163 1008 debeant,
1186 958 1387 998 eorum
1414 942 1710 998 mentibus
1732 942 1981 997 libenter

262 1033 638 1104 exspectandi
673 1048 866 1088 moras
897 1032 1244 1097 infundere;
1296 1037 1360 1087 ut
1389 1048 1525 1087 cum
1549 1032 1743 1088 carnis
1782 1048 1979 1087 resur—

263 1124 580 1181 rectionem
614 1125 915 1193 appetunt,
947 1123 1118 1177 etiam
1153 1138 1221 1178 ex
1242 1120 1705 1193 colligendorum
1730 1124 1978 1179 fratrum

266 1217 580 1284 augmento
610 1212 1004 1283 gratulentur.

331 1345 475 1417 [νει.
514 1344 647 1416 νη]
686 1346 770 1397 12.
843 1344 1024 1399 Aliter
1081 1344 1215 1399 Deus
1244 1344 1315 1399 ad
1344 1344 1648 1413 diabolum,
1698 1353 1749 1402 et
1784 1346 1879 1401 ille
1908 1345 1977 1402 ad

272 1434 454 1489 Deum.
495 1434 674 1489 Aliter
725 1436 871 1488 Deus
910 1433 1170 1505 loquitur
1199 1435 1269 1489 ad
1303 1434 1625 1503 diabolum,
1658 1438 1826 1491 aliter
1856 1436 1977 1491 dia-

268 1523 441 1579 bolus
465 1524 535 1579 ad
560 1523 761 1578 Deum.
789 1522 970 1594 Loqui
995 1525 1146 1577 enim
1172 1523 1269 1579 Dei
1292 1529 1379 1579 est
1411 1526 1479 1578 ad
1506 1525 1829 1593 diabolum,
1852 1527 1978 1582 vias

270 1615 395 1685 ejus
422 1630 489 1668 ac
521 1615 754 1685 negotia
802 1614 1303 1669 animadversione
1333 1614 1570 1670 occultas
1603 1615 1981 1674 districtionis

270 1704 593 1775 increpare,
627 1705 780 1759 sicut
811 1702 906 1758 hic
929 1703 1176 1758 dicitur:
1214 1703 1361 1762 Unde
1400 1708 1591 1759 venis?
1621 1705 1840 1761 Diaboli
1874 1725 1979 1763 au-

271 1798 387 1850 tem
440 1795 491 1849 ei
544 1793 914 1864 respondere,
949 1799 1033 1849 est
1084 1794 1470 1864 omnipotenti
1521 1797 1805 1867 majestati
1857 1798 1982 1869 ejus
2013 1775 2060 1841 Β

272 1884 418 1942 nihil
455 1902 624 1955 posse
656 1885 867 1939 celare.
922 1886 1087 1939 Unde
1117 1884 1209 1939 hic
1259 1886 1357 1951 ait,
1411 1886 1649 1942 Circuivi
1679 1893 1906 1957 terram,
1938 1899 1991 1947 et

265 1973 657 2046 perambulavi
700 1991 844 2031 eam.
899 1974 1069 2038 Quasi
1122 1974 1278 2029 enim
1329 1975 1517 2031 dicere
1556 1978 1683 2046 ejus
1713 1983 1802 2033 est
1850 1979 1987 2050 quid

272 2066 477 2136 egerit,
510 2065 658 2119 scire
697 2065 851 2134 quod
886 2073 1050 2118 actus
1083 2081 1219 2119 suos
1252 2064 1408 2120 illius
1466 2066 1650 2121 oculis
1699 2068 1988 2126 occultare

272 2171 387 2209 non
438 2154 643 2224 possit.
697 2152 1008 2208 Sciendum
1061 2170 1195 2209 vero
1227 2160 1330 2223 est,
1364 2155 1496 2224 quia
1528 2156 1680 2211 sicut
1722 2158 1829 2213 hoc
1865 2160 1988 2213 loco

273 2244 585 2307 discimus,
608 2247 862 2313 quatuor
880 2243 1067 2297 modis
1088 2242 1349 2315 loquitur
1371 2245 1524 2301 Deus
1557 2248 1622 2301 ad
1648 2247 1945 2303 diabolum
1970 2243 2001 2317 ;’

272 2334 466 2389 tribus
527 2333 718 2388 modis
781 2332 1047 2388 diabolus
1110 2334 1179 2388 ad
1245 2334 1449 2390 Deum.
1499 2337 1754 2400 Quatuor
1805 2340 1988 2393 modis

274 2424 542 2495 loquitur
572 2422 723 2479 Deus
756 2423 823 2478 ad
849 2424 1186 2489 diabolum;
1221 2426 1357 2495 quia
1376 2433 1433 2481 et
1453 2425 1699 2496 injustas
1718 2427 1840 2483 vias
1862 2428 1988 2497 ejus

272 2514 490 2583 arguit,
523 2522 576 2566 et
614 2510 928 2567 electorum
977 2529 1218 2568 suorum
1251 2520 1452 2571 contra
1501 2514 1668 2570 illum
1696 2517 1985 2587 justitiam

270 2601 568 2674 proponit,
601 2606 657 2657 et
686 2604 1025 2657 tentandum
1054 2618 1251 2659 eorum
1287 2604 1676 2660 innocentiam
1708 2606 1759 2661 ei
1782 2622 1989 2661 conce-

268 2692 468 2747 dendo
487 2691 786 2763 permittit.
810 2697 866 2747 et
888 2692 1201 2763 aliquando
1233 2711 1389 2760 eum,
1417 2711 1486 2750 ne
1508 2700 1730 2752 tentare
1753 2696 1985 2763 audeat,

270 2781 565 2853 prohibet.
593 2782 844 2850 injustas
877 2782 1033 2836 enim
1058 2783 1178 2838 vias
1202 2785 1329 2853 ejus
1357 2783 1673 2855 redarguit,
1697 2784 1984 2856 sicutjam

270 2873 488 2927 dictum
540 2876 665 2928 est:
704 2872 851 2928 Unde
889 2876 1036 2928 venis
1060 2876 1085 2925 .9
1132 2873 1455 2929 Electorum
1510 2890 1751 2930 suorum
1784 2882 1989 2931 contra

266 2962 439 3018 illum
461 2963 752 3034 justitiam
783 2963 1055 3034 proponit
1076 2963 1320 3019 sicutait
1346 2981 1359 3019 :
1385 2964 1460 3036 (ὁ)
1487 2965 1855 3021 Considerasli
1876 2982 1988 3021 ser-

268 3069 401 3108 vum
430 3068 617 3107 meum
637 3052 754 3119 Job,
786 3052 929 3123 quod
976 3070 1090 3107 non
1133 3055 1206 3107 sit
1235 3052 1289 3107 ei
1316 3055 1513 3109 similis
1536 3071 1700 3124 super
1730 3061 1940 3110 terram
1964 3059 1989 3109 2’

271 3141 641 3197 Tentandum
659 3157 860 3196 eorum
876 3141 1266 3199 innocentiam
1286 3146 1654 3202 concedendo
1676 3146 1982 3218 permittit,
2014 3146 2065 3218 α

271 3233 423 3288 sicut
482 3231 657 3287 dicit:
712 3232 841 3287 Ecce
889 3234 1148 3287 universa
1195 3248 1321 3305 quae
1373 3234 1536 3291 habet
1580 3237 1637 3291 in
1680 3253 1847 3291 manu
1890 3242 1982 3290 tua

271 3337 423 3386 sunt.
459 3331 831 3401 Rursumque
863 3347 993 3385 eum
1026 3348 1060 3386 a
1090 3332 1409 3389 tentatione
1432 3333 1718 3405 prohibet,
1751 3350 1884 3389 cum
1908 3334 1991 3388 di-

272 3421 353 3476 cit
380 3436 395 3473 :
432 3421 664 3475 Tantum
688 3421 748 3475 in
779 3436 905 3475 eum
926 3437 994 3475 ne
1027 3424 1294 3477 extendas
1322 3441 1551 3478 manum
1572 3431 1745 3481 tuam.
1777 3426 1990 3479 Tribus

276 3514 476 3563 autem
503 3509 689 3563 modis
712 3508 972 3579 loquitur
994 3510 1258 3567 diabolus
1282 3514 1349 3567 ad
1376 3512 1577 3577 Deum,
1605 3530 1738 3569 cum
1757 3516 1844 3568 vel
1868 3513 1990 3567 vias

276 3615 419 3655 snas
462 3599 741 3666 insinuat,
795 3599 879 3654 vel
915 3602 1226 3656 electorum
1263 3602 1655 3659 innocentiam
1692 3604 1839 3658 ﬁctis
1879 3606 1991 3658 cri-

275 3688 535 3746 minibus
558 3695 816 3754 accusat,
842 3689 927 3744 vel
959 3692 1293 3746 tentandam
1312 3693 1578 3748 eamdem
1605 3694 1995 3750 innocentiam

272 3780 560 3852 postulat.
588 3779 724 3835 Viae
747 3779 964 3850 quippe
998 3797 1137 3836 suas
1164 3780 1447 3852 insinuat,
1473 3783 1573 3855 qui
1594 3783 1673 3838 ait
1702 3800 1715 3838 :
1753 3784 1997 3840 Circuivi

272 3873 509 3936 terram,
536 3878 589 3924 et
628 3869 1019 3941 perambulavi
1046 3887 1187 3925 eam.
1241 3871 1568 3928 Electorum
1602 3874 1994 3931 innocentiam

275 3964 542 4024 accusat,
579 3958 675 4029 qui
709 3959 885 4015 dicit:
917 3960 1087 4030 (Vers.
1118 3960 1173 4029 9,
1210 3961 1318 4033 10).
1354 3962 1619 4034 Nunquid
1646 3966 1861 4035 [rustra
1904 3964 1996 4020 Job

275 4052 436 4104 timet
495 4048 705 4102 Deum!
751 4054 940 4105 Nonne
970 4057 1028 4103 tu
1059 4051 1291 4106 vallasti
1318 4068 1465 4119 eum,
1507 4069 1571 4108 ac
1600 4053 1819 4108 domum
1858 4055 1997 4123 eius,

277 4139 1078 4210 universamquesubstantiam
1092 4141 1165 4211 (ο)
1177 4156 1275 4211 per
1290 4141 1624 4198 circuitum?
1637 4144 1775 4200 Tenl
1788 4146 1999 4200 endam

277 4228 548 4284 eamdem
597 4228 992 4284 innocentiam
1042 4230 1324 4300 postulat,
1359 4248 1492 4287 cum
1536 4233 1720 4289 dicit:
1751 4234 2003 4292 Extende

276 4333 516 4372 manum
566 4324 739 4383 tuam,
782 4321 837 4373 et
880 4321 1048 4387 tange
1093 4324 1289 4374 cuneta
1338 4336 1462 4391 qua:
1502 4321 1758 4393 possidet,
1804 4326 1914 4378 nisi
1946 4325 2003 4378 in

280 4407 492 4476 faciem
522 4407 868 4464 benedixerit
900 4410 1022 4465 tibi.
1058 4410 1169 4465 Sed
1202 4410 1391 4467 dicere
1448 4413 1547 4469 Dei
1578 4418 1686 4482 est,
1731 4414 1879 4471 Unde
1911 4430 2004 4470 ve-

2092 492 2374 548 mittendo
2415 494 2782 564 restringere.
2825 493 3025 551 Dicere
3056 501 3254 552 autem
3285 496 3499 552 diaboli
3531 502 3641 566 est,
3676 499 3797 555 Cir-

2086 583 2234 638 cuivi
2270 590 2503 650 terram,
2553 588 2603 637 et
2649 584 3037 652 perambulavi
3078 600 3223 654 eam,
3267 585 3647 657 sagacitatem
3676 604 3795 644 sua:

2092 672 2326 727 malitias
2358 670 2749 727 invisibilibus
2780 674 2905 741 ejus
2935 674 3121 729 oculis
3154 673 3445 730 occultare
3467 691 3582 731 non
3602 691 3795 746 posse.

2091 764 2288 819 Dicere
2317 762 2532 818 diaboli
2568 770 2675 827 est,
2714 762 2978 833 Nunquid
3014 765 3229 831 frustra
3264 764 3359 821 Job
3398 764 3556 821 timet
3584 766 3799 822 Deum!

2090 858 2292 908 contra
2351 850 2518 908 bonis
2568 853 2722 906 intra
2776 852 3195 923 cogitationum
3247 870 3489 909 suarum
3553 853 3801 911 latibula

2090 940 2401 1013 conqueri;
2465 956 2667 995 eorum
2724 940 3087 1011 proventibus
3154 941 3433 1007 invidere,
3485 945 3659 1015 atque
3708 943 3801 999 in-

2088 1032 2336 1087 videndo
2368 1029 2788 1100 reprobationis
2816 1030 2991 1087 rimas
3019 1030 3342 1103 exquirere.
3362 1031 3562 1088 Dicere
3584 1031 3800 1088 diaboli

2088 1129 2197 1189 est,
2234 1121 2480 1177 Extende
2521 1122 2814 1193 paululum
2855 1137 3081 1177 manum
3110 1126 3287 1189 tuam,
3318 1128 3373 1178 et
3399 1125 3561 1194 tange
3606 1125 3803 1179 cuncta

2089 1230 2214 1287 quae
2257 1212 2493 1284 possidet
2531 1214 2704 1282 (Vers.
2752 1212 2862 1285 11),
2935 1213 3005 1268 ad
3056 1212 3429 1269 afﬂictionem
3482 1213 3798 1281 bonorum,

2091 1304 2325 1360 malitiae
2374 1302 2612 1358 aestibus
2659 1301 2949 1357 anhelare.
3003 1303 3124 1368 Quo
3180 1301 3336 1359 enim
3380 1318 3580 1359 eorum
3611 1307 3803 1359 tenta-

2088 1395 2306 1449 tionem
2332 1391 2599 1447 invidens
2622 1390 2940 1461 appetit,eo
2962 1389 3198 1448 illorum
3213 1390 3382 1463 quasi
3404 1390 3803 1462 probationem

2091 1484 2409 1554 deprecans
2442 1482 2602 1551 petit.
2641 1481 2787 1545 Quia
2819 1480 2996 1552 igitur
3024 1481 3391 1537 internarum
3442 1481 3804 1538 locutionum

2090 1574 2296 1628 modos
2326 1572 2619 1628 succincte
2650 1570 2930 1637 diximus,
2964 1570 3035 1625 ad
3056 1569 3463 1627 intermissum
3488 1569 3797 1642 paululum

2089 1664 2472 1736 expositionis
2505 1663 2770 1718 ordinem
2804 1666 3178 1718 revertamur.

2435 1751 2663 1808 CAPUT
2691 1750 2813 1807 VIll
2854 1751 3005 1823 [Vet.
3048 1751 3181 1819 vm,
3214 1752 3337 1809 Rec.
3372 1751 3455 1823 V].

2162 1842 2337 1898 Vaas.
2397 1844 2451 1897 8.
2494 1871 2562 1881 -
2610 1839 2947 1896 Considerati
3014 1856 3233 1897 servum
3272 1856 3453 1896 meum
3499 1840 3619 1909 Job,
3663 1839 3804 1913 quod

2092 1950 2203 1991 non
2231 1935 2305 1987 sit
2332 1932 2533 1987 similis
2560 1931 2617 1987 ei
2661 1946 2825 2002 super
2867 1939 3097 1998 terram,
3132 1930 3219 1987 vir
3254 1931 3492 2003 simplex
3518 1933 3571 1987 et
3600 1936 3803 2000 rectus,

2096 2041 2159 2080 ac
2192 2026 2391 2077 timens
2413 2023 2603 2087 Deum,
2636 2029 2687 2076 et
2724 2019 2978 2077 recedens
3006 2037 3040 2075 a
3064 2021 3209 2077 malo
3229 2024 3255 2075 ?

2168 2114 2255 2169 13.
2308 2113 2404 2169 Dei
2443 2111 2760 2182 diabolique
2805 2128 3015 2181 pugna,
3045 2110 3203 2181 cujus
3244 2110 3480 2167 materia
3524 2112 3628 2170 Job
3674 2111 3805 2181 fuit.

2094 2237 2162 2248 -—
2185 2202 2533 2261 Priscedeuti
2565 2203 2686 2273 jam
2722 2218 2995 2258 sermone
3025 2206 3335 2257 tractatum
3366 2205 3476 2269 est,
3509 2202 3648 2273 quia
3679 2203 3808 2258 dia-

2096 2293 2263 2349 bolus
2296 2309 2410 2347 non
2452 2296 2656 2347 contra
2710 2290 2839 2356 Job,
2886 2289 2985 2345 sed
3034 2294 3239 2344 contra
3288 2290 3467 2344 Deum
3517 2292 3809 2344 certamen

2096 2384 2436 2455 proposuit;
2489 2380 2735 2436 materia
2782 2395 2916 2435 vero
2968 2378 3309 2436 certaminis
3361 2378 3569 2435 beatus
3613 2378 3717 2434 Job
3748 2379 3807 2435 in

2097 2473 2285 2529 medio
2319 2470 2443 2527 fuit.
2470 2471 2539 2525 Et
2568 2469 2619 2525 si
2641 2468 2699 2524 in
2722 2468 3096 2525 sermonibus
3110 2470 3234 2524 suis
3254 2468 3511 2525 dicimus
3528 2467 3809 2525 Jobinter

2094 2562 2320 2635 ﬂagella
2351 2561 2689 2631 deliquisse,
2724 2558 2880 2629 quod
2911 2558 3126 2615 sentire
3167 2560 3331 2615 nefas
3357 2562 3466 2627 est,
3501 2559 3679 2615 Deum
3710 2558 3803 2614 di-

2094 2655 2284 2710 cimus
2313 2652 2373 2707 in
2403 2667 2512 2707 sua
2544 2648 2934 2721 propositione
2965 2650 3032 2719 (e)
3064 2648 3403 2721 perdidisse.
3428 2649 3573 2704 Nam
3593 2665 3726 2706 ecce
3746 2652 3804 2705 et

2094 2745 2153 2799 in
2185 2743 2295 2799 hoc
2325 2741 2448 2797 loco
2481 2738 2828 2795 intuendum
2858 2743 2968 2808 est,
3001 2738 3139 2810 quia
3168 2755 3285 2794 non
3318 2737 3481 2811 prius
3528 2737 3797 2795 diabolus

2094 2833 2328 2889 beatum
2358 2830 2468 2886 Job
2504 2846 2537 2884 a
2580 2828 2827 2885 Domino
2878 2827 3063 2900 petiit,
3096 2827 3200 2883 sed
3237 2843 3373 2884 eum
3421 2828 3709 2885 Dominus
3739 2828 3801 2882 in

2094 2922 2309 2979 diaboli
2357 2922 2693 2989 despectum
2742 2918 3019 2975 laudavit.
3066 2918 3132 2973 Et
3163 2917 3273 2973 nisi
3320 2917 3382 2975 in
3413 2933 3523 2974 sua
3560 2915 3804 2987 justitia

2095 3026 2543 3085 permansurum
2569 3013 2789 3073 nosset,
2812 3024 2930 3064 non
2948 3006 3149 3078 utique
3175 3023 3278 3078 pro
3300 3005 3399 3062 illo
3436 3010 3804 3077 proponeret.

2098 3104 2211 3160 i‘iee
2235 3101 2559 3175 periturum
2592 3101 2649 3155 in
2683 3099 2999 3155 tentatione
3032 3096 3398 3165 concederet,
3429 3097 3502 3151 de
3530 3110 3644 3167 quo
3676 3098 3811 3152 ante

2096 3192 2505 3256 tentationem,
2537 3206 2608 3245 ex
2656 3188 2757 3244 Dei
2806 3186 3103 3253 laudibus,
3154 3186 3214 3242 in
3264 3185 3569 3242 tentatoris
3617 3188 3814 3241 mente

2096 3282 2328 3338 invidias
2362 3280 2589 3334 fuerant
2618 3279 2770 3334 faces
2800 3277 3082 3333 excitatis.

2172 3374 2257 3429 14.
2294 3372 2469 3441 Quam
2515 3373 2696 3425 astute
2744 3377 2960 3440 quaerat
2997 3368 3249 3424 diabolus
3280 3365 3425 3423 unde
3453 3382 3550 3423 nos
3576 3371 3817 3422 accuset.

2098 3494 2168 3506 -—
2225 3464 2331 3519 Sed
2366 3462 2647 3531 antiquus
2676 3458 3041 3515 adversarius
3071 3474 3200 3514 cum
3230 3473 3357 3529 qua
3387 3462 3619 3513 accuset
3642 3454 3819 3523 mala,

2100 3569 2219 3609 non
2251 3551 2489 3618 invenit,
2522 3551 2650 3618 ipsa
2698 3549 2768 3603 ad
2806 3547 3028 3603 malum
3069 3546 3363 3603 inﬂectere
3392 3548 3545 3602 bona
3592 3544 3820 3617 quaerit.

2102 3644 2365 3713 Cumque
2387 3641 2457 3697 de
2488 3640 2762 3711 operibus
2796 3638 3067 3702 vincitur,
3100 3638 3170 3693 ad
3217 3637 3615 3694 accusandum
3647 3636 3824 3692 verba

2105 3738 2303 3789 nostra
2336 3734 2756 3802 perscrutatur.
2789 3732 2930 3783 Cum
2965 3742 3070 3784 nec
3090 3728 3150 3782 in
3173 3727 3365 3783 verbis
3388 3726 3822 3784 accusationem

2106 3820 2341 3892 reperit,
2372 3817 2759 3874 intentionem
2808 3832 2907 3873 cor
2948 3815 2998 3870 is
3052 3816 3279 3871 fuscare
3320 3815 3652 3881 contendit;
3684 3819 3821 3870 tane

2107 3926 2283 3983 quam
2326 3908 2481 3965 bona
2529 3907 2679 3962 facta
2729 3904 2877 3962 bono
2926 3904 3119 3961 animo
3165 3919 3281 3959 non
3314 3903 3475 3971 ﬂant,
3517 3910 3576 3959 et
3606 3902 3822 3958 idcirco

2108 3997 2386 4073 perpendi
2453 4014 2487 4053 a
2522 3994 2723 4067 judice
2770 3994 2925 4050 bona
2966 4010 3080 4049 non
3140 3993 3410 4048 debeant.
3470 3991 3619 4059 Quia
3665 3990 3823 4045 enim

2110 4091 2336 4146 fructus
2360 4085 2585 4143 arboris
2606 4101 2732 4143 esse
2751 4088 2808 4140 et
2828 4084 2887 4141 in
2911 4088 3054 4141 metu
3077 4083 3294 4139 virides
3318 4080 3628 4153 conspicit,
3652 4078 3825 4152 quasi

2108 4194 2368 4237 vermem
2402 4191 2617 4250 ponere
2646 4176 2717 4232 ad
2750 4175 3003 4232 radicem
3038 4174 3263 4245 quaerit.
3298 4171 3445 4228 Nam
3477 4170 3656 4229 dicit:

2780 4263 3014 4321 CAPUT
3047 4265 3148 4321 IX.

2181 4359 2355 4415 Vaas.
2394 4357 2450 4425 9,
2485 4358 2571 4412 10.
2604 4385 2674 4398 -
2720 4353 2980 4427 Nunquid
3016 4356 3230 4426 [rustra
3275 4353 3372 4410 Job
3417 4355 3573 4410 timet
3615 4353 3837 4410 Deum?

2116 4450 2307 4504 Nonne
2338 4454 2398 4503 tu
2425 4447 2652 4503 vallasti
2692 4461 2819 4501 eum
2848 4461 2912 4500 ac
2955 4446 3185 4502 domum
3237 4444 3381 4514 eius,
3415 4446 3837 4515 universumque

279 4497 430 4553 πω
460 4498 608 4607 emat
630 4504 698 4601 ,ει
729 4515 905 4600 arma
938 4498 1390 4607 insinuasse.
1425 4501 1481 4555 νί
1512 4504 1889 4607 gustasse
1915 4504 2005 4559 ίιί-
2041 4527 2089 4589 υ
2116 4497 2938 4607 suasisse;esse...
2958 4497 3282 4602 {ipsis
3302 4497 3835 4605 assessu;

282 4603 428 4644 nera
460 4587 694 4644 malitia
725 4590 852 4659 ejus
884 4589 1207 4660 increpare.
1262 4591 1462 4646 Dicere
1514 4590 1615 4647 Dei
1647 4598 1757 4661 est,
1811 4593 2011 4650 Consi-

282 4678 494 4735 derasti
523 4694 740 4734 servum
774 4694 953 4733 meum
1001 4681 1119 4745 Job,
1169 4680 1308 4752 quod
1338 4696 1447 4736 non
1476 4680 1550 4736 sit
1597 4682 1654 4736 ei
1681 4682 1759 4753 (ά)
1800 4685 2005 4741 similis

282 4784 454 4840 super
489 4778 697 4824 terram
719 4771 744 4822 .9
772 4769 919 4825 tales
951 4767 1163 4826 electos
1198 4787 1335 4827 suos
1376 4770 1758 4841 justiﬁcando
1793 4773 2000 4843 facere,

284 4859 567 4931 qualibus
601 4858 876 4915 nimirum
916 4864 1176 4930 apostata
1216 4860 1456 4931 angelus
1505 4862 1691 4933 possit
1721 4863 1999 4922 invidere.

284 4947 495 5005 Dicere
523 4947 623 5004 Dei
656 4952 765 5018 est,
807 4950 936 5005 Ecce
975 4950 1231 5006 universa
1260 4966 1377 5022 qua:
1427 4950 1586 5006 habet
1621 4950 1679 5006 in
1708 4969 1881 5009 manu
1909 4959 2007 5011 tua

281 5047 439 5107 sunt,
488 5042 590 5095 44
640 5038 713 5094 ad
749 5040 1152 5111 probationem
1196 5041 1476 5110 fidelium,
1526 5051 1727 5100 contra
1782 5059 1879 5100 eos
1918 5061 2007 5100 oc-

286 5128 450 5187 culta
479 5129 530 5185 vi
565 5130 867 5186 incursum
902 5130 1067 5187 illum
1093 5147 1209 5188 suis
1242 5131 1477 5188 malitias
1501 5133 1772 5190 relaxare.
1806 5135 2007 5193 Dicere

285 5221 395 5279 Dei
446 5224 558 5287 est,
609 5221 842 5277 Tantum
884 5223 942 5277 in
988 5238 1111 5279 eum
1157 5238 1227 5278 ne
1275 5224 1536 5280 extendas
1572 5241 1799 5282 manum
1832 5234 2005 5298 tuam,

365 5346 445 5418 (α)
477 5346 729 5415 Ebroic.,
750 5346 993 5404 Vindoc.
1028 5352 1084 5403 et
1105 5347 1809 5415 nonnulli,consolationis
1840 5353 2013 5425 inspi-

294 5433 456 5560 ra{be).
500 5490 560 5544 In
613 5488 867 5555 Excusis,
920 5492 1170 5562 nunquid
1218 5493 1593 5549 considerasti.
1647 5497 1705 5551 In
1740 5497 2012 5553 omnibus

282 5578 442 5644 gnos
462 5562 882 5644 consumimus
921 5565 1071 5644 Mss._
1090 5580 1201 5618 non
1230 5564 1441 5637 legitur
1468 5569 1740 5639 nunquid.
1766 5570 2016 5641 Ideoque

282 5637 393 5694 hic
422 5640 481 5690 et
520 5635 793 5703 deinceps
823 5635 1231 5698 expunximus.

372 5705 449 5779 (ε)
500 5708 563 5761 ιιι
625 5704 823 5777 Gilot.,
875 5706 1081 5776 Vatic.,
1127 5708 1436 5781 Gussanw,
1467 5712 1834 5771 substantiam
1874 5713 2015 5785 ejus.

2118 4628 2403 4691 nedixisti,
2428 4634 2477 4681 et
2504 4626 2763 4696 possessio
2794 4624 2953 4680 illius
2973 4624 3146 4681 crevit
3178 4626 3238 4680 in
3267 4630 3437 4682 terra.

2183 4717 2273 4772 45.
2331 4717 2414 4770 Ex
2458 4716 2745 4786 prosperis
2792 4721 2845 4769 et
2888 4730 2962 4771 ex
3008 4714 3253 4770 adversis
3298 4720 3491 4770 tentat.
3535 4744 3601 4756 —
3646 4719 3727 4771 Ac
3776 4712 3829 4769 si

2112 4810 2308 4877 aperte
2339 4805 2494 4861 dicat
2520 4821 2533 4860 ς
2567 4803 2675 4868 Qui
2705 4808 2790 4860 tot
2819 4804 2971 4860 bona
3002 4804 3061 4861 in
3090 4808 3244 4860 terra
3273 4804 3507 4874 recepit,
3542 4802 3681 4875 quid
3714 4800 3827 4856 mi-

2112 4912 2242 4962 rum
2272 4899 2381 4965 est,
2401 4894 2448 4950 si
2479 4911 2583 4966 pro
2611 4894 2695 4950 eis
2717 4910 2780 4951 se
2802 4894 3142 4951 innocenter
3160 4894 3353 4965 gerit?
3387 4893 3674 4947 Innocens
3690 4903 3825 4945 vere

2114 4988 2286 5055 esset,
2318 4984 2365 5042 si
2402 4983 2587 5041 bonus
2628 4984 2781 5041 inter
2807 4983 3049 5041 adversa
3088 4982 3443 5055 persisteret.
3494 4979 3607 5035 Cur
3625 4981 3823 5034 autem

2116 5092 2366 5149 magnus
2392 5074 2631 5144 dicitur,
2652 5090 2827 5148 quem
2858 5088 3077 5130 merces
3100 5071 3188 5127 sui
3213 5069 3671 5140 uniuscujusque
3691 5083 3827 5137 ope-

2115 5166 2197 5223 ris
2230 5170 2392 5222 tanta
2430 5181 2624 5222 rerum
2677 5163 3111 5235 multiplicitate
3158 5158 3473 5215 comitatur
3500 5157 3528 5212 ?
3580 5161 3829 5215 Astutus

2118 5255 2336 5326 quippe
2365 5253 2751 5319 adversarius,
2786 5268 2916 5307 cum
2946 5253 3220 5306 sanctum
3249 5246 3441 5303 virum
3472 5245 3625 5303 inter
3663 5263 3832 5319 pros-

2120 5379 2433 5470 Redqppat
2490 5378 2629 5449 ejus,
2689 5391 2794 5431 nec
2850 5374 3057 5447 legitur
3120 5374 3179 5430 in
3260 5374 3399 5430 Mss.
3460 5372 3674 5429 nostris
3727 5377 3832 5429 aut

2118 5450 2544 5593 veidﬁguidam
2580 5520 2711 5593 M3,,
2743 5519 2944 5575 similis
2974 5521 3030 5574 in
3065 5525 3234 5575 terra.

2195 5588 2264 5663 (e)
2308 5591 2451 5647 Editi
2490 5594 2579 5647 hic
2610 5592 2851 5654 addunt,
2902 5595 3209 5661 victoriam,
3260 5589 3456 5663 invitis
3489 5588 3563 5645 M.
3596 5605 3661 5645 ac
3692 5588 3829 5645 Gre-

2126 5661 2369 5739 goriana
2419 5663 2635 5739 phrasi.
2689 5665 2749 5719 In
2798 5664 3040 5739 prafal.,
3072 5664 3260 5739 _i_i._8,_
3295 5661 3829 5739 legimus:_pr0po-

2126 5732 2334 5805 Inerat,
2357 5732 2661 5811 perdidisse
2681 5732 3040 5809 reprehendit.
3071 5735 3217 5793 Vide
3249 5734 3283 5789 Ι.
3316 5732 3478 5801 xiixii,
3511 5746 3567 5790 n.
3600 5732 3649 5786 t.
