4086 6166
258 266 377 325 563

1519 265 1792 325 SANCTI
1842 263 2212 325 GREGORII
2260 265 2508 325 MAGNI

3657 260 3775 317 564

255 414 391 469 pera
422 399 566 455 bene
595 400 777 471 egisse
809 401 1152 469 considerat,
1180 398 1485 468 reprobare
1518 397 1671 468 apud
1705 396 1960 467 judicem
1993 397 2237 469 Ajusta.
2272 430 2340 438 -—
2389 396 2700 454 Sciendum
2735 413 2868 452 vero
2900 400 2983 451 est
3042 397 3178 468 quia
3226 396 3458 452 Satanae
3507 393 3779 449 voluntas

252 503 352 559 per
384 489 621 544 adversa
670 492 928 545 festinat.
962 490 1123 545 Unde
1157 494 1305 544 recte
1352 487 1409 542 in
1452 487 1794 559 Apocalypsi
1824 504 1961 543 voce

251 576 514 647 angelica
542 578 797 634 dicitur:
830 580 1111 647 Proiectus
1139 582 1217 633 est
1248 586 1531 632 accusator
1565 578 1806 644 fratrum
1844 592 1963 632 nos-

248 671 483 739 trorum,
515 672 610 740 qui
639 669 928 725 accusabat
962 670 1084 723 illos
1115 674 1243 723 ante
1289 672 1631 735 conspectum
1661 666 1759 722 Dei
1788 668 1963 722 nostri

249 755 338 813 die
366 775 429 813 ac
458 763 612 815 nocte
633 760 816 831 (Apoc.
850 776 950 826 xu,
1009 759 1116 829 10).
1171 758 1320 826 [γει.
1371 757 1479 828 ιΧ.]
1531 757 1829 827 Scriptura
1860 773 1961 812 au-

249 852 367 903 tem
399 864 565 904 sacra
595 864 749 920 saepe
787 848 941 903 diem
977 864 1078 918 pro
1136 848 1451 917 prosperis,
1506 852 1733 902 noctem
1768 852 1958 902 autem

248 953 351 1008 pro
382 938 635 992 adversis
686 952 899 1008 ponere
943 937 1260 992 consuevit.
1312 936 1375 992 In
1428 936 1521 991 die
1551 952 1685 1009 ergo
1707 942 1763 992 et
1793 941 1961 993 nocte

246 1041 517 1081 accusare
549 1042 661 1081 non
694 1026 931 1094 desinit,
963 1026 1098 1097 quia
1148 1026 1316 1082 modo
1367 1042 1473 1081 nos
1524 1027 1581 1081 in
1643 1027 1958 1098 prosperis,

248 1114 419 1170 modo
451 1115 510 1169 in
542 1115 802 1171 adversis
825 1116 1184 1171 accusabiles
1215 1119 1514 1171 ostendere
1543 1116 1859 1172 contendit.
1896 1116 1959 1171 In

248 1203 341 1258 die
369 1211 626 1265 accusat,
661 1220 790 1259 cum
826 1208 1119 1276 prosperis
1163 1204 1315 1261 male
1348 1221 1452 1259 nos
1477 1204 1558 1259 uti
1582 1205 1863 1260 insinuat.
1898 1205 1958 1259 In

246 1298 416 1349 nocte
462 1301 718 1361 accusat,
773 1312 904 1351 cum
940 1300 996 1351 in
1048 1297 1307 1351 adversis
1339 1296 1436 1351 45
1475 1312 1579 1351 nos
1603 1312 1716 1351 non
1749 1296 1961 1350 habere

246 1384 586 1454 patientiam
620 1386 1008 1441 demonstrat.
1048 1390 1283 1440 Beatum
1338 1402 1471 1455 ergo
1513 1386 1621 1441 Job
1661 1387 1794 1455 quia
1825 1402 1958 1441 nec-

246 1475 386 1529 dum
411 1475 641 1546 ﬂagella
681 1476 1017 1547 attigerant,
1052 1477 1217 1547 quasi
1259 1476 1452 1531 adhuc
1498 1477 1651 1531 unde
1682 1477 1739 1531 in
1793 1483 1960 1532 nocte

248 1579 517 1620 accusare
544 1571 759 1635 posset,
794 1566 1032 1620 omnino
1074 1582 1188 1619 non
1242 1565 1509 1621 habebat.
1562 1566 1707 1632 Quia
1737 1583 1867 1621 vero
1898 1567 1959 1621 in

246 1654 541 1723 prosperis
576 1671 787 1723 magna
817 1654 896 1725 (ιι)
931 1656 1240 1709 sanctitate
1278 1655 1559 1725 viguerat,
1607 1672 1707 1726 pro
1738 1655 1956 1711 eisdem

250 1744 546 1811 prosperis
570 1743 723 1797 bona
742 1742 906 1797 illum
931 1745 1122 1813 egisse
1145 1743 1458 1798 simulabat
1482 1759 1495 1797 :
1524 1750 1754 1799 versuta
1778 1761 1959 1799 asser-

246 1832 406 1888 tione
440 1834 725 1890 mentiens
759 1836 912 1905 quod
949 1851 1062 1890 non
1096 1837 1166 1890 ad
1203 1852 1391 1891 usum.
1417 1836 1648 1891 Domini
1681 1838 1961 1892 substan-

245 1920 386 1976 tiam
420 1923 764 1995 possideret,
798 1925 895 1979 sed
930 1925 1000 1979 ad
1050 1942 1223 1980 usum
1276 1926 1611 1981 substantiae
1645 1927 1957 1983 Dominum

245 2010 477 2069 coleret.
512 2013 661 2068 Sunt
682 2016 838 2068 enim
865 2015 1131 2069 nonnulli
1156 2016 1253 2086 qui
1279 2022 1343 2070 ut
1375 2017 1645 2071 fruantur
1681 2016 1818 2079 Deo,
1844 2018 1958 2072 dis-

247 2104 577 2172 pensatoris
610 2109 859 2159 utuntur
886 2106 995 2161 hoc
1026 2106 1253 2160 saeculo.
1291 2107 1358 2160 Et
1390 2112 1526 2161 sunt
1558 2108 1825 2162 nonnulli
1858 2109 1957 2178 qui

244 2196 307 2247 ut
338 2192 609 2249 fruantur
640 2195 747 2251 hoc
804 2196 1034 2265 saeculo,
1087 2197 1414 2252 transitoria
1446 2198 1527 2253 uti
1572 2197 1771 2253 volunt
1822 2199 1954 2254 Deo.

242 2280 387 2336 Cum
420 2281 603 2354 igitur
634 2284 787 2340 bona
811 2286 991 2340 divini
1030 2287 1292 2341 muneris
1340 2291 1554 2352 narrat,
1606 2291 1771 2359 putat
1802 2290 1954 2358 quod

240 2370 392 2426 facta
424 2372 589 2428 fortis
616 2375 863 2443 operarii
898 2374 1107 2446 leviget
1135 2397 1148 2442 ;
1174 2382 1235 2431 ut
1265 2377 1432 2447 cujus
1452 2378 1623 2432 vitam
1649 2378 1957 2448 reprehen-

245 2461 385 2514 dere
415 2460 486 2516 de
502 2462 776 2532 operibus
801 2480 916 2519 non
943 2466 1115 2531 valet,
1144 2467 1273 2536 ejus
1298 2472 1549 2521 mentem
1574 2467 1740 2537 quasi
1764 2482 1830 2523 ex
1861 2483 1959 2522 co-

243 2548 632 2620 gitationibus
663 2554 739 2623 (b)
781 2554 1049 2615 addicat;
1104 2557 1394 2611 mentiens
1440 2558 1593 2627 quod
1631 2574 1742 2612 non
1775 2556 1956 2612 amori

242 2637 495 2706 Domini,
532 2645 629 2697 sed
664 2644 1003 2713 temporalis
1038 2645 1435 2717 prosperitatis
1466 2646 1807 2717 appetitioni
1840 2663 1953 2701 ser-

238 2727 401 2784 vierit
432 2746 622 2801 omne,
655 2734 807 2803 quod
842 2735 1089 2789 innocue
1120 2736 1376 2791 exterius
1420 2736 1578 2791 vixit.
1622 2735 1786 2791 Vires
1817 2753 1953 2807 ergo

242 2818 393 2873 beati
415 2819 521 2876 Job
542 2824 828 2890 nesciens,
853 2825 953 2879 sed
980 2831 1175 2879 tamen
1198 2841 1673 2897 unumquemque
1694 2827 1953 2882 adversis

238 2908 476 2978 probari
527 2911 717 2966 verius
764 2915 972 2979 sciens,
1020 2917 1366 2969 tentandum
1402 2915 1558 2971 hunc
1606 2918 1851 2985 expetit;
1890 2920 1953 2972 ut

236 2997 337 3065 qui
372 3012 469 3066 per
499 3000 651 3055 diem
697 3004 1097 3072 prosperitatis
1147 3004 1431 3059 inoffenso
1460 3020 1663 3073 gressu
1695 3006 1948 3062 incesse-

232 3088 344 3149 rat,
378 3085 582 3141 saltem
616 3088 673 3143 in
710 3098 876 3144 nocte
909 3093 1281 3147 adversitatis
1332 3093 1706 3163 impingeret,
1729 3100 1785 3149 et
1814 3099 1947 3152 ante

2069 504 2295 558 semper
2323 488 2527 558 iniqua
2557 493 2664 553 est,
2717 488 2814 543 sed
2859 503 3160 558 nunquam
3208 491 3466 557 potestas
3516 482 3781 553 injuste:

2071 580 2208 648 quia
2252 595 2284 631 a
2332 576 2647 647 semetipso
2694 576 3049 633 voluntatem
3094 576 3281 643 habet,
3320 576 3423 631 sed
3471 591 3505 630 a
3534 572 3788 629 Domino

2070 669 2440 736 potestatem.
2488 664 2651 729 Quod
2699 668 2855 720 enim
2898 665 3022 735 ipse
3065 665 3249 719 facere
3297 663 3494 733 inique
3544 659 3788 731 appetit,

2071 753 2177 808 hoc
2208 752 2358 808 Deus
2419 753 2539 809 ﬁeri
2576 754 2983 823 nonnisijuste
3008 753 3313 825 permittit.
3353 751 3515 807 Unde
3545 751 3691 805 bene
3722 750 3787 804 in

2067 843 2235 898 libris
2267 843 2490 914 Regum
2519 843 2767 899 dicitur:
2802 843 3044 913 Spiritus
3076 843 3294 899 Domini
3324 841 3501 895 malus
3538 839 3791 894 irruebat

2069 934 2130 987 in
2178 931 2317 987 Saul
2361 933 2407 1000 (ι
2433 933 2563 1002 Reg.
2596 948 2757 1001 xvm,
2784 932 2899 1002 10).
2938 932 3080 988 Ecce
3112 948 3261 988 unus
3309 931 3586 1001 idemque
3611 927 3793 999 spiri-

2070 1030 2183 1089 tus,
2217 1027 2274 1077 et
2306 1020 2537 1077 Domini
2574 1023 2922 1093 appellatur,
2955 1028 3013 1079 et
3044 1022 3271 1080 malus:
3324 1020 3554 1077 Domini
3577 1019 3792 1076 videli-

2069 1116 2157 1167 cet
2189 1128 2285 1182 per
2316 1111 2609 1167 licentiam
2641 1113 2941 1183 potestatis
2962 1114 3154 1183 justas,
3209 1112 3399 1167 malus
3432 1116 3625 1167 autem
3676 1126 3789 1180 per

2070 1201 2425 1257 desiderium
2475 1203 2792 1259 voluntatis
2838 1204 3094 1273 injustze.
3129 1202 3451 1258 Formidari
3497 1217 3633 1272 ergo
3664 1218 3786 1256 non

2069 1290 2259 1355 debet,
2285 1291 2383 1361 qui
2410 1290 2552 1345 nihil
2580 1290 2693 1345 nisi
2718 1308 3043 1361 permissus
3065 1290 3232 1346 valet.
3259 1291 3397 1346 Sola
3419 1306 3551 1361 ergo
3574 1290 3653 1345 vis
3676 1288 3788 1345 illa

2068 1378 2330 1434 timenda
2363 1386 2471 1446 est,
2506 1397 2630 1451 quae
2664 1397 2797 1436 eum
2830 1381 3059 1436 hostem
3094 1381 3289 1437 saevire
3342 1378 3691 1452 permiserit,
3727 1378 3786 1434 ei

2069 1469 2139 1523 ad
2167 1485 2334 1523 usum
2355 1470 2745 1540 justijudicii,
2771 1477 2827 1526 et
2850 1472 3071 1541 injuste
3103 1472 3263 1527 illius
3293 1471 3562 1525 voluntas
3585 1469 3789 1524 servit.

2070 1557 2383 1612 Paululum
2418 1574 2552 1613 vero
2583 1575 2820 1614 manum
2854 1560 3110 1631 postulat
3158 1559 3426 1628 extendi;
3461 1557 3594 1629 quia
3624 1562 3793 1612 exte-

2068 1648 2221 1703 riora
2246 1653 2387 1703 sunt
2413 1665 2540 1718 quae
2587 1652 2807 1720 expetit
2852 1650 3087 1706 conteri.
3140 1650 3335 1721 Neque
3387 1650 3544 1704 enim
3608 1649 3794 1703 Satan

2073 1737 2258 1791 facere
2285 1754 2346 1792 se
2378 1738 2601 1808 aliquid
2634 1739 2885 1793 multum
2920 1744 3106 1810 putat,
3155 1740 3270 1795 nisi
3318 1755 3452 1793 cum
3500 1738 3555 1793 iu
3590 1738 3799 1792 anima.

2069 1828 2308 1898 sauciat,
2346 1834 2408 1883 ut
2439 1831 2509 1883 ab
2545 1830 2645 1885 illa
2699 1831 2881 1902 patria
2929 1832 3140 1887 feriens
3172 1839 3417 1899 revocet,
3450 1846 3484 1885 a
3515 1846 3630 1900 qua
3659 1827 3793 1899 ipse

2067 1917 2260 1991 longe,
2295 1919 2407 1975 telo
2440 1937 2561 1976 sua:
2591 1922 2874 1993 superbiae
2911 1926 3425 1993 prostratusjacet.

2142 2010 2226 2062 18.
2278 2011 2465 2065 Facies
2510 2013 2607 2066 Dei
2656 2020 2929 2082 respectus
2976 2016 3292 2083 gratiw.-
3342 2013 3452 2068 Sed
3504 2010 3645 2082 quid
3690 2014 3793 2066 est

2067 2100 2222 2170 quod
2256 2100 2373 2156 ait:
2408 2104 2531 2156 Nisi
2562 2106 2617 2157 in
2640 2104 2838 2173 [aciem
2887 2102 3231 2159 benedixerit
3251 2102 3357 2159 tibi
3377 2107 3401 2156 .9
3433 2108 3545 2158 Nos
3572 2116 3789 2173 nempe

2067 2190 2225 2261 quod
2253 2207 2518 2247 amamus
2546 2194 2926 2265 respicimus;
2962 2196 3111 2266 quod
3147 2211 3278 2250 vero
3326 2194 3571 2249 aversari
3605 2191 3781 2247 volu-

2068 2295 2221 2347 mus,
2257 2282 2326 2335 ab
2358 2298 2424 2337 eo
2458 2282 2662 2338 faciem
2698 2286 2798 2339 46
2831 2285 3217 2340 declinamus.
3250 2284 3393 2348 Quid
3448 2284 3633 2352 itaque
3666 2279 3782 2335 Dei

2068 2370 2267 2434 facies,
2285 2370 2397 2425 nisi
2414 2377 2709 2440 reapectus
2725 2375 2855 2444 ejus
2871 2376 3069 2445 gratiae
3085 2374 3157 2444 (c)
3186 2369 3726 2442 praebeturintelligi
3752 2371 3789 2425 ?

2066 2460 2161 2512 Ait
2211 2474 2387 2529 ergo:
2430 2462 2672 2517 Extende
2715 2463 3015 2533 paululum
3063 2479 3288 2517 manum
3333 2465 3507 2529 tuam,
3538 2466 3587 2515 et
3618 2468 3789 2526 tange

2064 2554 2262 2603 cuncta
2293 2566 2413 2619 quae
2440 2551 2696 2621 possidet,
2728 2552 2843 2607 nisi
2880 2553 2935 2607 in
2970 2555 3166 2621 faciem
3198 2550 3533 2607 benedixerit
3555 2550 3674 2604 tibi.
3697 2550 3789 2602 Ac

2066 2639 2114 2694 si
2148 2645 2345 2710 aperte
2378 2640 2527 2696 dicat
2554 2659 2566 2698 :
2600 2643 2679 2696 Ea
2700 2659 2826 2713 quae
2857 2643 3069 2697 dedisti
3100 2642 3415 2710 subtrahe;
3450 2656 3583 2695 nam
3607 2639 3653 2694 si
3681 2655 3782 2694 ac-

2066 2734 2231 2799 cepta
2256 2730 2591 2800 perdiderit,
2620 2739 2945 2801 respectum
2970 2736 3085 2787 tua;
3108 2733 3327 2804 gratiae,
3374 2729 3581 2786 ablatis
3606 2729 3791 2784 rebus

2064 2820 2507 2890 temporalibus,
2546 2839 2657 2878 non
2687 2825 2958 2893 requiret.
2992 2823 3053 2879 Si
3085 2823 3237 2878 enim
3267 2839 3332 2878 ea
3357 2823 3415 2875 in
3439 2820 3653 2892 quibus
3671 2820 3789 2874 de-

2062 2906 2309 2963 lectatur
2340 2926 2454 2966 non
2488 2911 2776 2980 habuerit,
2833 2914 3081 2969 favorem
3112 2917 3280 2967 tuum
3332 2910 3502 2968 etiam
3535 2909 3791 2964 maledi-

2063 3000 2245 3055 cendo
2276 3007 2628 3059 contemnet.
2663 3003 2839 3073 Cujus
2861 3004 3139 3075 petitione
3161 3003 3372 3059 callida
3404 3016 3781 3073 nequaquam

2061 3095 2371 3159 provocata
2402 3092 2622 3149 Veritas
2644 3093 2921 3162 vincitur,
2946 3096 3043 3149 sed
3077 3094 3147 3148 ad
3181 3093 3577 3165 deceptionem
3600 3106 3783 3145 suam

229 3172 551 3231 laudatoris
583 3177 675 3231 sui
709 3180 907 3234 oculos
936 3181 1251 3236 otl'ensione
1281 3162 1663 3252 impatientius
1696 3194 1944 3253 prostra-
1974 3162 2017 3228 δ
2055 3177 2211 3233 hosti
2242 3182 2601 3249 conceditur,
2636 3186 2787 3254 quod
2835 3182 2989 3237 ﬁdeli
3038 3183 3253 3239 famulo
3290 3162 3362 3238 ad
3386 3184 3777 3253 augmentum

232 3269 329 3317 tus
351 3262 591 3333 jaceret.
628 3263 790 3321 Unde
823 3268 1166 3337 subiungit:

777 3356 1014 3411 CAPUT
1048 3360 1099 3412 Χ
1132 3358 1275 3427 [ηερ.
1316 3358 1417 3429 Vl].

298 3440 473 3497 Vens.
511 3444 595 3500 11.
626 3476 696 3487 --
724 3445 826 3501 Sed
863 3446 1096 3501 extende
1114 3448 1407 3518 paululum
1438 3464 1667 3504 manum
1684 3454 1856 3518 tuam,
1890 3461 1941 3508 et

225 3540 386 3604 tange
413 3540 608 3593 cuncta
648 3551 773 3608 quae
818 3537 1073 3609 possidet,
1117 3538 1231 3593 nisi
1277 3538 1337 3592 in
1364 3540 1569 3609 faciem
1599 3539 1941 3598 benedixcrit

223 3628 355 3685 tibi.

300 3720 390 3773 16.
443 3717 702 3773 Diabolus
748 3718 895 3772 nihil
938 3719 1051 3772 nisi
1096 3720 1201 3774 Deo
1254 3718 1611 3790 permittente
1653 3725 1940 3792 potest.—

225 3811 369 3867 Cum
395 3812 663 3865 sanctum
690 3807 877 3863 virum
920 3808 1090 3863 Satan
1132 3812 1359 3863 tentare
1405 3811 1644 3881 appetit,
1667 3815 1724 3866 et
1746 3816 1939 3867 tamen

228 3900 493 3968 Domino,
526 3903 591 3954 ut
642 3914 881 3955 manum
931 3915 1095 3954 suam
1146 3900 1453 3955 extendere
1499 3900 1723 3966 debeat,
1755 3901 1937 3969 dicit;

222 3992 390 4049 valde
422 3989 746 4048 notandum
777 3995 865 4045 est
908 3990 1047 4061 quia
1081 3989 1320 4045 feriendi
1351 3989 1495 4045 vires
1527 4006 1632 4046 nec
1672 3990 1799 4062 ipse
1824 3991 1935 4046 sibi

222 4080 449 4149 tribuit,
475 4080 573 4151 qui
595 4086 797 4136 contra
824 4084 1121 4135 auctorem
1145 4079 1404 4135 omnium
1438 4080 1816 4152 singulariter
1838 4096 1941 4136 su-

223 4171 432 4240 perbit.
465 4169 584 4226 Scit
632 4185 888 4241 namque
934 4167 1224 4237 diabolus,
1258 4168 1396 4239 quia
1435 4168 1730 4238 quodlibet
1769 4185 1939 4240 agere

224 4275 293 4313 ex
316 4260 626 4329 semetipso
655 4276 766 4313 non
791 4260 1030 4323 sul‘ticit,
1052 4258 1187 4328 quia
1212 4274 1315 4311 nec
1335 4259 1853 4327 persemetipsumi
1876 4258 1936 4312 in

223 4364 290 4401 eo
319 4349 468 4415 quod
502 4354 590 4402 est
619 4348 855 4416 spiritus
887 4349 1102 4402 existit.
1164 4348 1307 4402 Hinc
1357 4356 1441 4402 est
1473 4350 1623 4418 quod
1658 4347 1715 4401 in
1750 4348 1937 4403 Evan-

223 4436 372 4507 gelio
396 4436 737 4507 expellenda
787 4439 856 4491 de
906 4438 1140 4493 homine
1180 4438 1328 4509 legio
1372 4436 1637 4493 dicebat:
1689 4437 1745 4492 Si
1785 4438 1938 4509 ejicis

2055 3267 2317 3323 muneris
2340 3269 2713 3337 suffragetur.
2749 3270 2909 3326 Unde
2941 3288 3074 3326 mox
3096 3271 3407 3327 subditur:

2421 3360 2657 3416 CAPUT
2687 3361 2767 3416 XI
2797 3361 2936 3434 [νει.
2968 3362 3052 3429 XI,
3078 3362 3207 3417 Rec.
3244 3362 3374 3432 VII].

2120 3447 2295 3505 Vens.
2332 3451 2416 3505 12.
2451 3484 2518 3491 -
2543 3452 2621 3523 (ά)
2652 3452 2782 3507 Ecce
2811 3451 3093 3519 universa,
3142 3467 3269 3523 qua:
3297 3452 3476 3517 habet,
3503 3450 3561 3505 in
3590 3466 3773 3505 manu

2049 3542 2146 3594 tua
2174 3545 2298 3595 sunt
2321 3559 2338 3596 :
2373 3546 2589 3597 tantum
2621 3544 2680 3595 in
2728 3559 2853 3599 eum
2894 3559 2962 3598 ne
3007 3546 3275 3599 extendas
3322 3558 3551 3597 manum
3581 3547 3773 3597 tuam.

2131 3630 2217 3685 19.
2253 3633 2390 3687 Deus
2412 3632 2679 3686 tentatori
2709 3631 2823 3686 alia
2846 3631 3142 3703 permittit,
3178 3632 3293 3687 alia
3315 3634 3494 3703 negat.
3522 3660 3590 3670 ——
3610 3628 3779 3684 Con-

2050 3725 2358 3780 sideranda
2407 3725 2495 3777 est
2536 3723 2594 3776 in
2636 3722 2827 3776 verbis
2876 3721 3107 3777 Domini
3158 3722 3515 3792 dispensatio
3547 3723 3771 3775 sancta

2049 3814 2302 3888 pietatis,
2334 3813 2626 3883 quomodo
2658 3813 2877 3867 hostem
2912 3818 3175 3868 nostrum
3208 3812 3514 3884 permittit,
3545 3816 3600 3866 et
3624 3811 3773 3865 reti-

2048 3910 2175 3972 net;
2200 3901 2438 3970 relaxat,
2461 3908 2517 3958 et
2538 3903 2807 3961 refrenat.
2832 3900 2958 3956 Alia
2971 3903 3039 3957 ad
3064 3902 3403 3957 tentandum
3426 3902 3525 3956 dat
3544 3899 3637 3972 (ε),
3658 3900 3773 3955 sed

2048 3995 2120 4050 ab
2154 3994 2282 4050 aliis
2315 3992 2535 4064 religat.
2564 3993 2827 4048 Universa
2865 4007 2988 4062 quae
3011 3991 3193 4059 habet,
3220 3993 3278 4046 in
3299 4007 3468 4046 manu
3489 3996 3587 4045 tua
3606 3998 3773 4059 sunt,

2047 4087 2268 4140 tantum
2284 4084 2342 4137 in
2374 4098 2496 4138 eum
2525 4098 2593 4137 ne
2622 4082 2887 4137 extendas
2914 4099 3140 4137 manum
3170 4088 3347 4138 tuam.
3372 4080 3773 4137 Substantiam

2049 4174 2265 4247 prodit,
2292 4174 2389 4229 sed
2417 4177 2609 4227 tamen
2644 4189 2854 4241 corpus
2884 4174 3009 4244 ejus
3034 4175 3302 4244 protegit,
3335 4174 3490 4244 quod
3521 4173 3769 4244 quzdem

2049 4264 2420 4337 postmodum
2456 4264 2731 4318 tcntatori
2766 4265 3084 4319 traditurus
3117 4273 3240 4331 est;
3294 4264 3397 4319 sed
3418 4269 3609 4319 tamen
3644 4280 3769 4319 non

2048 4353 2221 4409 simul
2255 4354 2323 4407 ad
2357 4353 2554 4408 omnia
2597 4352 2808 4407 relaxat
2859 4354 3100 4420 hostem,
3136 4370 3206 4408 ne
3255 4353 3397 4408 undi
3420 4369 3512 4422 lue
3548 4353 3766 4410 feriens

2048 4443 2274 4512 frangat
2296 4441 2501 4498 civem.
2528 4440 2678 4495 Mala
2702 4440 2856 4495 enim
2881 4458 3013 4496 cum
3030 4440 3212 4496 multa
3234 4441 3430 4497 electis
3460 4441 3763 4511 eveniunt,

221 4541 341 4593 nos,
389 4526 545 4579 mitte
589 4541 687 4580 nos
726 4528 787 4579 in
833 4542 1047 4594 gregem
1094 4542 1383 4596 porcorum
1432 4528 1641 4599 (Matth.
1671 4529 1931 4600 3111,31).
1970 4536 2011 4600 ι]
2047 4534 2195 4587 mira
2225 4531 2543 4586 conditoris
2592 4531 2778 4602 gratia
2809 4546 2876 4585 ex
2909 4536 3167 4602 tempore
3208 4531 3659 4602 dispensentur;
3692 4536 3766 4587 ut

225 4613 333 4679 Qui
355 4612 511 4669 enim
545 4629 647 4683 per
675 4613 1058 4683 semetipsum
1093 4614 1174 4669 ire
1206 4617 1263 4670 in
1297 4632 1504 4686 porcos
1538 4633 1651 4671 non
1686 4622 1929 4688 poterat,

222 4703 360 4776 quid
387 4702 596 4759 mirum
621 4702 669 4758 si
692 4703 819 4759 sine
850 4703 1100 4758 auctoris
1125 4720 1325 4771 manu,
1350 4706 1538 4763 sancti
1561 4706 1665 4761 viri
1690 4707 1929 4763 domum

222 4793 556 4866 contingere
585 4809 701 4849 non
736 4792 1010 4848 valebat?

295 4888 444 4959 [νει.
497 4885 583 4957 Χ.]
635 4886 722 4940 17.
779 4885 1002 4940 Diaboli
1048 4885 1301 4941 voluntas
1344 4887 1515 4952 mala,
1564 4888 1655 4944 sed
1698 4892 1935 4961 potestas

292 5049 371 5119 (α)
404 5049 595 5117 Corb.,
624 5049 839 5116 Germ.,
878 5048 1109 5119 Rhem.,
1136 5048 1382 5121 Remig.,
1407 5050 1631 5107 Ebroic.
1666 5055 1722 5108 et
1744 5053 1932 5110 caeteri

221 5123 444 5189 Norm.,
478 5139 677 5191 magna
709 5128 959 5176 sanitate.

398 5194 486 5269 _I_ta
508 5195 645 5269 Mss.
672 5196 977 5265 Anglicani
1004 5200 1057 5249 et
1079 5195 1297 5269 alii.At
1336 5195 1488 5250 Edit.
1510 5195 1703 5269 Gilot.,
1738 5197 1934 5269 Rern,

221 5261 369 5342 Sixti
398 5262 553 5342 V,‘_et
584 5261 845 5342 plurimae
874 5271 1084 5321 habent
1116 5267 1381 5342 addiscat.
1418 5268 1671 5342 Verbum
1704 5261 1932 5342 addicit,

222 5337 288 5407 ut
318 5335 604 5399 signiﬁcat
644 5337 990 5401 condemnat,
1026 5346 1113 5393 est
1154 5340 1429 5407 Gregorio
1473 5341 1773 5394 familiare.
1825 5340 1933 5395 E0-

228 5405 369 5483 dem.
395 5420 624 5483 quoque
648 5424 823 5483 sensu
850 5426 961 5483 non
998 5430 1121 5463 raro
1143 5405 1432 5479 reperitur
1456 5412 1510 5465 in
1546 5411 1934 5481 scriptoribus

220 5478 414 5550 sacris,
433 5478 551 5550 sive
584 5480 1024 5550 antaqiiioribus
1059 5483 1175 5535 sive
1216 5478 1935 5550 posterioribussAmpro-

223 5550 369 5608 sius,
405 5546 529 5613 lib.,
562 5556 630 5601 tte
663 5548 903 5621 Virginq
939 5554 1007 5601 de.
1062 5546 1270 5605 meet-ae
1316 5555 1553 5621 Agnetis
1604 5556 1878 5609 carniﬁce
1915 5570 1928 5609 :

218 5634 469 5694 cerneres
492 5618 1128 5694 trepidarecarui/iccm,
1163 5627 1322 5692 quasi
1367 5618 1482 5694 ipse
1518 5627 1763 5681 addictus
1783 5629 1933 5693 fuis-

219 5696 320 5744 set.
350 5688 697 5766 Bernardus,
730 5688 842 5766 lib._
866 5704 906 5766 tt
929 5688 997 5766 de
1031 5688 1286 5756 Consid.,
1320 5688 1444 5766 cap.
1485 5697 1584 5751 14ε
1616 5698 1743 5753 inde
1772 5688 1931 5757 inno-

221 5762 465 5816 centium
493 5762 751 5831 frequens
773 5758 1030 5818 addictio.

2044 4639 2171 4694 quae
2226 4626 2558 4676 coacervata
2608 4622 2981 4693 perimereut,
3015 4621 3241 4693 possint
3272 4622 3455 4677 divisa
3501 4622 3763 4679 tolerari.

2041 4712 2188 4767 Hinc
2241 4710 2458 4765 Paulus
2490 4711 2609 4765 ait:
2659 4710 2862 4766 Fidelis
2910 4712 3070 4776 Deus,
3120 4713 3219 4782 qui
3242 4727 3349 4767 non
3395 4710 3635 4783 patietur
3667 4727 3765 4767 vos

2043 4802 2248 4858 tentari
2268 4801 2337 4873 (Γ)
2368 4818 2538 4872 supra
2565 4799 2627 4855 id
2658 4801 2797 4873 quod
2826 4802 3065 4873 potestis,
3095 4801 3187 4857 sed
3222 4803 3386 4873 faciet
3416 4817 3539 4857 cum
3569 4806 3757 4857 tenta-

2042 4893 2190 4948 tione
2218 4892 2383 4947 etiam
2414 4890 2645 4960 exitum,
2677 4898 2737 4947 ut
2778 4892 2991 4964 possitis
3028 4890 3302 4949 sustinere
3324 4891 3371 4965 (ι
3400 4891 3523 4948 Cor.
3549 4909 3606 4963 x,
3659 4892 3768 4967 13)

2118 5054 2189 5127 (c)
2220 5053 2394 5117 Editi,
2427 5054 2759 5124 perhibetur.
2792 5054 2956 5121 Mss.,
2993 5055 3379 5112 adhaaremus.

2118 5128 2195 5198 (d)
2228 5128 2514 5182 Gussanv.
2543 5127 2631 5181 hic
2656 5128 2898 5197 praeﬁgit
2921 5142 2933 5181 :
2958 5127 3108 5181 Dixit
3122 5144 3249 5197 ergo
3270 5129 3531 5184 Dominus
3552 5129 3622 5183 ad
3650 5127 3765 5185 Sa-

2044 5205 2166 5267 tan,
2200 5202 2354 5269 quod
2396 5200 2561 5254 abest
2589 5202 2621 5253 a
2651 5198 2785 5255 Cod.
2820 5208 2938 5255 tum
2970 5201 3224 5269 excusis,
3257 5206 3379 5257 tum
3405 5218 3580 5258 manu
3611 5218 3766 5259 exa-

2044 5273 2210 5326 ratis.

2114 5343 2188 5417 (ε)
2214 5342 2274 5395 Ιη
2301 5342 2454 5417 Edit.
2481 5359 2584 5413 per
2606 5342 3107 5414 interpolationem
3134 5344 3370 5416 legitur,
3395 5344 3511 5400 alia
3529 5348 3769 5417 eda/fli-

2043 5416 2305 5489 gcalum,
2333 5414 2461 5489 sed;
2509 5432 2655 5489 sane
2684 5424 2890 5486 praeter
2922 5417 3091 5470 fidem
3142 5414 3281 5472 Mss.
3318 5426 3369 5472 et
3414 5419 3583 5489 Greg.
3620 5414 3764 5487 pro-

2047 5486 2325 5563 positum,
2360 5486 2453 5551 qui
2489 5487 2602 5541 duo
2647 5488 2758 5552 hic,
2813 5504 2923 5542 non
2975 5489 3085 5563 tria
3132 5489 3429 5563 probanda
3481 5486 3759 5563 suscipit,

2043 5559 2268 5612 scilicet
2300 5557 2523 5611 hostem
2560 5572 2821 5613 nostrum
2866 5565 2922 5613 et
2974 5559 3213 5614 relaxari
3245 5566 3301 5614 et
3349 5564 3603 5616 retineri.
3640 5557 3758 5619 Re;

2043 5628 2273 5683 laxatur
2301 5646 2433 5683 cum
2470 5632 2828 5698 permittitur
2848 5638 3109 5699 tentare;
3150 5636 3449 5697 retinetur,
3474 5650 3603 5689 cum
3630 5638 3761 5693 haec

2042 5705 2303 5775 potestas
2335 5701 2505 5775 certis
2534 5702 2966 5775 conditionibus
2995 5702 3225 5775 ligatur.

2113 5772 2177 5845 (I)
2210 5773 2439 5841 Rhem.,
2474 5772 2721 5846 Remig.,
2754 5773 2975 5831 Norm..
3007 5772 3178 5848 supra
3220 5791 3387 5849 quam
3415 5778 3640 5849 potestis
