4086 6166
266 266 390 327 565

266 508 397 559 xxv,
432 492 509 561 2).
546 494 626 547 Ac
674 493 723 547 si
773 499 965 563 aperte
1013 493 1165 548 dicat
1200 511 1211 547 :
1250 496 1414 550 Prius
1448 496 1596 550 vires
1646 496 1889 566 inspice,
1922 502 1979 549 et

269 585 412 635 tunc
441 588 500 634 ut
534 583 678 636 ferre
702 582 878 646 valeo,
904 584 1112 638 tentari
1145 584 1428 654 permitte.
1457 588 1570 639 Hoc
1604 592 1794 640 tamen
1821 586 1976 657 quod

268 671 481 725 dicitur
512 688 526 726 :
565 676 694 727 Ecce
724 676 1004 739 universa,
1032 690 1151 743 qua
1180 676 1365 742 habet,
1398 674 1458 729 in
1485 692 1659 729 manu
1690 680 1786 730 tua
1827 682 1975 742 sunt,

263 764 483 814 tantum
514 762 574 815 in
605 777 729 817 eum
769 779 839 817 ne
876 763 1134 818 extendas
1176 780 1402 819 manum
1444 770 1617 831 tuam,
1650 764 1893 835 intelligi
1924 770 1980 820 et

267 849 442 905 aliter
472 856 680 921 potest,
714 852 848 923 quia
881 854 1079 907 fortem
1110 854 1346 925 quidem
1389 862 1768 925 pugnatorem
1801 871 1977 909 suum

268 940 558 996 Dominus
611 949 868 1009 noverat,
902 942 1005 999 sed
1037 949 1233 997 tamen
1265 943 1521 1000 dividere
1564 944 1615 998 ei
1660 945 1981 1000 certamina

268 1036 475 1085 contra
503 1032 736 1087 hostem
762 1033 1024 1101 volebat;
1059 1038 1124 1087 ut
1153 1034 1420 1105 quamvis
1449 1034 1687 1090 robusto
1722 1034 1977 1091 bellatori

270 1119 517 1175 victoria
568 1120 626 1175 in
677 1122 902 1176 cunctis
950 1126 1306 1193 suppeteret,
1340 1122 1503 1194 prius
1537 1128 1731 1177 tamen
1763 1124 1831 1178 de
1864 1140 1979 1180 uno

268 1209 587 1264 certamine
609 1209 790 1265 hostis
814 1211 884 1265 ad
909 1210 1222 1266 Dominum
1245 1211 1431 1266 victus
1453 1212 1668 1267 rediret
1690 1228 1702 1266 :
1723 1215 1979 1282 tuncque

263 1298 316 1354 ei
350 1298 511 1353 aliud
546 1299 757 1354 iterum
782 1300 1062 1355 vincendo
1085 1302 1446 1368 concederet,
1471 1305 1758 1372 quatenus
1790 1300 1978 1358 ﬁdelis

263 1385 526 1442 famulus
575 1403 641 1443 eo
690 1388 1019 1443 mirabilius
1067 1389 1249 1444 victor
1295 1388 1585 1455 existeret,
1630 1405 1744 1459 quo
1793 1390 1981 1447 victus

265 1475 452 1532 hostis
483 1493 545 1533 se
576 1483 775 1533 contra
807 1477 973 1534 illum
1007 1481 1217 1535 iterum
1258 1480 1328 1535 ad
1372 1495 1518 1535 nova
1561 1478 1711 1535 bella
1758 1496 1984 1552 repara-

268 1574 378 1622 ret.
408 1567 687 1639 Sequitur
720 1586 733 1623 :

604 1657 839 1713 CAPUT
879 1658 976 1714 xu
1018 1658 1148 1728 [Vct.
1181 1659 1287 1725 xu,
1322 1660 1439 1714 Rec.
1481 1660 1634 1730 VIII].

346 1747 481 1803 Isin.
514 1779 585 1787 —-
616 1750 984 1819 Egressusque
1014 1752 1086 1803 est
1116 1748 1284 1803 Satan
1313 1766 1346 1803 a
1375 1749 1519 1821 facie
1550 1750 1786 1804 Domini.

337 1840 426 1891 20.
462 1840 601 1892 Deus
634 1845 713 1893 est
752 1838 903 1893 intra
951 1848 1005 1893 et
1053 1843 1210 1893 extra
1258 1838 1473 1909 omnia,
1523 1856 1693 1910 supra
1736 1847 1785 1895 et
1835 1841 1989 1909 infra

260 1931 476 1984 omnia.
511 1959 577 1969 —
601 1929 747 1994 Quid
781 1933 869 1984 est
899 1928 1054 2001 quod
1086 1929 1253 1983 Satan
1290 1946 1322 1983 a
1364 1928 1506 1984 facio
1539 1930 1769 1985 Domini
1801 1946 1990 2001 egres-

261 2038 369 2076 sus
399 2021 658 2076 dicitur?
688 2022 810 2087 Quo
840 2022 997 2076 enim
1029 2021 1218 2076 exitur
1247 2021 1316 2075 ab
1348 2037 1413 2077 eo
1447 2021 1547 2093 qui
1600 2023 1817 2094 ubique
1857 2028 1991 2085 est?

259 2110 409 2167 Hinc
441 2127 698 2182 namque
727 2111 807 2165 ait
838 2126 852 2165 :
889 2111 1090 2165 Caelum
1134 2119 1184 2166 et
1229 2115 1441 2165 terram
1486 2126 1579 2181 ego
1625 2113 1822 2183 impleo
1853 2113 1986 2183 (ter.

260 2218 426 2270 xxiii,
459 2202 572 2271 24).
607 2202 751 2255 Hinc
795 2207 903 2267 est,
938 2202 1089 2272 quod
1139 2203 1435 2272 Sapientia
1477 2201 1625 2256 illius
1656 2203 1795 2257 dicit
1830 2218 1842 2258 :
1879 2201 1987 2274 Gy-

256 2308 387 2346 rum
432 2292 564 2347 caeli
610 2292 847 2347 circuivi
874 2293 992 2346 sola
1024 2292 1216 2362 (Eccli.
1252 2309 1407 2358 μιν,
1440 2292 1517 2363 8).
1570 2292 1714 2347 Hinc
1760 2294 1827 2348 de
1860 2294 1988 2363 ejus

265 2382 485 2451 Spiritu
522 2383 804 2452 scriptum
838 2387 927 2437 est
962 2399 973 2437 :
1007 2382 1257 2452 Spiritus
1283 2382 1503 2437 Domini
1534 2384 1781 2453 implevit
1801 2384 1987 2438 orbem

262 2482 547 2527 terrarum
579 2474 728 2541 (Sap.
766 2489 803 2539 ι,
834 2472 912 2543 7).
949 2473 1093 2527 Hinc
1123 2478 1213 2527 est
1244 2472 1394 2544 quod
1447 2472 1729 2527 Dominus
1778 2474 1987 2528 iterum

258 2561 453 2616 dicit:
491 2560 695 2615 Caelum
739 2561 878 2615 mihi
923 2560 1067 2616 sedes
1115 2566 1213 2626 est,
1265 2570 1415 2615 terra
1459 2565 1642 2615 autem
1694 2562 1990 2617 scabellum

257 2652 467 2720 pedum
519 2668 764 2707 meorum
823 2653 975 2714 (lsai.
1036 2668 1185 2718 LXVI,
1240 2652 1312 2722 1).
1377 2650 1747 2721 Rursumque
1797 2655 1865 2707 de
1924 2668 1989 2708 eo

257 2744 551 2812 scriptum
584 2750 673 2797 est
707 2759 719 2797 :
752 2743 955 2797 Caelum
988 2746 1212 2796 metitur
1241 2744 1423 2811 palmo
1452 2749 1503 2797 et
1535 2758 1751 2797 omnem
1782 2748 1990 2799 terram

254 2834 478 2904 pugillo
533 2834 805 2889 concludit
860 2834 990 2898 (Isa.
1052 2849 1154 2893 χι..
1220 2832 1327 2902 12).
1393 2832 1523 2887 Sedi
1584 2832 1832 2903 quippe,
1894 2823 1989 2888 cui

257 2923 560 2995 praesndet,
587 2923 828 2977 interior
848 2922 927 2993 (ιι)
949 2928 1004 2976 et
1034 2922 1283 2976 exterior
1306 2931 1516 2976 manet.
1544 2922 1764 2977 Caelum
1794 2922 1985 2991 palmo

254 3015 534 3081 metiens,
584 3018 640 3067 et
691 3018 902 3067 terram
955 3012 1174 3083 pugillo
1224 3014 1581 3067 concludens
1630 3011 1988 3067 ostenditur,

253 3104 413 3176 quod
447 3103 574 3174 ipse
605 3102 683 3156 sit
711 3103 1162 3173 circumquaque
1188 3104 1419 3157 cunctis
1444 3102 1640 3167 rebus,
1666 3118 1812 3173 quas
1835 3113 1989 3157 crea'

1200 269 1614 331 MOBALIUM
1664 270 1813 329 LIB.
1858 268 1934 329 ll.
1986 300 2062 313 --
2108 269 2187 328 IN
2234 270 2487 331 CAPUT
2532 274 2557 333 Ι
2604 274 2671 334 Β.
2718 274 2882 336 JOB.

267 401 419 456 Hinc
446 402 615 455 David
649 401 730 457 ait
762 418 775 456 :
808 402 986 457 Proba
1018 417 1121 470 me,
1156 405 1403 473 Domine,
1436 409 1486 460 et
1513 408 1666 462 tenta
1697 422 1781 462 me
1802 406 1971 478 (Psal.
2006 406 2061 474 Α

3694 286 3812 347 566

2156 407 2246 462 21.
2281 407 2319 461 Α
2350 408 2494 477 facie
2525 410 2742 466 Domini
2782 414 2899 468 exit
2948 414 3140 483 Satan,
3172 430 3296 471 cum
3324 416 3394 471 ad
3425 418 3689 475 desiderii
3716 429 3813 484 sui

2087 497 2341 566 eﬂectum
2370 501 2535 553 venit.
2569 530 2637 541 -—-
2667 503 2789 566 Quo
2820 503 2994 574 igitur
3038 505 3229 559 exitur
3277 507 3348 561 ab
3395 523 3481 573 eo,
3516 508 3615 579 qui
3664 511 3804 566 dum

2091 602 2191 655 per
2223 588 2431 643 molem
2462 592 2720 659 corporis
2753 609 3041 663 nusquam
3074 601 3182 663 est,
3210 612 3307 667 per
3334 596 3807 671 incircumscrip-

2092 682 2211 732 tam
2246 679 2637 737 substantiam
2671 700 2963 755 nusquam
2985 685 3192 742 deest?
3215 686 3327 743 Sed
3349 688 3610 760 quandiu
3632 690 3805 746 Satan

2091 784 2323 837 pressus
2369 773 2694 840 majestatis
2738 775 3013 843 potentia,
3047 777 3363 845 appetitum
3409 795 3530 833 suae
3575 778 3805 835 malitis:

2088 873 2351 914 exercere
2384 877 2497 916 non
2528 861 2728 931 valuit,
2762 864 2926 934 quasi
2958 870 3089 921 ante
3124 867 3326 923 faciem
3361 868 3588 925 Domini
3621 870 3802 927 stetit.

2089 948 2223 1018 [νει.
2273 950 2431 1021 ΧΙΙΙ.]
2476 954 2512 1005 Α
2565 952 2709 1008 facie
2764 960 2962 1010 autem
3028 957 3252 1013 Domini
3311 959 3480 1025 exiit;
3531 960 3668 1029 quia
3713 976 3803 1015 re-

2088 1037 2320 1096 laxatus
2352 1042 2629 1098 divinitus
2660 1045 2731 1098 ab
2763 1043 3003 1101 internis
3036 1049 3375 1104 relentionis
3408 1049 3699 1120 angustia,
3732 1051 3802 1104 ad

2088 1128 2178 1182 sui
2212 1128 2482 1186 desiderii
2505 1130 2773 1188 eti‘ectum
2797 1135 2968 1189 venit.
2995 1138 3039 1190 A
3068 1135 3211 1193 facie
3241 1137 3466 1193 Domini
3488 1137 3645 1205 exiit,
3670 1139 3805 1209 quia

2091 1217 2188 1271 diu
2224 1217 2468 1275 vinculis
2506 1221 2823 1293 disciplinas
2874 1225 3112 1297 religata
3156 1227 3508 1300 quandoque
3536 1227 3804 1284 voluntas

2091 1308 2261 1363 noxia
2289 1309 2359 1363 ad
2393 1326 2540 1381 opus
2570 1314 2869 1383 processit.
2896 1318 3039 1371 Cum
3070 1316 3250 1383 enim,
3276 1318 3422 1373 sicut
3443 1317 3669 1373 dictum
3694 1323 3801 1384 est,

2091 1397 2149 1451 id
2184 1400 2337 1469 quod
2373 1401 2549 1456 voluit
2580 1402 2822 1473 implere
2853 1421 2969 1461 non
3000 1406 3202 1475 valuit,
3232 1408 3399 1478 quasi
3431 1412 3564 1463 ante
3596 1408 3803 1464 faciem

2097 1488 2318 1544 Domini
2353 1490 2548 1559 stetit;
2580 1493 2713 1562 quia
2746 1492 2907 1549 illum
2941 1494 3011 1549 ab
3045 1496 3250 1552 atl‘ectu
3282 1496 3517 1553 malitias
3548 1513 3807 1569 superna

2092 1578 2452 1651 dispensatio
2484 1583 2784 1639 coactavit.
2817 1584 2927 1641 Sed
2959 1603 2991 1641 a
3022 1586 3166 1643 facie
3194 1587 3319 1659 ejus
3352 1587 3512 1655 exiit,
3545 1589 3684 1659 quia
3706 1605 3808 1660 po-

2093 1671 2359 1725 testatem
2408 1673 2746 1729 tentationis
2795 1674 3107 1746 accipiens,
3141 1676 3213 1732 ad
3265 1675 3499 1733 malitias
3529 1693 3649 1734 sua:
3678 1680 3809 1734 vota

2016 1784 2063 1850 Β
2095 1760 2377 1829 pervenit.
2408 1760 2684 1833 Sequitur
2716 1778 2731 1819 :

2580 1901 2820 1958 CAPUT
2856 1903 2991 1960 x111
3036 1906 3179 1975 meo.
3212 1907 3319 1977 IX].

2167 2024 2362 2096 [Vens
2398 2027 2483 2095 13,
2517 2027 2606 2088 14,
2649 2028 2728 2085 15.
2760 2057 2828 2071 -
2864 2029 3003 2085 Cum
3053 2038 3239 2087 autem
3280 2032 3517 2102 quadam
3567 2031 3655 2088 die
3700 2030 3813 2102 lilii

2094 2122 2149 2169 et
2188 2116 2319 2182 ﬁliae
2364 2118 2479 2184 eius
2518 2118 2881 2187 comederent,
2922 2125 2971 2175 et
3022 2123 3261 2177 biberent
3310 2120 3501 2177 vinum
3548 2122 3609 2177 in
3654 2137 3811 2194 pomo

2092 2206 2288 2273 fratris
2328 2206 2419 2260 sui
2458 2206 2830 2278 primogenili,
2858 2212 3087 2264 nuntius
3119 2211 3265 2265 venit
3302 2209 3370 2264 ad
3398 2211 3519 2274 Job,
3550 2211 3647 2281 qui
3672 2210 3815 2264 dice-

2094 2301 2178 2350 ret
2210 2313 2229 2350 :
2259 2297 2421 2350 Boves
2450 2296 2709 2363 orabant,
2741 2306 2791 2353 et
2820 2299 2996 2353 asinae
3023 2300 3389 2369 pascebantur
3425 2300 3594 2370 juxta
3623 2314 3725 2367 eos,
3760 2304 3813 2354 et

2094 2386 2382 2438 irruerunt
2409 2384 2606 2455 Sabaei,
2636 2386 2988 2458 tuleruntque
3015 2390 3230 2456 omnia,
3260 2396 3311 2443 et
3351 2403 3545 2455 pueros
3590 2403 3811 2460 percus-

2096 2478 2284 2528 serunt
2306 2472 2518 2544 gladio,
2550 2479 2602 2530 et
2630 2480 2781 2531 evasi
2802 2493 2903 2545 ego
2933 2478 3108 2544 solus,
3140 2486 3199 2533 ut
3229 2480 3547 2535 nuntiarem
3578 2476 3701 2534 tibi.

2164 2563 2254 2618 22.
2288 2565 2550 2621 Diabolus
2600 2566 2849 2622 tentandi
2896 2572 3137 2638 tempora
3177 2568 3352 2639 eligit.
3384 2599 3451 2611 —
3483 2570 3811 2624 Notandum

2096 2670 2223 2724 quas
2274 2661 2531 2724 tempora
2576 2656 2995 2712 tentationibus
3027 2662 3371 2729 congruant.
3404 2659 3567 2713 Tunc
3598 2660 3815 2730 quippe

2096 2742 2362 2799 diabolus
2407 2746 2664 2799 tentandi
2718 2754 2945 2812 tempus
2994 2746 3186 2818 elegit,
3219 2747 3452 2818 quando
3503 2746 3654 2803 beati
3704 2746 3813 2802 Job

2098 2829 2246 2885 filios
2275 2831 2333 2886 in
2366 2832 2627 2887 convivio
2652 2832 2892 2890 invenit.
2916 2833 3112 2905 Neque
3133 2834 3288 2890 enim
3322 2833 3694 2891 solummodo
3725 2834 3813 2889 in-

2097 2924 2290 2975 tuetur
2339 2920 2522 2977 bostis
2568 2922 2706 2993 quid
2759 2922 2950 2991 faciat,
2983 2924 3083 2979 sed
3130 2923 3303 2979 etiam
3338 2924 3572 2995 quando
3618 2923 3812 2979 iaciat.

2095 3014 2242 3065 Nam
2261 3010 2527 3081 quamvis
2546 3016 2887 3082 potestatem
2907 3013 3214 3083 acceperit,
3230 3019 3428 3085 aptum
3449 3022 3639 3069 tamen
3656 3012 3816 3084 (d)ad

2098 3100 2537 3156 subversionetn
2585 3108 2817 3173 tempus
2865 3102 3199 3174 exquisivit;
3236 3106 3298 3158 ut
3326 3102 3597 3159 videlicet
3647 3101 3816 3157 nobis

250 3161 358 3257 vit,
391 3161 663 3247 exterior.
698 3191 761 3247 Id
794 3161 1046 3262 namque
1071 3161 1227 3262 quod
1263 3192 1507 3247 interius
1538 3161 1928 3257 concluditur,
1950 3207 1983 3245 a
2013 3161 2055 3228 ο
2095 3190 2210 3248 Deo
2242 3190 2619 3263 dispensante
2649 3161 3009 3264 proderetur,
3043 3161 3535 3265 quia'prtenuntia
3565 3192 3816 3248 tribula-

252 3282 646 3338 concludente
675 3282 930 3336 exterius
962 3284 1313 3336 continetur.
1344 3281 1451 3335 Per
1481 3284 1677 3337 sedem
1710 3297 1868 3352 ergo,
1892 3278 1986 3335 cui

252 3373 553 3445 praesidet,
589 3372 683 3427 47
719 3371 795 3444 (b)
826 3371 1173 3443 intelligitur
1202 3387 1328 3426 esse
1359 3370 1606 3426 interius
1650 3374 1984 3442 supraque;

255 3478 367 3534 per
396 3461 702 3533 pugillum,
736 3478 852 3530 quo
879 3463 1160 3529 continet,
1194 3476 1322 3516 esse
1368 3462 1622 3515 exterius
1666 3461 1986 3530 subterque

256 3553 540 3621 signatur.
595 3552 744 3618 Quia
790 3551 948 3607 enim
1000 3552 1125 3622 ipse
1175 3557 1373 3606 manet
1422 3552 1575 3606 intra
1608 3550 1828 3617 omnia,
1863 3551 1988 3620 ipse

255 3649 422 3699 extra
452 3646 670 3709 omnia,
702 3642 827 3713 ipse
862 3659 1038 3711 supra
1070 3642 1290 3711 omnia,
1322 3642 1449 3711 ipse
1480 3642 1632 3697 intra
1660 3640 1895 3708 omnia;
1927 3645 1985 3695 et

252 3734 527 3807 superior
556 3741 642 3789 est
672 3751 772 3804 per
804 3734 1141 3806 potentiam,
1174 3739 1231 3790 et
1261 3734 1501 3789 inferior
1548 3750 1647 3804 per
1692 3737 1986 3788 sustenta-

255 3828 524 3891 tionem;
556 3826 806 3881 exterior
854 3842 952 3894 per
1003 3824 1493 3895 magnitudinem,
1528 3834 1580 3878 et
1612 3822 1851 3878 interior
1882 3839 1986 3892 per

256 3916 649 3973 subtilitatem
696 3931 709 3970 :
752 3932 987 3971 sursum
1041 3930 1268 3986 regens,
1322 3914 1591 3969 deorsum
1641 3912 1982 3980 continens;

254 4014 422 4063 extra
472 4007 860 4074 circumdatis,
911 4006 1158 4061 interius
1210 4010 1551 4076 penetrans;
1606 4020 1708 4059 nec
1759 4002 1874 4058 alia
1917 4019 1985 4058 ex

259 4104 427 4170 parte
458 4099 741 4168 superior,
771 4097 885 4152 alia
921 4096 1178 4164 inferior,
1211 4100 1313 4150 aut
1361 4094 1475 4150 alia
1521 4110 1587 4150 ex
1633 4100 1796 4165 parte
1827 4096 1984 4150 exte-

256 4189 402 4257 rior,
434 4195 608 4257 atque
647 4202 716 4242 ex
764 4187 876 4242 alia
926 4188 1125 4242 manet
1168 4186 1407 4241 interior
1438 4200 1452 4240 :
1485 4185 1583 4240 sed
1618 4200 1769 4240 unus
1801 4184 1983 4239 idem-

259 4295 377 4351 que
407 4282 563 4334 totus
608 4277 825 4349 ubique
874 4276 1234 4348 praesidendo
1283 4276 1605 4346 sustinens,
1638 4274 1981 4333 sustinendo

258 4369 607 4440 praesidens,
641 4367 1059 4424 circumdando
1105 4372 1434 4439 penetrans,
1480 4367 1835 4437 penetrando
1866 4366 1983 4422 cir-

257 4458 579 4527 cumdans;
615 4458 771 4514 unde
800 4458 1068 4529 superius
1100 4456 1440 4528 praesidens,
1462 4456 1597 4511 inde
1621 4454 1861 4512 inferius
1885 4471 1981 4510 su-

2098 3282 2271 3337 tionis
2294 3286 2382 3336 est
2410 3281 2608 3337 laetitia
2638 3281 2947 3339 satietatis.
2976 3283 3326 3339 Intuendum
3352 3299 3483 3339 vero
3505 3287 3608 3351 est,
3634 3298 3813 3355 quam

2095 3370 2306 3427 callide
2338 3371 2462 3444 ipsa
2492 3373 2730 3441 damna,
2756 3390 2887 3445 quas
2919 3372 3078 3429 illata
3107 3381 3265 3441 sunt,
3293 3373 3664 3430 nuntiantur.
3688 3372 3815 3428 Non

2094 3462 2250 3515 enim
2284 3461 2514 3529 dicitur,
2550 3464 2723 3519 boves
2745 3463 2815 3535 (ε)
2841 3480 2873 3518 a
2904 3463 3120 3519 Saheis
3150 3464 3326 3518 ablati
3359 3468 3497 3520 sunt
3530 3479 3545 3518 :
3580 3464 3679 3519 sed
3713 3454 3815 3533 qui

2095 3551 2268 3606 ablati
2318 3556 2475 3619 sunt,
2522 3554 2695 3609 boves
2744 3554 3027 3621 arebant;
3075 3558 3139 3609 ut
3180 3553 3446 3610 videlicet
3496 3559 3813 3610 memorato

2096 3642 2283 3696 fructu
2333 3641 2547 3713 operis,
2598 3659 2775 3699 causa
2824 3650 3047 3699 crescat
3094 3645 3336 3699 doloris.
3370 3643 3535 3699 Unde
3565 3648 3621 3699 et
3659 3644 3813 3714 apud

2094 3731 2319 3787 Graecos
2350 3749 2465 3787 non
2498 3732 2689 3788 solum
2724 3734 2954 3798 animai,
2978 3734 3078 3789 sed
3104 3735 3229 3789 leta:
3252 3733 3430 3789 asinae
3464 3741 3638 3805 rapite
3672 3732 3814 3789 refe-

2094 3827 2337 3888 runtur;
2372 3826 2435 3877 ut
2464 3823 2601 3877 dum
2640 3822 2887 3879 minima
2917 3822 3195 3879 animalia
3225 3824 3515 3880 audientis
3547 3825 3811 3881 animum

2094 3910 2287 3965 minus
2308 3928 2372 3966 ex
2395 3912 2481 3966 sui
2505 3910 2783 3982 qualitate
2816 3917 3203 3984 percuterent,
3237 3914 3492 3983 amplius
3524 3930 3592 3969 ex
3621 3915 3812 3968 fecun-

2092 4000 2274 4056 ditate
2294 4002 2681 4057 vulnerarent.
2707 4002 2775 4057 Et
2801 4003 2940 4073 quia
2975 4019 3041 4058 eo
3080 4004 3261 4069 magis
3285 4003 3528 4058 adversa
3547 4001 3808 4060 animum

2094 4091 2328 4161 feriunt,
2361 4109 2476 4163 quo
2508 4108 2641 4147 cum
2691 4092 2868 4148 multa
2908 4097 3066 4161 sunt,
3098 4091 3273 4147 etiam
3306 4091 3501 4147 subita
3532 4091 3809 4148 nuntian-

2092 4185 2210 4251 tur,
2233 4187 2406 4239 aucta
2436 4188 2526 4239 est
2557 4198 2835 4239 mensura
2864 4182 3213 4256 gemituum,
3237 4181 3411 4239 etiam
3436 4181 3511 4255 (Γ)
3537 4198 3636 4255 per
3667 4181 3807 4239 arti-

2093 4271 2225 4330 cula
2254 4274 2614 4333 nuntiorum.
2646 4274 2791 4331 Nam
2824 4273 3090 4345 sequitur
3122 4291 3135 4330 :

2579 4409 2807 4465 CAPUT
2847 4408 2971 4464 XIV
3010 4409 3143 4480 [νει.
3175 4409 3321 4481 XIV].

260 4546 519 4616 stiuens;
551 4552 609 4603 et
640 4546 793 4602 unde
822 4546 1075 4602 exterius
1106 4545 1389 4612 ambiens,
1422 4544 1557 4599 inde
1602 4545 1847 4600 interius
1878 4559 1977 4599 re-
2007 4542 2059 4607 D
2161 4537 2340 4593 VERS.
2392 4535 2478 4593 46.
2534 4566 2586 4578 -
2636 4535 2737 4591 ΑΒ
2796 4535 3035 4608 Cumque
3092 4536 3270 4591 adhuc
3324 4534 3420 4591 ille
3476 4534 3806 4606 loqueretur,

256 4638 427 4709 piens
451 4654 465 4693 :
488 4638 616 4693 sine
648 4635 1051 4706 inquietudine
1080 4634 1345 4705 superius
1378 4651 1597 4705 regens,
1624 4634 1749 4689 sine
1771 4633 1969 4689 labore

253 4726 494 4783 inferius
524 4726 863 4793 sustinens;
915 4726 1159 4781 interius
1191 4724 1317 4781 sine
1348 4724 1754 4781 extenuatione
1788 4739 1969 4789 pene-

254 4824 444 4885 trans,
468 4819 724 4875 exterius
747 4818 869 4874 sine
893 4816 1222 4874 extensione
1243 4817 1635 4873 circumdans.
1663 4815 1758 4871 Est
1784 4816 1979 4886 itaque

251 4908 493 4965 inferior
524 4914 579 4965 et
611 4909 877 4978 superior
906 4907 1031 4963 sine
1062 4906 1217 4974 loco;
1249 4906 1321 4978 (ιε)
1344 4913 1433 4962 est
1462 4905 1713 4978 amplior
1744 4906 1869 4961 sine
1902 4902 1981 4959 la-

254 4998 529 5059 titudine,
562 5003 654 5052 est
683 4997 946 5053 subtilior
975 4996 1103 5052 sine
1134 4995 1563 5051 extenuatione.

329 5202 411 5271 (α)
447 5200 589 5256 Mss.
620 5200 789 5256 Corb.
822 5205 876 5253 et
906 5198 1124 5263 Germ.,
1154 5205 1205 5252 et
1228 5195 1479 5271 superior
1508 5203 1711 5271 manet.

329 5266 411 5344 (ἡ)
444 5277 505 5329 In
540 5273 681 5327 Mss.
715 5272 905 5337 Corb.,
940 5271 1129 5324 Germ.
1154 5277 1210 5344 et
1244 5266 1529 5339 plurimis,
1552 5266 1976 5344 deest,_intelli-

255 5340 433 5415 gitur.
466 5354 521 5399 et
552 5346 637 5398 sic
669 5344 916 5411 legitur:
942 5344 1047 5397 Per
1074 5342 1252 5415 sedem
1278 5357 1409 5407 ergo
1438 5344 1527 5393 cui
1556 5340 1833 5415 praesidet,
1866 5355 1981 5394 esse

252 5414 504 5472 iri/crius
534 5431 846 5486 supraque;
877 5430 973 5483 per
1000 5414 1279 5483 pugillum
1310 5428 1412 5483 quo
1444 5414 1705 5480 continet,
1737 5427 1850 5467 esse
1878 5428 1975 5467 ex-

256 5491 433 5544 terius
464 5492 754 5560 subterque
782 5486 1051 5555 signatur.

336 5562 408 5631 (r)
442 5556 672 5623 Rhemnt
733 5559 977 5631 [ὶθιιιιςη
1015 5558 1338 5631 Vindocin.,
1370 5556 1513 5609 Corb
1547 5558 1811 5631 ,_Germ.,
1842 5560 1973 5621 etc.,

255 5628 507 5692 habent,
538 5640 617 5686 est
648 5630 869 5701 amplus
897 5646 1016 5685 sine
1046 5629 1361 5690 latitudine,
1380 5634 1468 5701 gest
1497 5628 1733 5691 subtilis,
1768 5633 1876 5683 etc.

333 5706 415 5777 (ά)
448 5698 757 5777 Antiquior
788 5703 987 5777 Bhem_.
1009 5706 1299 5777 e_t_G_ert_n.,
1324 5698 1393 5777 ad
1416 5700 1874 5777 submersionem;
1897 5698 1979 5753 ita

257 5770 443 5834 etiam
476 5770 658 5847 antiq.
687 5774 1005 5847 Compend.
1036 5771 1159 5829 Val.
1195 5773 1302 5842 CL,
1336 5770 1560 5829 Belvae.

2080 4628 2229 4685 venit
2259 4628 2431 4696 alius,
2457 4631 2507 4683 et
2528 4626 2679 4682 dixit
2702 4645 2720 4683 :
2744 4628 2892 4699 Ignis
2925 4626 3021 4682 Dei
3050 4626 3248 4682 cecidit
3279 4625 3346 4680 de
3372 4625 3523 4691 caelo,
3547 4632 3600 4681 et
3632 4630 3808 4682 tactas

2086 4736 2214 4777 oves
2245 4734 2545 4790 puerosque
2572 4720 2925 4788 consumpsit,
2950 4726 3001 4774 et
3034 4716 3208 4788 επιιοὶ
3245 4732 3341 4786 ego
3368 4716 3536 4782 solus,
3569 4720 3628 4770 ut
3658 4733 3805 4771 nun-

2092 4812 2290 4865 tiarem
2321 4810 2438 4864 tibi.

2158 4901 2248 4955 23.
2286 4900 2513 4957 Casibus
2558 4900 2862 4972 repentinis
2900 4900 3263 4957 constantiam
3300 4896 3401 4951 Job
3440 4897 3675 4951 evertere
3710 4907 3800 4948 co-

2089 5000 2275 5047 natur.
2312 5022 2380 5035 --
2422 4991 2502 5047 Ne
2547 4991 2724 5047 rebus
2756 4990 2998 5063 perditis
3030 4990 3315 5045 minorem
3350 4981 3609 5041 audienti
3639 4982 3805 5039 dolo-

2159 5194 2231 5265 (c)
2262 5191 2587 5252 Vindocin..
2613 5210 2643 5247 a
2675 5190 2887 5265 Sabaeis
2919 5188 3123 5265 ablatae
3151 5188 3277 5240 sunt
3294 5199 3315 5246 ;
3343 5183 3436 5239 sed
3456 5196 3580 5255 quae
3598 5182 3800 5239 ablatae

2085 5260 2232 5320 sunt.
2272 5267 2349 5319 Ita
2379 5270 2434 5320 8.
2472 5262 2763 5319 Michaelis
2795 5268 2849 5315 et
2878 5260 2997 5313 alii.

2160 5340 2239 5407 (ί)
2258 5337 2354 5391 Sic
2379 5336 2627 5407 legimus
2652 5336 2709 5407 in
2735 5334 2868 5407 Mss;
2887 5332 3114 5395 Ithem.,
3131 5327 3797 5407 Remig.,Corb.,Ger_m.

2085 5402 2595 5479 Compendq'Val.
2624 5405 2707 5460 Cl.
2760 5404 2990 5479 Eadem
3020 5418 3154 5456 voce
3202 5406 3484 5479 tanquam
3536 5402 3799 5479 neutrius

2085 5474 2312 5552 generis
2350 5484 2537 5552 utetur
2570 5474 3037 5552 Gregorius,_|ib.
3070 5474 3523 5552 v1u,_cap._oli_m
3554 5476 3613 5552 7,Δ
3644 5489 3799 5529 nunc

2086 5547 2212 5621 cap.
2254 5552 2333 5613 ti,
2371 5568 2427 5604 n.
2458 5551 2546 5606 '27.
2581 5548 2801 5601 nullum
2834 5547 3231 5621 adhucgmortis
3264 5547 3565 5621 articulum
3591 5547 3796 5621 irrum-

2081 5618 2183 5695 pit.
2218 5623 2319 5695 Hic
2351 5631 2538 5695 autem
2571 5624 2793 5695 variant
2824 5620 2969 5695 Erigit.
3001 5618 3179 5695 Paris.
3208 5618 3361 5673 H95.
3397 5618 3793 5695 Habet_etigm,

2120 5694 2377 5752 articulo.
2432 5691 2579 5749 Edit.
2632 5691 2806 5748 Basil.
2842 5692 2999 5759 15M,
3031 5690 3199 5746 etiam
3240 5704 3336 5760 per
3373 5689 3647 5746 auricula.
3683 5688 3794 5742 Rc-

2107 5767 2213 5839 iq.,
2243 5782 2340 5839 per
2368 5765 2718 5839 particulam,
2749 5763 2838 5822 vel
2866 5780 2967 5837 per
2994 5762 3317 5835 particulas.
