4086 6166
231 219 349 277 867

1500 226 1783 287 SANCTI
1828 225 2206 287 GREGORII
2257 225 2491 287 MAGNI

3643 230 3761 289 568

224 375 348 459 rem
397 368 644 459 moveat,
677 367 804 435 ejus
836 368 1100 424 animum
1132 369 1202 425 ad
1234 368 1314 439 (a)
1344 367 1735 424 excedendum
1767 365 1943 423 etiam
1970 367 2024 436 Α
2054 367 2193 439 sint,
2210 366 2723 425 latenterinfertur
2744 370 2896 439 quod
2921 369 3046 442 ipse
3066 372 3267 428 contra
3287 371 3456 428 illum
3479 371 3772 429 elementa

225 450 371 519 ipsis
418 452 756 511 nuntiorum
805 457 996 514 verbis
1045 457 1306 528 instigat.
1348 456 1699 511 Intuendum
1731 457 1943 527 quippe
2047 458 2313 524 moverit,
2346 457 2447 527 qui
2494 460 2709 516 moveri
2744 460 3044 530 permisit;
3078 461 3347 532 quamvis
3378 463 3557 518 Satan
3588 459 3775 517 semel

227 546 337 608 est,
370 557 549 613 quam
582 545 789 603 callide
820 548 1068 603 dicitur:
1098 549 1250 615 Ignis
1279 546 1393 614 Dei,
1429 562 1495 601 ac
1526 545 1575 601 si
1605 548 1894 603 diceretur
1926 561 1939 600 :

227 627 392 687 Illius
414 635 981 693 animadversionem
1011 638 1260 703 sustine,
1285 652 1458 707 quem
1480 640 1565 691 tot
1586 635 1797 692 hostiis
1822 635 1941 707 pla-

230 733 362 775 care
385 721 645 790 voluisti,
670 725 828 781 illius
860 727 1004 781 iram
1030 726 1265 791 toleras,
1289 725 1381 781 cui
1410 725 1669 796 quotidie
1689 726 1945 781 serviens

226 807 571 870 insudabas.
605 815 756 871 Dum
802 816 953 871 enim
1002 816 1205 888 Deum,
1240 815 1332 871 cui
1374 816 1677 885 servierat,
1708 816 1951 872 adversa

228 897 501 959 intulisse
524 903 763 973 indicat,
783 907 860 977 (b)
883 906 1084 962 laesum
1109 914 1543 974 commemorat,
1570 906 1628 961 in
1651 922 1763 978 quo
1785 922 1951 962 exce-

228 990 356 1058 dat;
390 998 680 1063 quatenus
712 1000 981 1051 anteacta
1011 997 1291 1067 obsequia
1317 997 1387 1053 ad
1424 1000 1678 1052 mentem
1709 996 1947 1052 reduce-

230 1083 336 1146 ret,
372 1085 427 1136 et
453 1081 670 1140 frustra
699 1101 759 1141 se
790 1086 1038 1141 servisse
1070 1085 1391 1155 aestimans,
1424 1086 1483 1140 in
1517 1086 1772 1141 auctoris
1805 1084 1955 1155 inju‘

230 1167 379 1225 riam
413 1172 760 1242 superbiret.
783 1175 885 1230 Pia
912 1175 1124 1231 etenim
1159 1191 1346 1241 mens,
1372 1191 1503 1230 cum
1527 1191 1591 1231 se
1621 1176 1857 1230 adversa
1881 1174 1952 1228 ab

232 1258 574 1317 hominibus
605 1264 825 1334 perpeti
859 1264 1159 1334 conspicit,
1192 1264 1252 1319 in
1284 1264 1491 1319 divinae
1525 1262 1722 1330 gratiae
1750 1278 1958 1320 conso-

230 1346 448 1406 latione
506 1352 855 1423 requiescit;
907 1369 1159 1425 cumque
1218 1354 1609 1410 tentationum
1668 1352 1955 1424 procellas

234 1437 559 1499 increscere
590 1444 949 1501 extrinsecus
981 1445 1208 1512 viderit,
1242 1461 1535 1501 secessum
1583 1444 1707 1517 spei
1753 1442 1957 1500 Domi-

234 1530 377 1589 nicae
399 1537 702 1605 appetens,
725 1535 877 1591 intra
901 1535 1265 1592 conscientiae
1288 1540 1524 1606 portum
1548 1534 1711 1605 fugit.
1735 1535 1805 1591 Ut
1825 1550 1958 1592 vero

232 1627 503 1679 versutus
552 1624 741 1681 hostis
792 1642 908 1680 uno
953 1627 1271 1696 eodemque
1321 1629 1582 1697 tempore
1626 1625 1808 1680 sancti
1850 1624 1957 1680 viri

235 1710 717 1799 robustissimum
750 1719 955 1785 pectus
996 1720 1052 1770 et
1090 1714 1362 1771 humanis
1390 1714 1863 1781 adversitatibus,
1897 1718 1952 1768 et
1984 1732 2030 1799 Β

236 1798 433 1856 divina
462 1800 532 1873 (ε)
562 1802 963 1874 desperatione
1004 1809 1357 1873 concuteret,
1408 1809 1463 1859 et
1511 1804 1669 1873 prius
1717 1804 1950 1859 Sabaeos

235 1887 480 1946 irruisse
525 1890 743 1961 intulit,
774 1896 830 1948 et
874 1909 1010 1948 mox
1041 1892 1230 1964 ignem
1262 1893 1362 1949 Dei
1394 1894 1465 1949 de
1496 1893 1639 1949 coelo
1671 1892 1951 1949 cecidisse

236 1980 562 2048 nuntiavit;
624 1985 688 2038 ut
744 1982 911 2053 quasi
968 1999 1202 2039 omnem
1254 1982 1478 2039 aditum
1538 1982 1951 2039 consolationis

236 2068 585 2140 excluderet,
627 2072 768 2127 dum
813 2077 870 2127 et
915 2073 1109 2143 ipsum
1159 2075 1555 2129 adversantem
1607 2072 1951 2138 ostenderet,

239 2161 344 2231 qui
374 2159 659 2217 consolari
691 2161 953 2217 animum
986 2162 1138 2217 inter
1168 2164 1404 2219 adversa
1450 2164 1725 2234 potuisset
1761 2179 1773 2218 :
1804 2179 1952 2234 qua-

238 2255 412 2307 tenus
432 2251 574 2307 dum
598 2266 661 2308 se
682 2256 936 2309 tentatus
962 2254 1218 2325 undique
1240 2255 1475 2311 destitui
1498 2259 1671 2326 atque
1695 2255 1955 2325 undique

242 2340 426 2412 premi
475 2341 826 2403 considerat,
878 2342 937 2397 in
986 2343 1401 2399 contumeliam
1447 2349 1609 2399 tanto
1654 2342 1954 2409 audacius,

2049 551 2345 618 acceptas
2374 547 2620 604 Domino
2664 554 2941 620 pmestate
2991 552 3057 605 ad
3112 566 3282 607 usum
3331 567 3449 607 suis
3500 550 3773 624 nequitiae

2048 636 2222 692 etiam
2255 637 2542 694 elementa
2571 644 2877 695 concutere
2915 639 3217 710 praevalet.
3253 639 3365 696 Nec
3416 656 3640 697 movere
3672 642 3773 695 de-

2050 726 2169 794 bet,
2201 728 2247 784 si
2279 728 2521 799 spiritus
2542 730 2614 785 de
2636 731 2888 787 summis
2913 732 3207 803 projectus
3229 732 3463 787 turbare
3486 730 3544 787 in
3567 734 3773 787 ventos

2053 833 2243 874 aerem
2275 819 2499 887 potuit;
2533 835 2667 875 cum
2701 820 2979 877 nimirum
3011 826 3238 877 constet
3270 820 3407 893 quia
3439 825 3496 877 et
3525 821 3776 876 damna-

2054 905 2130 962 tis
2161 908 2261 963 49
2292 907 2351 963 in
2384 907 2705 979 metallum,
2755 908 2828 964 ad
2881 926 3054 965 usum
3106 925 3256 980 aqua
3286 914 3344 965 et
3392 908 3543 980 ignis
3573 908 3775 965 servit.

2056 996 2376 1060 Quaesitum
2409 1005 2494 1053 est
2526 998 2702 1069 igitur
2734 1003 2795 1053 ut
2829 998 3241 1054 nuntiarentur
3269 998 3779 1068 mala,quaesituln

2056 1092 2119 1140 ut
2147 1084 2352 1149 multa,
2376 1087 2684 1156 quaesitum
2712 1091 2774 1141 ut
2796 1087 3010 1143 subita.
3035 1087 3147 1143 Sed
3171 1104 3302 1143 cum
3339 1090 3500 1159 prius
3530 1088 3781 1143 adversa

2057 1176 2368 1241 nuntiavit,
2392 1176 2705 1246 tranquillo
2731 1176 2922 1232 adhuc
2955 1178 3169 1249 pectori
3193 1178 3362 1249 quasi
3394 1177 3555 1233 sanis
3588 1192 3778 1233 mem—

2061 1264 2181 1321 bris
2204 1266 2414 1321 vulnus
2442 1266 2688 1337 inﬂixit;
2717 1284 2851 1323 cum
2874 1284 3005 1325 vero
3029 1284 3369 1339 percussum
3394 1284 3495 1324 cor
3517 1267 3777 1323 feriendo

2059 1357 2311 1427 repetiit,
2346 1361 2410 1411 ut
2440 1357 2508 1411 ad
2544 1356 2920 1429 impatientia.-
2952 1359 3122 1415 verba
3151 1357 3548 1431 compelleret,
3597 1374 3786 1431 super

2059 1445 2302 1503 vulnera
2331 1446 2543 1502 vulnus
2574 1447 2865 1518 irrogavit.

2131 1579 2221 1634 26.
2255 1580 2444 1651 Plagm
2470 1579 2568 1637 Job
2607 1580 2806 1638 subita
2847 1586 2900 1636 et
2938 1580 3287 1652 multiplices.
3322 1612 3390 1622 —
3421 1582 3786 1639 Intuendum

2062 1684 2195 1725 vero
2240 1673 2328 1725 est
2374 1686 2545 1741 quam
2593 1669 2798 1726 callide
2837 1669 3060 1725 curavit
3104 1668 3290 1726 hostis
3334 1670 3630 1742 antiquus,
3664 1687 3790 1729 non

2063 1765 2184 1814 tam
2227 1759 2459 1829 jactura
2506 1776 2698 1816 rerum
2748 1760 2931 1816 sancti
2954 1760 3069 1839 ’viri
3113 1761 3442 1830 patientiam
3495 1777 3792 1845 rumpere,

2059 1863 2235 1917 quam
2260 1847 2386 1919 ipso
2404 1848 2603 1904 ordine
2628 1847 3103 1915 nuntiorum.Qui
3127 1850 3373 1905 studens
3398 1849 3561 1920 prius
3586 1864 3795 1921 parva,

2060 1940 2116 1991 et
2167 1943 2297 2007 post
2347 1938 2616 1993 nuntiare
2667 1938 2911 2008 majora,
2945 1938 3004 1993 in
3036 1942 3294 1994 extremo
3343 1938 3598 1994 ﬁliorum
3633 1954 3801 1994 mor-

2062 2031 2174 2081 tem
2220 2025 2435 2093 intulit,
2469 2042 2541 2082 ne
2570 2026 2706 2082 vilia
2750 2032 2911 2100 pater
2961 2026 3042 2083 rei
3093 2026 3399 2083 familiaris
3431 2028 3643 2084 damna
3673 2026 3802 2083 duo

2061 2120 2236 2181 ceret,
2261 2114 2309 2169 si
2342 2115 2445 2171 illa
2466 2116 2589 2187 jam
2624 2116 2864 2172 orbatus
2896 2117 3158 2185 audiret;
3192 2120 3249 2173 et
3289 2116 3480 2172 minus
3524 2122 3799 2188 percute-

2063 2208 2151 2260 ret
2182 2220 2375 2261 rerum
2422 2205 2681 2276 amissio,
2715 2205 3069 2278 praecognita
3112 2212 3297 2262 morte
3341 2205 3607 2273 ﬁliorum,
3638 2204 3795 2276 quia

2059 2294 2338 2353 Videlicet
2370 2295 2534 2352 nulla
2563 2301 2719 2352 esset
2748 2296 3082 2363 hereditas,
3116 2296 3166 2352 si
3198 2296 3333 2353 illos
3365 2295 3525 2367 prius
3558 2295 3801 2351 subtra-

2070 2387 2229 2444 heret
2252 2387 2333 2459 (d)
2356 2387 2453 2458 qui
2487 2388 2865 2444 servabantur
2899 2385 3173 2443 haeredes.
3199 2387 3309 2443 Sed
3342 2403 3376 2442 a
3405 2384 3662 2441 minimis
3694 2386 3801 2439 in-

2070 2477 2319 2549 cipiens,
2350 2476 2407 2532 in
2442 2475 2708 2532 ultimum
2742 2476 3012 2549 graviora
3042 2475 3365 2544 nuntiavit;
3399 2480 3461 2530 ut
3491 2475 3632 2530 dum
3664 2489 3806 2546 gra-

2072 2565 2257 2621 datim
2307 2564 2592 2620 deteriora
2640 2569 3035 2636 cognosceret,
3078 2564 3135 2620 in
3186 2565 3311 2635 ejus
3360 2563 3533 2620 corde
3582 2561 3809 2620 doloris

2073 2655 2267 2711 locum
2299 2670 2473 2712 omne
2496 2654 2709 2711 vulnus
2753 2654 3056 2711 inveniret.
3102 2654 3429 2710 Notandum
3462 2670 3635 2725 quam
3668 2653 3803 2709 cal-

2075 2746 2191 2802 lide
2231 2751 2312 2801 tot
2370 2746 2660 2803 malorum
2694 2748 2968 2818 pondera,
3001 2751 3060 2801 et
3088 2745 3292 2812 divisa,
3325 2748 3381 2800 et
3419 2745 3609 2800 subita
3637 2761 3811 2800 nun—

2075 2840 2321 2905 tiantur,
2355 2843 2420 2894 ut
2460 2847 2517 2894 et
2567 2841 2823 2908 repente,
2855 2843 2913 2893 et
2958 2833 3354 2909 particulatim
3406 2850 3693 2894 crescens.
3733 2833 3805 2889 in

2078 2928 2367 2984 audientis
2389 2929 2557 2984 corde
2585 2944 2711 2983 sese
2734 2925 2901 2982 dolor
2933 2927 3057 2999 ipse
3104 2942 3222 2981 non
3262 2927 3523 2996 caperet;
3555 2928 3609 2979 et
3630 2928 3805 2978 tanto

2082 3017 2379 3075 ardentius
2410 3019 2467 3073 in
2500 3016 2919 3089 blasphemiam
2950 3016 3308 3083 accenderet,
3334 3020 3551 3084 quanto
3581 3011 3807 3069 subitis

1998 3103 2043 3172 ϐ
2082 3124 2144 3165 ac
2178 3105 2600 3179 multiplicibus
2632 3105 2855 3162 nuntiis
2887 3105 2944 3160 in
2977 3122 3039 3161 se
3072 3104 3141 3177 (e)
3173 3102 3477 3175 angustius
3506 3105 3805 3159 aestuaret.

243 2434 462 2503 quanto
493 2434 550 2488 et
578 2431 941 2505 desperatius
971 2442 1256 2502 erumpat.
1287 2434 1561 2505 Sequitur
1591 2451 1605 2490 :

904 2523 1136 2580 CAPUT
1178 2524 1301 2582 XV.

316 2614 492 2667 Vane.
527 2611 615 2669 17.
648 2642 715 2655 -
764 2612 869 2669 Sed
910 2619 962 2668 et
1006 2614 1104 2669 illo
1134 2615 1312 2670 adhuc
1343 2615 1611 2685 loquente,
1645 2616 1791 2670 venit
1820 2613 1962 2668 alius

246 2708 297 2757 et
327 2700 475 2756 dixit
506 2719 526 2756 :
560 2700 806 2758 Chaldaei
849 2704 1097 2771 fecerunt
1144 2707 1254 2760 tres
1301 2708 1529 2772 turmas,
1559 2708 1611 2759 et
1648 2704 1967 2760 invaserunt

246 2791 505 2857 camelos,
536 2800 588 2847 et
615 2792 863 2848 tulerunt
895 2809 1003 2859 eos,
1035 2809 1243 2849 necnon
1270 2799 1319 2850 et
1349 2811 1546 2863 pueros
1582 2796 1968 2864 percusserunt

249 2879 460 2949 gladio.
492 2888 543 2935 et
570 2880 737 2951 eﬂugi
766 2896 861 2949 ego
888 2881 1051 2949 solus,
1089 2893 1147 2937 ut
1176 2882 1495 2939 nuntiarem
1525 2884 1645 2939 tibi.

320 2968 412 3023 24.
451 2968 684 3023 Vulnera
732 2968 1063 3041 ingeminat.
1114 3002 1182 3011 —
1232 2974 1374 3027 Ecce
1423 2973 1657 3039 iterum,
1709 2988 1780 3028 ne
1829 2971 1970 3044 quid

251 3055 451 3112 minus
482 3056 552 3110 de
583 3056 841 3113 humana
865 3059 1210 3115 adversitate
1241 3060 1544 3129 doluisset,
1569 3060 1965 3117 Chaldaeorum

251 3150 475 3200 turmas
506 3143 743 3201 irruisse
765 3147 1104 3215 denuntiat;
1137 3156 1189 3203 et
1224 3166 1293 3204 ne
1320 3149 1485 3204 illum
1510 3149 1704 3205 minus
1727 3152 1969 3221 desuper

253 3233 491 3291 veniens
539 3235 853 3292 adversitas
898 3235 1086 3307 feriat,
1136 3239 1397 3295 iteratam
1444 3238 1592 3295 iram
1624 3238 1680 3293 in
1716 3253 1845 3295 aere
1874 3239 1975 3295 de-

2157 3247 2301 3316 [Vet.
2355 3245 2481 3310 XVI,
2542 3246 2662 3299 Rec.
2721 3244 2783 3315 Χ]
2837 3245 2928 3299 27.
2988 3243 3305 3313 Przposilis
3360 3240 3628 3312 voluptati
3677 3252 3815 3293 ser-

258 3332 563 3380 monstral.
600 3324 741 3382 Nam
775 3326 1041 3395 sequitur
1074 3342 1087 3382 :

2084 3334 2365 3391 vientibus
2392 3334 2625 3390 subditis
2669 3338 2829 3405 frena
2874 3334 3159 3388 laxantur.
3216 3333 3278 3388 In
3324 3330 3589 3387 conviviis
3635 3329 3825 3384 etiam

749 3416 979 3473 CAPUT
1018 3416 1142 3472 XVI
1183 3417 1316 3487 [νει.
1357 3419 1485 3491 XV].
2087 3424 2399 3481 moderatis
2430 3424 2609 3480 locum
2637 3423 2884 3479 diabolus
2913 3425 3139 3478 invenit.
3172 3421 3283 3477 Sed
3325 3436 3514 3491 neque
3558 3417 3669 3475 hoc
3712 3433 3830 3473 ne-

332 3509 507 3566 νεεδ.
545 3507 632 3575 18,
669 3506 753 3564 19.
790 3538 853 3546 -
888 3508 1249 3578 Loquebatur
1293 3509 1407 3577 ille,
1439 3515 1490 3564 et
1537 3526 1653 3566 ecce
1698 3512 1847 3567 alius
1892 3526 1982 3567 in-
2090 3513 2277 3587 glecte
2307 3514 2773 3585 praetereundum
2819 3517 2981 3584 puto,
3014 3510 3162 3582 quod
3194 3510 3300 3566 filii
3330 3509 3390 3565 in
3422 3506 3659 3578 majoris
3691 3506 3827 3562 frn-

278 3602 460 3664 travit,
509 3607 563 3654 et
609 3598 759 3652 dixit
789 3613 808 3653 :
848 3598 1003 3653 Filiis
1042 3597 1152 3653 luis
1199 3608 1250 3655 et
1295 3600 1520 3671 ﬁliabus
1566 3603 1901 3658 noscentibus
1933 3617 1985 3673 ει
2092 3606 2197 3662 tris
2219 3606 2388 3661 domo
2412 3603 2887 3671 convivabantur,
2911 3617 3045 3657 cum
3079 3603 3341 3671 pereunt.
3375 3598 3607 3655 Dictum
3636 3612 3830 3651 nam-

249 3687 573 3747 bibentibus
602 3688 795 3743 vinum
841 3687 903 3742 in
943 3688 1102 3743 domo
1139 3691 1337 3759 fratris
1365 3690 1457 3745 sui
1489 3690 1872 3761 primogeniti,
1904 3706 1987 3748 re-
2094 3712 2207 3767 que
2238 3700 2326 3750 est
2355 3693 2641 3767 superius,
2669 3693 2824 3764 quod
2858 3691 3117 3746 convivia
3146 3689 3345 3763 peragi
3379 3687 3505 3743 sine
3533 3685 3703 3756 culpa
3724 3686 3841 3742 vix

254 3783 425 3851 penle
474 3783 666 3833 ventus
693 3776 978 3833 vehemens
1008 3780 1178 3833 irruit
1211 3798 1250 3835 α
1281 3783 1505 3850 regione
1533 3781 1750 3850 deserti,
1781 3789 1836 3837 et
1864 3797 1989 3837 con-
2098 3788 2362 3855 possunt.
2398 3782 2468 3838 Ut
2497 3798 2632 3853 ergo
2675 3785 2894 3847 nostra,
2927 3777 3001 3850 (f)
3034 3794 3149 3834 non
3198 3776 3437 3833 illorum
3487 3775 3840 3846 loquamur,

259 3866 432 3923 cussit
471 3870 709 3938 quatuor
751 3866 982 3936 angulos
1021 3866 1235 3933 domus,
1268 3883 1392 3939 quae
1424 3884 1688 3925 corruens
1718 3871 1990 3941 oppressit
2100 3873 2402 3930 sciendum
2456 3872 2620 3927 nobis
2664 3880 2749 3926 est
2799 3869 2939 3941 quia
2988 3868 3141 3940 quod
3188 3885 3223 3923 a
3264 3866 3586 3923 minoribus
3615 3863 3842 3935 volup-

262 3956 465 4013 liberos
495 3964 633 4023 tuos,
667 3962 719 4011 et
748 3957 957 4012 mortui
985 3961 1133 4022 sunt,
1154 3967 1204 4012 et
1233 3957 1408 4031 eﬂ‘ugi
1436 3974 1532 4031 ego
1562 3959 1731 4027 solus,
1753 3962 1810 4014 ut
1840 3976 1990 4014 nun-
2101 3966 2264 4019 tuose
2321 3963 2530 4033 agitur,
2591 3961 2878 4032 majorum
2938 3957 3249 4030 disciplina
3302 3955 3638 4022 cohibetur;
3688 3968 3844 4012 cum

274 4047 469 4103 liorem
495 4046 616 4101 tibi.

2168 4070 2239 4111 :ro
2270 4055 2522 4124 majores
2555 4052 2670 4123 ipsi
2700 4050 2983 4123 voluptati
3013 4049 3367 4117 deserviunt,
3399 4047 3678 4105 nimirum
3710 4046 3849 4101 mi-

344 4136 437 4192 25.
494 4135 573 4192 Ad
628 4136 813 4191 odium
874 4139 978 4194 Dei
1032 4154 1323 4209 provocare
1352 4142 1605 4193 conatur.
1642 4169 1704 4180 —
1739 4138 1846 4203 Qui
1880 4155 1993 4195 uno

2168 4144 2347 4199 tribus
2380 4142 2630 4199 lascivias
2660 4142 2821 4197 frena
2851 4140 3138 4197 laxantur.
3161 4139 3303 4204 Quis
3328 4138 3485 4195 enim
3520 4137 3630 4193 sub
3652 4136 3851 4193 disci-

273 4226 515 4282 vulnere
548 4242 663 4282 non
708 4229 1116 4297 prosternitur,
1154 4228 1370 4284 idcirco
1402 4228 1513 4295 bis,
1550 4232 1746 4299 terque
1792 4244 1993 4299 percu-

2170 4236 2277 4290 inaa
2322 4250 2381 4290 se
2425 4233 2837 4289 constrictione
2884 4235 3149 4301 retineat,
3182 4230 3418 4303 quando
3466 4233 3522 4286 et
3569 4227 3856 4301 ipsi,qui

280 4316 444 4381 titur,
480 4320 544 4369 ut
575 4331 762 4385 usque
809 4318 879 4371 ad
922 4318 1130 4372 intima
1160 4319 1513 4390 quandoque
1553 4319 1807 4375 feriatur.
1836 4322 1997 4373 Nun-
2101 4326 2203 4397 jus
2253 4323 2689 4380 constrictionis
2736 4322 3052 4395 accipiunt,
3086 4336 3215 4378 sese
3247 4318 3635 4390 voluptatibus
3676 4315 3855 4374 rela-

278 4402 425 4456 tiata
453 4402 646 4471 itaque
680 4404 864 4459 fuerat
895 4407 1214 4463 adversitas
1245 4408 1315 4462 de
1347 4409 1587 4475 Sabaeis,
1622 4409 1887 4464 nuntiata
1917 4408 2000 4463 di-
2035 4480 2066 4485 _
2107 4414 2287 4469 xant‘?
2318 4413 2462 4469 Dum
2495 4429 2630 4485 ergo
2654 4414 2713 4468 in
2746 4412 2989 4483 majoris
3013 4410 3210 4467 fratris
3232 4410 3407 4465 domo
3428 4408 3855 4475 convivantur,

266 4490 419 4549 .vina
449 4488 876 4547 animadversio
925 4511 1025 4563 per
1070 4496 1259 4565 ignem
1295 4498 1364 4550 de
1394 4498 1557 4563 coelo,
1593 4499 1898 4553 nuntiatur
1928 4498 1993 4552 ah

2168 4510 2377 4575 :reunt,
2422 4480 2746 4576 quia—tunc
2794 4480 2998 4559 contra
3046 4518 3154 4558 nos
3203 4499 3395 4557 hostis
3426 4498 3857 4554 vehementius

280 4579 618 4635 hominibus
648 4581 855 4637 iterum
891 4586 1241 4641 camelorum
1276 4600 1495 4656 raptus,
1527 4590 1827 4659 cmdesque
1862 4605 1993 4659 pue-

2169 4613 2263 4652 res
2293 4595 2525 4664 accipit,
2550 4594 2784 4667 quando
2816 4597 2873 4649 et
2900 4592 3061 4659 ipsos
3087 4591 3186 4663 qui
3220 4606 3323 4664 pro
3354 4586 3626 4645 custodia
3655 4587 3860 4643 disci-

283 4684 501 4737 rorum,
548 4674 603 4725 et
653 4671 859 4727 divinae
909 4672 1331 4743 indignationis
1382 4678 1465 4733 ira
1516 4680 1810 4749 repetitur,
1858 4679 1999 4733 dum
2108 4686 2279 4759 plina
2312 4685 2532 4757 praelati
2560 4689 2701 4740 sunt
2721 4683 2798 4754 (g)
2826 4681 3036 4738 laetitias
3067 4680 3278 4737 servire
3307 4678 3626 4752 cognoscit.
3648 4675 3860 4735 Tanto

284 4763 490 4814 ventus
551 4759 777 4816 irruens
832 4764 1203 4819 concussisse
1250 4766 1457 4822 domus
1516 4767 1781 4839 angulos,
1832 4775 1993 4838 atque

2168 4777 2270 4834 iim
2300 4775 2572 4831 licentius
2596 4774 2666 4828 ad
2701 4771 3025 4829 feriendum
3047 4772 3314 4841 occupat,
3337 4772 3558 4840 quanto
3579 4774 3635 4822 et
3655 4764 3715 4820 hi
3736 4767 3861 4838 qui

286 4847 631 4906 exstinxisse
679 4849 892 4909 liberos
935 4852 1248 4910 indicatur.
1280 4854 1427 4918 Quia
1458 4857 1613 4912 enim
1660 4862 1861 4914 notum
1893 4862 2001 4914 est,

288 4939 445 5012 quod
476 4941 695 5013 absque
728 4959 979 5016 superno
1013 4949 1158 5001 nutu
1184 4945 1399 5003 moveri
1423 4946 1709 5004 elementa
1729 4964 1841 5005 non
1868 4964 2004 5019 pos-

391 5147 444 5216 a)
468 5145 617 5201 Editi
641 5161 773 5202 cum
796 5160 911 5201 uno
937 5144 1077 5201 Mss.
1104 5145 1266 5216 Reg.,
1289 5146 1362 5202 ad
1382 5145 1770 5203 exercendum.
1798 5145 2007 5202 Rhem.

298 5218 356 5287 et
386 5217 610 5287 Remig.
637 5232 838 5287 omnes
861 5234 994 5271 cum
1029 5217 1273 5287 aliquib.
1306 5219 1523 5284 Norm.,
1555 5217 1625 5273 ad
1654 5218 2009 5275 exedendum.

299 5285 613 5361 Sequimur
647 5286 786 5361 Mss.
814 5287 1094 5359 rBelvac.;
1128 5285 1468 5361 Compend.,
1501 5290 1730 5353 Corbo.,
1766 5289 1890 5345 Val.
1926 5291 2010 5343 Cl.

372 5357 449 5422 (ὁ)
488 5358 835 5429 Antiq.Ed.,
881 5361 1177 5415 Ιιῖνκίοηεηι.
1208 5357 1364 5425 Coc.,
1395 5364 1590 5429 Gilot.,
1623 5361 1828 5427 Vatic.,
1862 5363 2011 5416 lwso.

304 5428 611 5499 Gu_ssanv..
645 5428 711 5479 ab
751 5444 814 5482 eo
859 5431 1071 5487 stum.
1108 5439 1171 5485 At
1219 5434 1354 5489 Mss.
1408 5428 1749 5499 simpliciter
1798 5434 2012 5490 laesum.

375 5497 451 5577 (ις)
479 5500 585 5577 Ita.
613 5499 743 5551 Mss.
779 5514 954 5577 prope
983 5519 1205 5559 omnes.
1237 5508 1308 5559 At
1360 5506 1473 5560 duo
1526 5497 1687 5577 Reg.,
1721 5521 1855 5560 cum
1892 5506 2015 5571 Ed.,

303 5568 497 5626 divina
526 5569 950 5638 dispensatione.

320 5702 323 5703 ν
380 5640 457 5714 (d)
487 5638 793 5711 Antiquior
823 5639 1006 5707 Rcm.,
1030 5658 1159 5699 cum
1183 5646 1369 5717 Corb.,
1395 5646 1583 5704 Germ.
1609 5652 1666 5705 et
1688 5647 1872 5715 Colb.,
1896 5648 2018 5720 qui-

2113 4866 2470 4925 intercedere
2499 4879 2600 4936 pro
2621 4861 2808 4934 culpis
2842 4864 3109 4933 poterant
3146 4857 3428 4931 voluptati
3474 4860 3706 4913 vacant.
3727 4857 3861 4913 Ab-

2116 4959 2190 5017 sit
2236 4963 2430 5014 autem
2471 4969 2543 5011 ne
2581 4951 2729 5009 tanti
2759 4950 2865 5007 viri
2896 4949 3049 5007 filios
3082 4964 3185 5022 per
3212 4947 3613 5006 conviviorum
3644 4946 3860 5006 studia

2121 5146 2218 5200 bus
2250 5140 2576 5198 servabatur
2604 5136 2919 5195 hereditas.

2192 5215 2264 5285 (e)
2298 5213 2475 5285 iidem
2512 5211 2676 5276 Mss.,
2707 5205 3006 5285 angustiis.

2191 5276 2257 5356 (Ῑῇ
2280 5284 2724 5356 Gussanv.,non
2753 5276 3240 5356 aliorumrltielius
3271 5277 3369 5356 alii
3396 5276 3689 5356 libri,_non
3721 5276 3859 5334 illo-

2123 5349 2270 5421 rum,
2295 5373 2377 5411 sc.
2405 5355 2654 5410 filiorum
2687 5354 2819 5418 Job,
2844 5352 2913 5407 de
2934 5350 3146 5422 quibus
3178 5349 3326 5405 male
3357 5349 3565 5405 sentiri
3600 5365 3716 5405 non
3747 5365 3851 5419 pa-

2124 5433 2266 5485 titur
2297 5433 2536 5482 sanctus
2568 5426 2896 5485 Gregorius.

2195 5502 2272 5571 (g)
2301 5500 2395 5555 Sic
2439 5500 2609 5571 Mss.;
2660 5491 2809 5571 ﬁditi
2841 5496 3221 5571 vero._ve_nlri.
3269 5496 3396 5571 Mos
3441 5496 3571 5571 post
3602 5491 3851 5571 verbum

2125 5563 2355 5643 occupat
2387 5570 2625 5643 Cocc‘ius
2668 5569 2901 5643 adjecit,
2933 5565 3213 5643 subditos;
3238 5566 3400 5643 quod
3446 5563 3645 5620 nullus
3678 5563 3851 5619 dein-

2127 5638 2267 5717 ceps
2288 5640 2585 5715 expunxit,
2618 5640 2723 5696 etsi
2746 5638 2871 5697 non
2897 5640 3079 5695 exstet
3108 5638 3168 5694 in
3199 5641 3339 5695 Mss.
