4086 6166
217 229 329 287 569

1122 221 1541 283 MORALIUM
1591 220 1738 282 LIB.
1790 216 1866 280 II.
1918 252 1987 266 —
2041 221 2114 282 IN
2163 223 2421 285 CAPUT
2468 227 2491 284 Ι
2540 223 2605 282 Β.
2652 219 2812 284 JOB.

3623 227 3741 285 570

209 360 629 434 ingurgitando
659 356 842 414 ventri
875 371 1110 414 vacasse
1155 358 1558 430 suspicemur;
1593 358 1692 414 sed
1727 363 1917 414 tamen
1953 359 2003 425 Α
2037 361 2274 416 omnino
2317 364 2507 416 motus
2537 368 2644 428 est,
2687 375 2756 414 ne
2801 358 2976 413 nimis
3017 358 3266 414 dolendo
3315 365 3594 427 peccaret.
3626 361 3735 416 Sed

207 452 494 510 veraciter
523 451 788 506 novimus
834 451 970 520 quia
1015 448 1125 503 etsi
1168 465 1263 520 per
1306 449 1627 520 disciplina
1676 450 1926 521 quisque
2032 450 2170 520 quia
2225 453 2337 504 duo
2399 455 2537 504 sunt
2589 456 2874 520 pracepta
2925 449 3248 517 charitatis,
3309 447 3412 503 Dei
3471 450 3743 504 videlicet

209 541 544 598 custodiam
581 538 944 594 necessitatis
977 545 1158 594 metas
1189 538 1415 593 edendo
1441 555 1553 592 non
1579 541 1808 605 transit,
1834 555 1925 593 ac-

216 647 391 687 censa
422 637 612 684 tamen
639 629 851 683 mentis
885 627 1128 682 intentio
1162 627 1312 682 inter
1343 627 1602 683 convivia
1624 627 1924 698 torpescit,

218 726 275 777 et
307 720 505 775 minus
538 719 595 774 in
629 722 848 789 quanto
879 721 955 773 sit
987 717 1373 772 tentationum
1397 717 1546 772 bello
1578 719 1925 782 considerat,

218 811 312 882 (a)
332 827 460 881 qua
489 825 548 863 se
582 825 682 879 per
707 808 1082 863 securitatem
1105 807 1340 862 relaxat.
1367 810 1430 862 In
1463 809 1555 863 die
1583 823 1720 879 ergo
1754 807 1928 878 primi

220 900 420 956 fratris
452 898 601 954 ﬁlios
633 897 846 958 obruit,
869 899 1004 968 quia
1021 898 1299 967 antiquus
1330 897 1515 952 hostis
1548 897 1605 951 in
1632 897 1925 952 minorum

222 995 410 1044 morte
441 988 842 1044 subversionis
883 986 1101 1042 aditum
1149 1003 1251 1058 per
1281 986 1692 1058 negligentiam
1748 988 1928 1058 majo-

222 1095 352 1135 rum
396 1078 628 1150 quarit.
677 1078 787 1132 Sed
857 1077 994 1149 quia
1041 1079 1275 1147 quantis
1340 1080 1674 1132 nuntiorum
1717 1078 1928 1147 jaculis

220 1169 300 1225 sit
322 1184 659 1240 percussus,
682 1168 1054 1238 agnovimus;
1081 1167 1166 1222 vir
1198 1168 1360 1222 l‘ortis
1394 1167 1816 1237 noster,qualis
1841 1167 1919 1221 in-

217 1264 306 1315 ter
339 1259 581 1317 vulnera
613 1257 913 1325 consistat,
945 1259 1278 1314 audiamus.
1313 1258 1624 1328 Sequitur:

727 1346 954 1403 CAPUT
992 1346 1111 1401 XVI
1149 1349 1290 1417 (Rec.
1326 1348 1414 1416 XI)

289 1443 468 1494 Vens.
500 1438 588 1492 20.
614 1469 683 1477 —
709 1439 853 1493 Tunc
879 1438 1126 1492 surrexit
1174 1437 1290 1504 Job,
1324 1443 1374 1492 et
1416 1436 1573 1492 scidit
1605 1439 1929 1492 vestimenta

211 1545 341 1594 sua,
371 1535 424 1583 et
451 1532 601 1583 tonso
645 1529 821 1598 capite
849 1542 1109 1582 corruens
1137 1528 1191 1580 in
1226 1533 1434 1580 terram
1463 1525 1733 1582 adoravit.

289 1618 384 1673 28.
419 1618 659 1686 Flagella
690 1618 789 1674 Dei
823 1621 920 1673 aut
961 1633 1066 1673 non
1100 1620 1320 1685 sentire,
1370 1625 1466 1672 aut
1515 1618 1703 1686 nimis,
1737 1618 1930 1672 vilium

215 1716 325 1763 est.
348 1739 415 1747 —
443 1706 718 1762 Nonnulli
753 1722 976 1778 magna
1000 1707 1336 1762 constantia
1362 1706 1788 1777 philosophiam
1828 1722 1928 1776 pu-
1962 1744 2008 1808 Β

220 1801 374 1861 tant,
409 1797 455 1851 si
486 1795 806 1867 disciplina
836 1797 1146 1867 asperitate
1175 1796 1444 1867 correpti,
1465 1797 1610 1852 ictus
1631 1797 1706 1867 (l2)
1730 1796 1931 1851 verbe-

221 1903 360 1945 rum
391 1887 736 1957 doloresque
759 1903 874 1942 non
906 1887 1183 1942 sentiant.
1231 1886 1505 1943 Nonnulli
1550 1904 1678 1942 vero
1711 1891 1826 1942 tam
1853 1887 1935 1942 ni-

222 1977 338 2032 mis
373 1976 822 2046 percussionum
857 1975 1087 2046 ﬂagella
1119 1975 1402 2044 sentiunt,
1439 1985 1500 2031 ut
1548 1976 1933 2031 immoderato

219 2065 426 2121 dolore
459 2065 760 2132 commoti,
784 2067 961 2121 etiam
996 2065 1053 2122 in
1085 2082 1390 2122 excessum
1440 2067 1648 2140 lingua
1681 2067 1935 2123 dilaban-

217 2158 341 2210 tur.
388 2154 502 2210 Sed
535 2153 803 2225 quisquis
850 2171 1045 2211 veram
1091 2160 1286 2211 tenere
1344 2155 1776 2228 philosophiam
1830 2158 1932 2213 50

221 2244 461 2310 nititur,
495 2260 732 2300 necesse
761 2249 850 2300 est
880 2250 942 2300 ut
972 2245 1123 2300 inter
1163 2250 1407 2317 utraque
1437 2247 1761 2317 gradiatur.
1809 2247 1930 2304 Non

222 2339 316 2390 est
347 2335 502 2390 enim
538 2335 768 2406 pondus
798 2352 943 2391 vera
966 2336 1216 2404 virtutis,
1250 2336 1670 2392 insensibilitas
1702 2336 1892 2393 cordis
1915 2355 1932 2390 :

222 2425 368 2496 quia
406 2430 462 2480 et
509 2425 678 2482 valde
722 2427 929 2482 insana
973 2443 1075 2498 per
1114 2432 1412 2498 stuporem
1466 2428 1728 2483 membra
1773 2434 1930 2494 sunt,

219 2530 361 2586 qua
390 2520 447 2570 et
479 2515 663 2571 incisa
683 2516 750 2586 (c)
782 2517 973 2572 dolere
996 2533 1368 2588 nequaquam
1405 2525 1668 2588 possunt.
1705 2518 1933 2573 Rursus

216 2603 464 2665 virtutis
494 2604 820 2660 custodiam
868 2606 1100 2670 deserit,
1160 2606 1260 2677 qui
1318 2605 1571 2662 dolorem
1632 2607 1933 2662 verberum

215 2701 384 2757 ultra
409 2713 578 2770 quam
612 2711 848 2752 necesse
864 2699 952 2752 est
982 2696 1193 2762 sentit;
1228 2696 1364 2767 quia
1399 2697 1538 2751 dum
1572 2696 1754 2751 nimia
1785 2697 1935 2751 afﬂi-

219 2792 419 2848 ctione
451 2803 551 2844 cor
579 2785 856 2856 tangitur,
890 2801 1077 2858 usque
1109 2786 1180 2840 ad
1212 2786 1595 2857 impatientia
1629 2791 1935 2842 contume-

222 2881 341 2936 lias
371 2877 674 2940 excitatur,
709 2880 765 2930 et
795 2874 894 2945 qui
923 2891 1023 2946 per
1052 2874 1279 2946 ﬂagella
1309 2876 1596 2947 corrigere
1630 2875 1936 2931 malefacta

221 2973 537 3036 debuerat,
570 2965 690 3038 agit
721 2971 786 3021 ut
808 2966 1064 3038 nequitia
1095 2982 1193 3038 per
1215 2967 1509 3038 ﬂagellum
1526 2975 1765 3024 crescat.
1795 2967 1938 3024 Con-

223 3065 324 3118 tra
356 3055 866 3115 insensibilitatem
892 3055 1108 3128 quippe
1131 3072 1524 3128 percussorem
1559 3075 1660 3129 per
1696 3059 1938 3130 prophe-

2035 557 2216 607 amor,
2251 545 2306 594 et
2337 539 2613 609 proximi;
2671 544 2733 593 ut
2777 540 3149 594 dilectionem
3190 538 3438 610 proximi
3482 540 3740 594 exsolve-

2035 639 2142 697 ret,
2177 632 2462 702 impendit
2495 631 2631 684 ﬁliis
2664 631 2922 698 luctum;
2959 647 3026 686 ne
3051 631 3419 687 dilectionem
3456 631 3552 686 Dei
3586 631 3742 685 dese-

2036 726 2207 784 reret,
2248 720 2491 790 explevit
2535 719 2685 775 inter
2724 720 2975 790 gemitus
3024 722 3092 789 (f)
3140 721 3482 775 orationem.
3544 718 3744 774 Solent

2037 807 2304 864 nonnulli
2350 809 2407 862 in
2441 808 2729 878 prosperis
2776 808 2954 863 Deum
2990 809 3230 878 diligere
3256 809 3312 862 in
3345 807 3605 864 adversis
3637 824 3744 862 au-

2035 905 2152 953 tem
2186 897 2356 968 positi
2392 898 2785 969 ﬂagellantem
2810 899 3006 953 minus
3039 914 3256 952 amare.
3295 897 3510 953 Beatus
3544 903 3740 952 autem

2035 988 2143 1042 Job
2178 1004 2274 1058 per
2302 988 2426 1053 hoc,
2464 987 2615 1058 quod
2651 994 2844 1043 motus
2876 988 3131 1042 exterius
3164 987 3445 1052 exhibuit,
3490 985 3743 1042 ostendit

2036 1079 2175 1148 quia
2233 1077 2460 1148 ﬂagella
2518 1077 2702 1148 patris
2733 1078 3004 1148 agnovit;
3044 1095 3145 1149 per
3191 1077 3296 1132 hoc
3337 1083 3554 1141 autem,
3588 1077 3740 1146 quod

2037 1169 2336 1222 adorando
2370 1167 2607 1222 humilis
2642 1166 2874 1236 mansit,
2898 1168 3150 1222 ostendit
3182 1168 3322 1239 quia
3345 1183 3604 1222 amorem
3639 1183 3744 1236 pa-

2039 1260 2137 1314 tris
2178 1275 2279 1314 nec
2310 1258 2366 1313 in
2392 1260 2586 1314 dolore
2617 1261 2892 1314 deseruit.
2926 1260 3008 1314 Ne
3040 1259 3212 1329 igitur
3257 1260 3543 1329 superbus
3588 1261 3743 1314 esset

2039 1365 2150 1404 non
2186 1349 2465 1414 sentiens,
2498 1349 2554 1403 in
2599 1349 2967 1420 percussione
2998 1349 3259 1414 corruit;
3293 1366 3363 1404 ne
3423 1354 3618 1403 autem
3680 1362 3742 1403 se

2038 1440 2263 1495 ferienti
2295 1446 2626 1496 extraneum
2689 1442 2922 1505 faceret,
2981 1442 3050 1496 ad
3102 1440 3210 1496 hoc
3260 1440 3474 1495 corruit
3507 1446 3569 1493 ut
3600 1438 3741 1492 ado-

2038 1537 2208 1587 raret.
2248 1533 2368 1587 Mos
2388 1537 2580 1586 autem
2613 1536 2872 1586 veterum
2907 1531 3038 1598 fuit,
3072 1535 3135 1585 ut
3166 1529 3437 1602 quisquis
3487 1528 3741 1599 speciem

2038 1623 2129 1677 sui
2161 1624 2419 1692 corporis
2445 1622 2664 1692 capilos
2713 1622 3024 1676 nutriendo
3053 1630 3320 1687 servaret,
3353 1635 3452 1674 eos
3485 1623 3744 1688 tempore

2039 1711 2374 1766 atﬂietionis
2402 1711 2668 1765 abscider
2689 1716 2771 1777 et;
2806 1716 2862 1765 et
2906 1727 3138 1765 rursum
3165 1709 3263 1780 qui
3299 1705 3745 1779 tranquillitatis

2046 1808 2306 1871 tempore
2344 1799 2586 1870 capillos
2618 1800 2942 1855 abscideret
2966 1815 2979 1865 ;
3003 1816 3099 1854 eos
3149 1799 3208 1854 in
3267 1798 3596 1852 ostensione
3626 1793 3745 1850 afﬂi

2045 1889 2257 1945 ctionis
2306 1889 2606 1945 enutriret.
2658 1890 2863 1944 Beatus
2913 1889 3109 1959 itaque
3164 1888 3272 1942 Job
3305 1884 3747 1957 tranquillitatis

2045 1982 2306 2051 tempore
2339 1977 2579 2049 capillos
2612 1994 2868 2033 servasse
2899 1977 3247 2045 ostenditur,
3278 1992 3406 2031 cum
3431 1977 3499 2030 ad
3534 1973 3748 2028 doloris

2044 2085 2217 2124 usum
2253 2068 2766 2139 caputtotondisse
2790 2081 3182 2133 memoratur;
3217 2071 3506 2136 quatenus
3539 2061 3747 2118 cumin

2044 2159 2274 2214 cunctis
2306 2174 2439 2212 eum
2473 2157 2646 2213 rebus
2678 2173 2889 2212 manus
2914 2172 3169 2226 superna
3201 2159 3545 2226 percuteret,
3570 2155 3747 2207 etiam

2044 2254 2252 2321 sponte
2305 2248 2472 2304 illum
2532 2248 2877 2318 paniteutia
2935 2245 3154 2317 species
3202 2245 3426 2300 diversa
3474 2243 3744 2296 fuscaret.

2044 2340 2154 2395 Sed
2187 2338 2299 2394 iste
2320 2343 2528 2394 exutus
2560 2339 2757 2404 rebus,
2792 2336 2928 2391 ﬁliis
2960 2337 3219 2402 orbatus,
3253 2333 3352 2405 qui
3399 2333 3747 2387 vestimenta

2041 2428 2238 2496 scidit,
2271 2428 2369 2496 qui
2423 2432 2596 2496 caput
2654 2426 2922 2492 totondit,
2958 2425 3055 2496 qui
3099 2424 3157 2479 in
3216 2429 3430 2478 terram
3502 2418 3744 2488 corruit,

2043 2517 2177 2587 quid
2210 2517 2386 2582 dicat,
2410 2515 2738 2571 audiamus.

2506 2606 2736 2662 CAPUT
2776 2605 2925 2661 XVII
2962 2606 3103 2676 [Rea
3136 2605 3268 2675 XII].

2121 2699 2498 2755 Vaas.21.—
2541 2697 2727 2753 Nudus
2774 2711 3015 2766 egressus
3071 2712 3191 2750 sum
3239 2695 3309 2750 de
3357 2700 3510 2748 utero
3552 2691 3748 2746 matris

2047 2804 2196 2855 mea,
2230 2789 2404 2843 nudus
2435 2793 2686 2842 revertar
2718 2786 2870 2842 illuc.

2117 2879 2204 2932 30.
2243 2875 2592 2947 Temporalia
2634 2878 2792 2947 parvi
2833 2874 3111 2943 facienda,
3144 2874 3284 2946 quod
3334 2888 3396 2928 ea
3442 2870 3749 2942 aliquando

2047 2984 2157 3023 non
2187 2967 2561 3033 habuerimus,
2595 2981 2692 3022 nec
2719 2965 2967 3019 habituri
2995 2966 3190 3019 simus.
3222 2994 3292 3003 -—
3322 2962 3364 3017 Ο
3401 2977 3577 3032 quam
3622 2958 3750 3014 alta

2051 3056 2204 3113 sedit
2231 3056 2444 3113 interni
2466 3054 2691 3112 consilii
2715 3053 2974 3126 prasidet
2993 3053 3122 3120 iste,
3140 3053 3240 3123 qui
3272 3049 3473 3107 scissis
3494 3048 3750 3104 vestibus

223 3155 356 3208 tam
387 3148 600 3204 dicitur
627 3163 638 3201 :
671 3125 1146 3212 Percussisti'e—os,
1182 3162 1280 3202 nec
1309 3125 1599 3203 doluerunt
1619 3165 1640 3209 ,'
1681 3125 1942 3204 altri-vasti
1970 3125 2021 3192 Ο
2053 3147 2111 3203 in
2143 3152 2296 3204 terra
2326 3153 2651 3219 prostratus
2681 3125 2865 3216 jacet!
2900 3143 3046 3208 Quia
3093 3143 3246 3198 enim
3297 3140 3594 3211 judicante
3634 3137 3752 3193 Do-

225 3257 343 3306 eos,
387 3242 437 3295 et
487 3240 788 3293 renueruut
827 3236 1070 3306 accipere
1115 3235 1466 3308 disciplinam
1523 3241 1826 3306 (Jerem.v,
1861 3239 1936 3309 3).

225 3331 453 3388 Contra
511 3325 1051 3398 pusillanimitatem
1095 3341 1497 3397 percussorum
1547 3344 1645 3398 per
1686 3327 1941 3384 Psalmi-

222 3426 386 3476 stam
417 3416 668 3471 dicitur:
708 3415 776 3469 I‘n
805 3415 1047 3470 miseriis
1076 3430 1185 3470 non
1215 3415 1509 3471 subsistent
1541 3417 1710 3486 (Psal.
1736 3433 1941 3472 cxxxix

219 3509 347 3580 11).
384 3509 445 3562 In
478 3507 728 3564 miseriis
760 3522 1012 3577 namque
1033 3507 1502 3578 subsisterent,si
1535 3509 1940 3578 aquanimiter

215 3599 478 3656 adversa
507 3597 842 3653 tolerarent.
865 3597 940 3650 At
964 3604 1268 3668 postquam
1297 3603 1488 3653 mente
1518 3597 1672 3652 inter
1715 3597 1941 3667 ﬂagella

216 3692 513 3746 corruunt
542 3687 704 3759 quasi
729 3686 1085 3744 interillatas
1120 3687 1388 3744 miserias
1411 3687 1774 3743 subsistendi
1807 3705 1937 3744 con-

217 3779 509 3836 stantiam
545 3778 815 3849 perdunt.

290 3871 418 3942 [Vel
448 3867 610 3939 xvn.)
640 3867 728 3922 29.
761 3867 856 3922 Job
879 3872 1172 3940 utrumque
1200 3869 1363 3924 cavit.
1405 3867 1516 3923 Mos
1546 3869 1832 3924 nutriendi
1860 3871 1939 3924 vel

213 3957 542 4016 abscidendi
571 3956 795 4026 capillos
822 3966 1059 4028 tempore
1105 3957 1446 4026 a/[lictionis.
1481 3989 1549 3999 -—-
1572 3959 1781 4013 Beatus
1831 3957 1938 4014 ita-

215 4066 343 4124 que
372 4048 502 4115 Job,
539 4047 675 4118 quia
703 4062 849 4102 vera
879 4047 1258 4119 philosophia
1284 4048 1544 4119 regulam
1577 4049 1785 4116 tenuit,
1808 4064 1943 4104 con-

215 4146 316 4198 tra
353 4144 595 4211 utraque
629 4137 778 4193 mira
807 4138 851 4192 si
877 4137 1168 4208 aquitatis
1189 4143 1310 4194 arte
1341 4137 1628 4206 servavit;
1656 4143 1716 4193 ut
1743 4138 1938 4208 uec'(d)

217 4230 492 4288 dolorem
524 4244 642 4284 non
665 4230 945 4295 sentiens,
980 4226 1206 4298 ﬂagella
1233 4231 1558 4298 sperneret;
1579 4243 1682 4283 nec
1703 4243 1939 4284 rursum

216 4321 384 4379 ultra
414 4317 648 4375 modum
680 4316 938 4373 dolorem
977 4318 1255 4385 sentiens,
1283 4321 1488 4373 contra
1517 4317 1811 4387 judicium
1845 4317 1942 4373 ﬂa-

219 4408 510 4482 gellantis
541 4407 844 4464 insaniret.
868 4405 1278 4463 Cunctisenim
1313 4409 1486 4462 rebus
1517 4407 1938 4478 perditis,eun-

221 4503 352 4556 etis
379 4496 572 4555 liberis
611 4497 869 4565 amissis,
902 4497 1171 4564 surrexit,
1224 4497 1396 4552 scidit
1429 4496 1772 4553 vestimenta
1811 4514 1940 4564 sua,

219 4594 280 4644 et
321 4592 490 4643 tonso
537 4587 724 4658 capite
775 4602 1051 4643 corruens
1093 4586 1151 4640 in
1187 4591 1424 4650 terram,
1457 4587 1735 4643 adoravit.
1783 4585 1942 4649 Quod

223 4677 586 4734 vestimenta
617 4677 815 4744 scidit,
847 4678 997 4747 quod
1033 4681 1201 4732 tonso
1235 4676 1422 4746 capite
1455 4677 1512 4732 in
1565 4679 1776 4731 terram
1819 4692 1949 4731 cor-

219 4768 372 4836 ruit,
403 4772 692 4824 monstrat
724 4766 1002 4822 nimirum
1025 4766 1160 4838 quia
1194 4765 1405 4838 ﬂagelli
1457 4766 1713 4822 dolorem
1746 4765 1944 4822 sensit.

223 4858 399 4923 Quod
414 4873 546 4914 vero
565 4858 633 4914 ad
635 4856 1141 4928 jicitur,adoravit,
1160 4861 1355 4928 aperte
1377 4855 1950 4927 ostenditur,(e)quia

226 4955 286 5006 et
354 4949 414 5004 in
464 4947 664 5005 dolore
726 4947 953 5019 positus
1007 4952 1208 5003 contra
1272 4946 1618 5018 ﬂagellautis
1661 4945 1948 5015 judicium

225 5054 354 5096 non
386 5037 655 5095 excessit.
686 5035 801 5092 Nec
849 5036 1090 5093 omnino
1133 5051 1265 5106 ergo
1318 5052 1432 5092 non
1485 5044 1677 5091 motus
1726 5041 1834 5102 est,
1879 5052 1951 5091 ne

229 5132 418 5185 Deum
454 5126 584 5200 ipsa
620 5125 1067 5184 insensibilitate
1097 5129 1532 5194 contemneret;
1563 5141 1667 5182 nec
1709 5141 1948 5182 rursum

313 5324 618 5393 (a)Excusi
654 5327 785 5397 qui;
813 5329 868 5380 et
899 5341 1049 5397 mox,
1086 5325 1145 5379 in
1188 5324 1348 5397 domo
1396 5339 1539 5393 ergo.
1592 5324 1948 5397 Repionimus

236 5413 310 5451 ex
345 5398 481 5451 Mss.
515 5394 753 5468 qua,‘se
791 5412 978 5452 mens.
1009 5395 1091 5460 Et,
1126 5399 1183 5468 in
1213 5394 1301 5451 die
1328 5411 1456 5468 ergo
1487 5411 1600 5452 suo.
1653 5395 1950 5468 Alluditur

237 5467 533 5523 nimirum
554 5469 623 5523 ad
647 5468 702 5522 id
738 5472 888 5540 quod
925 5485 1101 5540 supra
1134 5467 1365 5539 legitur,
1397 5467 1505 5522 Jol)
1537 5485 1576 5535 ι,
1609 5484 1758 5524 vers.
1791 5467 1843 5532 4,
1866 5468 1950 5536 [a-

235 5541 461 5595 ciebant
490 5556 698 5596 conv...
732 5539 1108 5610 unusquisque
1139 5541 1193 5593 in
1227 5540 1313 5594 die
1339 5554 1448 5595 suo.

320 5612 393 5682 (ὁ)
417 5613 584 5683 Apud
617 5612 925 5683 Gussauv.,
952 5612 1246 5678 mendose,
1277 5612 1582 5668 verborum.

317 5683 393 5757 (ε)
414 5682 546 5744 Ceo.
578 5688 634 5743 et
664 5699 781 5757 seq.
808 5682 1152 5756 Ed.,sentire
1181 5684 1456 5754 dolorem,
1489 5682 1953 5755 repugnantibus

2050 3238 2231 3309 mino,
2266 3241 2475 3292 cuncta
2520 3236 2818 3302 amiserat,
2871 3251 2974 3305 pro
3023 3231 3308 3288 servanda
3339 3231 3428 3285 5|
3480 3227 3756 3300 patientia

2049 3328 2188 3384 illud
2222 3334 2454 3397 tempus
2486 3328 2554 3382 ad
2592 3325 2938 3382 memorium
2965 3323 3213 3390 reduxit,
3243 3337 3351 3392 quo
3375 3319 3622 3375 necdum
3644 3318 3755 3372 ista

2049 3435 2173 3491 qua
2207 3419 2455 3490 perdidit
2498 3415 2784 3482 habebat;
2820 3424 2876 3471 ut
2938 3417 3076 3470 dum
3132 3414 3390 3467 intuetur
3447 3408 3601 3480 quod
3647 3406 3748 3461 ali.

2050 3510 2283 3580 quando
2308 3509 2407 3563 illa
2438 3524 2552 3564 non
2587 3507 2807 3572 habuit,
2844 3505 3101 3560 dolorem
3127 3505 3408 3573 temperet
3439 3503 3586 3570 quot
3614 3495 3758 3550 ami-

2050 3599 2147 3654 sit.
2183 3599 2386 3670 Magna
2425 3598 2580 3654 enim
2628 3595 2948 3652 consolatio
2981 3600 3064 3648 est
3104 3593 3162 3647 in
3197 3608 3383 3647 rerum
3419 3586 3755 3652 amissione,

2051 3688 2156 3744 illa
2190 3700 2450 3760 tempora
2494 3688 2564 3743 ad
2602 3692 2847 3742 mentem
2882 3684 3177 3748 reducere,
3213 3682 3429 3753 quibus
3477 3693 3581 3733 nos
3613 3692 3757 3731 con-

2049 3779 2182 3850 tigit
2214 3795 2304 3834 res
2343 3793 2490 3849 quas
2541 3776 2901 3847 perdidimus
2944 3791 3056 3828 non
3108 3771 3403 3826 habuisse.
3437 3768 3582 3832 Quia
3625 3779 3758 3821 vero

2048 3883 2255 3925 omnes
2286 3884 2394 3923 nos
2428 3877 2577 3921 terra
2608 3865 2825 3933 genuit,
2859 3863 3005 3918 hanc
3041 3878 3154 3916 non
3181 3859 3474 3914 immerito
3512 3861 3758 3910 matrem

2049 3973 2341 4013 vocamus.
2383 3955 2544 4011 Unde
2576 3953 2859 4024 scriptum
2891 3957 3017 4007 est:
3060 3949 3231 4004 Graue
3261 3950 3462 4018 jugum
3494 3958 3656 4013 super
3686 3941 3757 4008 ﬁ-

2050 4048 2154 4102 lios
2187 4047 2372 4102 Adam
2401 4062 2434 4099 a
2463 4044 2554 4100 die
2583 4045 2768 4099 exitus
2797 4043 2868 4097 de
2897 4047 3092 4096 ventre
3121 4039 3317 4092 matris
3347 4051 3558 4097 eorum,
3590 4045 3760 4103 usque

2049 4139 2108 4192 in
2133 4137 2278 4192 diem
2319 4136 2624 4207 sepultura
2662 4135 2718 4187 in
2751 4139 2984 4187 matrem
3028 4130 3279 4184 omnium
3323 4122 3514 4196 (Eccli.
3549 4139 3639 4188 xc,
3675 4121 3749 4191 1).

2050 4232 2259 4283 Beatus
2289 4226 2469 4297 igitur
2494 4225 2627 4291 Job,
2654 4231 2714 4277 ut
2736 4223 3020 4293 patienter
3048 4218 3243 4288 lugeat
3273 4215 3427 4287 quod
3476 4213 3569 4267 hic
3601 4209 3757 4266 ami-

2051 4316 2149 4386 sit,
2182 4315 2488 4388 vigilanter
2526 4311 2771 4369 atteudit
2818 4310 3010 4382 qualis
3045 4310 3157 4363 huc
3206 4304 3442 4361 venerit.
3481 4303 3566 4357 Ad
3596 4315 3749 4371 aug-

2051 4409 2312 4460 mentum
2344 4409 2540 4460 autem
2575 4401 2866 4458 servanda
2901 4397 3207 4469 patientia,
3256 4395 3447 4449 adhuc
3480 4393 3762 4448 solertius

1975 4498 2031 4565 1)
2067 4494 2303 4565 inspicit
2349 4494 2482 4549 hinc
2515 4491 2706 4564 qualis
2743 4491 2978 4557 recedit,
3008 4493 3064 4543 et
3095 4485 3270 4542 dicit:
3305 4484 3492 4540 Nudus
3521 4497 3765 4553 egressus

2058 4601 2181 4640 sum
2211 4586 2276 4640 de
2306 4592 2462 4641 utero
2493 4585 2696 4638 matris
2736 4596 2893 4649 meae,
2927 4585 3105 4635 nudus
3136 4583 3386 4632 revertar
3417 4574 3568 4629 illuc.
3604 4575 3680 4627 Ac
3712 4571 3764 4625 si

2056 4677 2247 4732 dicat:
2281 4675 2510 4730 Nudum
2547 4690 2637 4729 me
2669 4673 2779 4727 huc
2830 4672 3142 4725 intrantem
3186 4672 3336 4722 terra
3369 4662 3629 4736 protulit,
3663 4677 3769 4716 nu-

2057 4768 2196 4822 dum
2234 4781 2325 4821 me
2359 4764 2490 4818 hinc
2531 4771 2832 4820 exeuntem
2867 4767 3017 4817 terra
3067 4756 3322 4828 recipiet.
3376 4755 3509 4826 [Vet.
3551 4749 3762 4820 Xl’tIl.]

2057 4857 2163 4922 Qui
2196 4871 2331 4928 ergo
2361 4858 2616 4927 accepta,
2649 4855 2747 4910 sed
2782 4850 3159 4923 relinquenda
3201 4841 3604 4919 perdidi,quid
3638 4856 3764 4910 pro-

2059 4945 2250 5017 prium
2290 4945 2509 5000 amisi?
2537 4943 2677 5016 [Rea
2709 4942 2875 5012 XIII.]
2907 4940 3049 5005 Quia
3096 4951 3226 4992 vero
3274 4929 3591 4990 consolatio
3645 4943 3758 4982 non

2058 5035 2250 5091 solum
2280 5051 2348 5090 ex
2379 5033 2839 5091 consideratione
2887 5024 3234 5086 conditionis
3275 5019 3604 5078 adhibenda
3653 5022 3767 5084 est,

2058 5125 2155 5181 sed
2189 5125 2366 5180 etiam
2396 5139 2463 5180 ex
2488 5123 2717 5194 justitia
2742 5117 3083 5183 conditoris,
3119 5117 3271 5170 recte
3303 5109 3566 5181 sujuugit

2057 5325 2206 5461 M881.)
2241 5387 2586 5444 Particulam
2627 5389 2782 5459 quasi
2823 5384 3202 5442 removimus,
3251 5381 3591 5438 auctoritate
3623 5380 3763 5436 Mss.

2061 5464 2225 5532 Reg,
2259 5462 2426 5516 Corb.
2461 5461 2554 5526 G.,
2590 5468 2698 5515 etc.

2129 5524 2181 5601 (Ῑι
2218 5524 2361 5586 Duo
2396 5524 2603 5587 Rhein.
2640 5547 2770 5586 cum
2806 5547 2918 5586 uno
2962 5529 3211 5601 Remig.,
3236 5530 3366 5599 quia
3396 5542 3492 5596 per
3512 5524 3764 5594 ﬂagella.

2130 5534 2202 5676 (ὅ
2234 5605 2398 5676 Corb.
2439 5603 2656 5672 Germ.,
2705 5603 3124 5664 adorationem;
3165 5602 3246 5658 sic
3296 5601 3472 5657 etiam
3503 5597 3644 5653 olim
3688 5593 3764 5649 le-

2130 5593 2202 5676 m
2234 5605 2398 5660 Corb.
2439 5603 2656 5672 Germ.,
2705 5593 3259 5664 adorationemfsic'
3296 5593 3472 5657 etiam
3503 5593 3644 5653 Olim
3688 5593 3768 5649 le-

2060 5681 2227 5734 ctum
2259 5675 2319 5733 in
2351 5674 2498 5734 Utic.
