4104 6162
357 240 467 297 571

353 462 580 517 Domino
607 460 840 530 placuit,
874 464 954 515 ita
984 461 1198 528 factum
1230 463 1328 513 est.

422 552 511 606 31.
548 553 685 607 Deus
717 552 870 605 bonis
899 566 995 604 nos
1044 549 1307 620 spolians,
1342 562 1447 601 non
1496 551 1687 600 nostra
1738 545 1941 613 aufert,
1965 543 2056 598 sed

351 658 474 697 sua.
496 672 561 681 —-
586 642 836 697 Sanctus
870 640 976 704 vir,
1008 642 1266 693 tentante
1305 636 1651 701 adversario,
1699 646 1903 690 cuncta
1928 650 2055 704 per-

356 732 611 797 diderat;
647 732 745 787 sed
777 739 972 785 tamen
1005 728 1217 792 sciens,
1240 730 1374 797 quia
1402 730 1604 780 contra
1635 741 1693 779 se
1725 725 1901 779 Satan
1934 728 2057 777 ten-

350 824 513 877 tandi
545 823 716 889 vires,
754 821 864 876 nisi
898 819 1267 891 permittente
1299 816 1565 879 Domino,
1618 833 1731 870 non
1785 814 2051 879 habebat,

352 927 465 967 non
498 913 604 967 ait:
644 910 914 966 Dominus
947 909 1128 975 dedit,
1159 906 1425 962 diabolus
1457 906 1735 973 abstulit;
1773 905 1906 959 sed:
1958 904 2054 958 Do-

350 1003 534 1056 minus
560 1001 733 1069 dedit,
769 1000 1031 1056 Dominus
1061 999 1326 1062 abstulit;
1358 997 1604 1051 fortasse
1656 993 1811 1050 enim
1866 994 2054 1048 fuerat

351 1089 689 1159 dolendum,
740 1091 786 1146 si
819 1091 969 1162 quod
1009 1089 1269 1146 conditor
1299 1086 1537 1142 dederat
1572 1085 1754 1139 hostis
1784 1082 2057 1139 abstulis-

352 1189 473 1235 set:
508 1188 561 1235 at
593 1185 903 1252 postquam
953 1197 1069 1236 non
1104 1178 1347 1235 abstulit
1389 1176 1502 1232 nisi
1550 1176 1674 1248 ipse
1723 1175 1820 1246 qui
1872 1174 2052 1241 dedit,

351 1286 456 1327 sua
488 1273 724 1342 recepit,
758 1288 871 1326 non
906 1279 1103 1326 nostra
1122 1267 1382 1323 abstulit.
1416 1267 1473 1321 Si
1519 1266 1673 1320 enim
1708 1264 1779 1319 ab
1831 1263 1929 1319 illo
1960 1280 2056 1318 ac-

354 1362 630 1433 cipimus,
664 1361 958 1431 quibusin
992 1361 1099 1416 hac
1133 1362 1249 1414 vita
1282 1359 1518 1423 utimur,
1542 1373 1647 1412 cur
1677 1356 1868 1411 doleat
1898 1354 2052 1425 quod

353 1451 477 1516 ipso
501 1450 804 1521 judicante
827 1451 1112 1522 exigimur
1142 1450 1294 1521 quod
1348 1449 1629 1519 largiente
1678 1447 2005 1501 leneramur
2025 1444 2053 1498 ‘l

352 1542 467 1597 Nec
490 1543 805 1615 aliquando
838 1544 1098 1614 iujustus
1129 1548 1218 1598 est
1264 1542 1536 1605 creditor,
1588 1539 1686 1610 qui
1719 1539 1856 1593 dum
1908 1553 2054 1610 pris-

353 1632 465 1687 ﬁxo
514 1634 795 1688 reddendi
846 1639 1109 1704 tempore
1148 1649 1264 1687 non
1312 1628 1762 1700 constringitur;
1819 1627 2053 1699 quando

350 1723 497 1788 vult,
529 1722 709 1792 exigit
738 1722 889 1793 quod
918 1722 1228 1776 teneretur.
1248 1720 1351 1776 Ubi
1386 1725 1442 1774 et
1464 1718 2051 1810 benesubjungitur:
2086 1744 2134 1810 Β

351 1810 502 1865 Sicut
534 1812 759 1867 Domino
791 1811 1029 1882 placuit,
1078 1811 1155 1866 ita
1201 1814 1404 1882 factum
1438 1818 1537 1866 est.
1596 1808 1741 1863 Cum
1786 1807 1939 1863 enim
1990 1806 2049 1861 in

350 1898 460 1954 hac
495 1901 686 1957 vitaea
719 1919 841 1969 quae
878 1901 1175 1969 nolumus,
1202 1901 1474 1971 patimur,
1508 1914 1744 1953 necesse
1782 1901 1871 1952 est
1894 1896 2049 1952 utad

350 2004 482 2044 eum
509 1990 609 2061 qui
645 1992 928 2059 injustum
965 1990 1102 2046 velle
1134 1989 1213 2044 nil
1240 1992 1463 2061 podesl,
1498 1988 1694 2043 studia
1714 1994 1923 2043 nostra
1955 2003 2052 2041 vc-

349 2080 591 2135 luntatis
621 2080 991 2137 inclinemus.
1026 2084 1231 2151 Magna
1262 2082 1477 2150 quippe
1524 2083 1608 2133 est
1639 2075 1958 2133 consolatio
1990 2075 2049 2131 in

346 2184 411 2222 eo
444 2170 592 2239 quod
626 2169 908 2238 displicet,
950 2169 1103 2240 quod
1130 2169 1227 2223 illo
1258 2168 1564 2223 ordinante
1608 2183 1741 2236 erga
1774 2182 1876 2220 nos
1925 2164 2052 2235 agi-

344 2260 460 2322 tur,
492 2256 585 2311 cui
620 2256 1089 2326 nonnisijustum
1118 2256 1319 2328 placet.
1352 2256 1405 2309 Si
1431 2256 1607 2321 igitur
1630 2256 1795 2321 justa
1826 2252 2051 2324 placere

346 2347 864 2412 DominO'scimns,
902 2346 1011 2414 pati
1046 2353 1235 2400 autem
1273 2346 1455 2408 nulla,
1490 2344 1604 2399 nisi
1638 2360 1761 2414 qum
1811 2344 2048 2399 Domino

344 2436 691 2507 placuerint,
717 2453 1031 2508 possumus
1061 2462 1075 2503 ;
1101 2438 1266 2507 justa
1314 2440 1453 2490 sunt
1482 2440 1688 2490 cuncta
1740 2450 1868 2504 quas
1902 2432 2052 2505 pati-

346 2542 493 2591 mur,
513 2532 569 2581 et
590 2525 755 2581 valde
785 2527 1070 2597 injustum
1104 2531 1209 2592 est,
1244 2524 1294 2580 si
1317 2526 1563 2594 dejusta
1598 2524 1869 2596 passione
1893 2539 2052 2579 mur-

348 2628 666 2669 muramus.

417 2703 505 2758 32.
544 2704 803 2759 Diabolus
822 2719 920 2759 nos
950 2702 1303 2776 aggrediens,
1336 2702 1657 2758 humilitate
1685 2718 1748 2755 ac
1778 2700 2051 2770 patientia

343 2798 528 2848 nostra
565 2796 911 2859 confoditur.
940 2824 1005 2833 —
1046 2793 1153 2847 Sed
1188 2793 1327 2863 quia
1344 2798 1536 2847 orator
1570 2792 1729 2846 fortis
1760 2792 2048 2861 quomodo

340 2884 720 2937 assertionem
750 2884 930 2954 partis
962 2898 1079 2936 sua:
1104 2888 1306 2936 contra
1330 2881 1726 2935 adversarium
1760 2879 2049 2948 allegavit,

338 2970 699 3037 audivimus;
736 2988 887 3026 nunc
922 2971 1217 3041 quomodo
1250 2972 1306 3025 in
1341 2969 1621 3024 orationis
1653 2986 1766 3022 sua:
1797 2970 2049 3023 termino

333 3061 584 3131 judicem
621 3062 1013 3116 benedicendo
1039 3061 1236 3115 laudet
1269 3061 1600 3115 audiamus.
1631 3060 1935 3130 Sequitur:
1969 3060 2051 3114 Sit

1617 228 1897 289 SANCTI
1942 224 2318 288 GREGORII
2364 222 2607 284 MAGNI

426 372 567 425 Isin.
603 400 671 411 --
723 370 982 425 Dominus
1036 366 1209 433 dedit,
1278 366 1543 422 Dominus
1610 363 1854 429 abstulit,
1912 364 2137 429 sicutA

3754 223 3879 280 5'12

2639 358 2868 413 CAPUT
2908 357 3029 413 XIX
3068 358 3211 430 [Rec.
3243 360 3392 433 XIV].

2236 456 2410 508 VERE.
2462 452 2550 505 22.
2602 481 2673 490 —-
2720 452 2779 505 In
2839 450 3089 506 omnibus
3146 450 3233 504 his
3279 468 3388 505 non
3447 452 3691 519 peccavit
3739 448 3883 506 Job:

2165 542 2241 615 (b)
2274 558 2447 613 neque
2467 542 2696 597 stultum
2722 542 2937 612 aliquid
2964 544 3153 595 contra
3188 541 3357 596 Drum
3386 543 3601 597 locutus
3629 546 3731 596 est.

2234 631 2323 687 33.
2356 631 2454 685 Job
2483 647 2516 685 a
2547 633 2984 685 murmuratione
3019 633 3130 685 oris
3173 636 3221 685 et
3270 631 3429 685 cordi
3467 631 3755 687 abstinuit.
3804 659 3883 672 —-

2164 720 2304 783 Quia
2336 722 2721 777 tentationum
2768 719 3244 775 tribulationibus
3288 720 3659 792 deprehensi,
3688 720 3878 775 etiam

2165 811 2335 866 tacito
2367 812 2783 880 cOgitationum
2837 815 2999 866 motu
3052 828 3367 882 possumus
3415 828 3529 868 non
3579 810 3881 884 loquendo

2164 916 2423 971 peccare,
2460 902 2624 957 beato
2652 902 2758 956 Job
2791 907 2848 956 et
2876 900 2993 956 oris
3023 900 3425 957 testimonium
3450 902 3881 972 perhibetur,et

2162 989 2374 1045 cordis.
2436 990 2606 1045 Prius
2658 990 2813 1046 enim
2866 989 3119 1055 dicitur;
3165 992 3281 1046 Non
3308 993 3589 1062 peccavit;
3621 995 3677 1046 et
3734 995 3880 1046 tunc

2163 1078 2395 1134 demum
2419 1077 2693 1134 subditur
2718 1095 2731 1133 :
2763 1082 2951 1150 Neque
2978 1080 3210 1134 stultum
3237 1080 3453 1151 aliquid
3480 1088 3671 1136 contra
3701 1079 3881 1135 Deum

2165 1169 2376 1224 locutas
2400 1179 2497 1225 est.
2525 1170 2667 1234 Quid
2688 1169 2840 1225 enim
2866 1168 3108 1226 stultum
3131 1170 3366 1226 locutus
3392 1188 3504 1226 non
3523 1170 3882 1241 est,culpam

2162 1275 2195 1313 a
2225 1257 2426 1331 lingua
2446 1259 2839 1330 compescuit;
2870 1261 2968 1315 sed
2993 1276 3125 1315 cum
3162 1262 3556 1331 praemittitur,
3586 1265 3702 1317 Non
3738 1276 3888 1329 pec-

2161 1352 2321 1417 cavit,
2366 1356 2595 1406 constat
2632 1353 2787 1423 quod
2846 1353 3335 1407 murmurationis
3384 1354 3585 1408 vitium
3631 1352 3806 1407 etiam
3846 1368 3887 1407 ε.

2163 1440 2514 1511 cogitatione
2545 1440 2861 1496 restrinxit.
2901 1441 3016 1497 Nec
3048 1442 3305 1513 peccavit
3333 1458 3492 1513 ergo,
3544 1458 3649 1497 nec
3694 1441 3883 1496 stulte

2162 1528 2394 1585 locutus
2423 1536 2532 1596 est,
2560 1532 2695 1601 quia
2714 1547 2818 1585 nec
2852 1548 2952 1602 per
2970 1531 3386 1588 conscientiam
3402 1532 3880 1598 tacitustumuit,

2164 1634 2268 1675 nec
2299 1618 2560 1691 linguam
2594 1620 2654 1674 in
2683 1622 3109 1676 contumaciam
3159 1620 3457 1677 relaxavit.
3496 1621 3681 1675 Stulte
3711 1619 3878 1675 enim

2165 1715 2365 1764 contra
2395 1712 2571 1765 Deum
2604 1708 2885 1780 loquitur,
2921 1709 3018 1781 qui
3072 1710 3225 1765 inter
3254 1710 3462 1766 divinas
3509 1710 3882 1765 animadver-

2164 1798 2348 1855 sionis
2380 1798 2607 1869 ﬂagella
2637 1800 2881 1868 positus,
2909 1800 3233 1869 justiticare
3266 1800 3643 1871 semetipsum
3691 1815 3882 1855 cona-

2158 1894 2273 1945 tur.
2307 1890 2366 1945 Si
2396 1889 2550 1944 enim
2583 1890 2944 1945 innocentem
2978 1906 3041 1945 se
3072 1906 3333 1946 asserere
3365 1890 3618 1961 superbe
3640 1890 3883 1958 audeat,

2160 1980 2300 2051 quid
2334 1978 2491 2035 aliud
2524 1995 2701 2049 quam
2731 1980 3023 2050 justitiam
3057 1980 3318 2036 ferientis
3348 1981 3617 2036 accusat?
3644 1983 3885 2035 Hucus-

2162 2086 2274 2144 que
2319 2086 2424 2126 nos
2456 2072 2630 2125 verba
2673 2070 2929 2127 historiae
2960 2076 3379 2127 transcurrisse
3426 2072 3714 2127 sufﬁciat:
3743 2072 3883 2140 jam

2159 2175 2317 2216 nunc
2367 2159 2437 2215 ad
2489 2159 2825 2231 indaganda
2885 2159 3170 2232 allegoriae
3230 2162 3501 2233 mysteria
3546 2160 3887 2231 expositio-

2158 2250 2250 2306 nis
2275 2266 2338 2306 se
2366 2266 2556 2306 sermo
2588 2256 2905 2306 convertat.
2940 2250 3053 2306 Sed
3085 2252 3144 2306 in
3199 2251 3308 2308 hoc
3361 2252 3514 2324 quod
3571 2254 3879 2322 scriptum

2157 2344 2277 2397 eat.
2519 2427 2747 2484 CAPUT
2788 2428 2878 2483 XX
2918 2429 3051 2500 [νει.
3086 2430 3183 2495 XX,
3220 2432 3341 2485 Rec.
3375 2429 3492 2501 XV].

2226 2517 2401 2574 Vens.
2431 2520 2485 2572 6.
2518 2548 2588 2558 —
2634 2518 2887 2585 Quadam
2932 2520 3019 2575 die
3062 2535 3185 2575 cum
3206 2519 3274 2590 (c)
3305 2522 3573 2575 venissent
3604 2517 3722 2585 filii
3766 2519 3880 2574 Dei

2156 2625 2339 2666 coram
2362 2610 2596 2664 Domino
2615 2623 2636 2670 ;
2664 2606 2845 2676 adfuit
2876 2611 3021 2664 inter
3048 2625 3138 2664 eos
3159 2612 3325 2665 etiam
3358 2611 3531 2665 Satan
3554 2625 3574 2664 :

2228 2700 2315 2754 34.
2362 2701 2496 2755 Deus
2546 2703 2793 2769 tempora
2846 2701 2964 2754 sine
3012 2710 3251 2771 tempore
3300 2700 3563 2769 disponit.
3614 2730 3684 2739 —
3733 2699 3878 2754 Dis-

2158 2790 2494 2846 cutiendutn
2530 2792 2692 2862 prius
2731 2798 2842 2858 est,
2875 2808 2980 2846 cur
3036 2792 3283 2861 quadam
3344 2791 3435 2845 die
3494 2792 3710 2845 factum
3763 2788 3881 2843 ali-

2157 2881 2293 2952 quid
2343 2898 2537 2936 coram
2583 2881 2827 2937 Domino
2885 2880 3119 2947 dicitur,
3164 2897 3295 2935 cum
3345 2881 3494 2952 apud
3541 2880 3703 2934 illum
3768 2895 3887 2934 ne-

2157 2986 2450 3042 quaquam
2496 2988 2703 3027 cursus
2748 2970 3050 3043 temporis,
3110 2970 3431 3026 mutatione
3479 2969 3591 3025 diei
3639 2968 3880 3025 noctis-

2164 3076 2278 3131 que
2310 3060 2582 3115 varietur.
2618 3061 2819 3133 Neque
2858 3061 3013 3116 enim
3063 3060 3122 3114 in
3155 3076 3221 3115 ea
3270 3060 3421 3127 luce,
3453 3077 3578 3131 quas
3610 3060 3730 3114 sine
3781 3075 3893 3115 ac-

333 3168 531 3207 nomen
562 3153 778 3206 Domini
805 3151 1167 3207 benedictum.
1198 3152 1341 3207 Ecce
1392 3168 1558 3206 omne
1611 3152 1765 3222 quod
1827 3154 2048 3205 rectum
2080 3122 2123 3191 c
2169 3166 2337 3207 cessu
2367 3167 2434 3205 ea
2466 3166 2596 3220 quae
2628 3150 2787 3221 eligit
2832 3149 3106 3210 illustrat,
3139 3154 3195 3205 et
3234 3150 3360 3205 sine
3391 3166 3619 3205 recessu
3653 3165 3718 3205 ea
3749 3165 3901 3219 qua

340 3241 545 3307 sensit,
580 3242 811 3298 Domini
845 3241 1248 3297 benedictione
1279 3240 1599 3308 conclusit;
1644 3246 1708 3295 ut
1756 3240 1895 3295 hinc
1942 3240 2047 3295 ad-

335 3331 941 3403 versariusinspiciat,
969 3339 1021 3386 et
1044 3331 1115 3386 ad
1149 3348 1373 3401 poenam
1408 3346 1577 3385 suam
1610 3329 1798 3385 victus
1829 3328 2037 3385 erubes

337 3425 448 3487 cat,
482 3423 617 3493 quia
644 3422 766 3492 ipse
808 3422 1052 3477 Domino
1102 3427 1416 3477 contumax
1474 3425 1656 3477 etiam
1710 3421 1768 3476 in
1804 3420 2058 3476 beatitu-

349 3512 484 3568 dine
516 3514 785 3569 conditus
843 3514 1086 3582 exstitit,
1139 3514 1231 3569 cui
1282 3513 1454 3568 homo
1514 3513 1798 3585 hymnum
1859 3510 2058 3583 gloriae

340 3601 519 3658 etiam
574 3619 890 3673 percussus
957 3601 1116 3657 dicit.
1160 3602 1289 3674 [Vet.
1322 3602 1471 3673 XlX.]
1514 3603 1868 3657 Intuendum
1921 3616 2054 3657 vero

342 3697 452 3757 est,
502 3694 639 3763 quia
668 3691 856 3747 hostis
889 3704 1081 3748 noster
1114 3700 1191 3746 tot
1222 3708 1327 3747 nos
1359 3692 1575 3762 jaculis
1608 3692 1880 3763 percutit,
1915 3695 2056 3761 quot

341 3780 763 3837 tentationibus
785 3780 1011 3853 afﬂigit.
1046 3781 1327 3845 Quodidie
1358 3797 1613 3852 namque
1664 3781 1721 3836 in
1768 3782 1889 3836 acie
1938 3788 2055 3836 sta-

342 3886 501 3937 mus,
534 3871 794 3942 quotidie
824 3871 1214 3927 tentationum
1250 3872 1381 3939 ejus
1413 3870 1528 3925 tela
1557 3870 1901 3941 excipimus.
1935 3871 2047 3927 Sed

351 3965 407 4017 et
438 3977 543 4017 nos
574 3968 781 4017 contra
812 3960 974 4016 illum
1001 3960 1201 4030 jacula
1233 3960 1546 4028 mittimus,
1571 3960 1619 4015 si
1652 3961 1905 4017 confossi
1949 3962 2058 4015 tri-

347 4050 763 4117 bulationibus,
798 4051 1047 4107 humilia
1079 4050 2054 4123 respondemus.Beatusigiturlob

346 4157 660 4213 percussus
686 4142 902 4197 damno
935 4157 1153 4209 rerum,
1197 4156 1504 4211 percussus
1556 4144 1743 4195 morte
1780 4140 2053 4209 filiorum,

348 4232 485 4302 quia
514 4232 629 4287 vim
662 4233 879 4289 doloris
910 4233 1079 4289 vertit
1108 4232 1166 4287 in
1199 4230 1433 4288 laudem
1468 4230 1805 4299 conditoris,
1844 4230 1941 4286 52
1967 4230 2055 4285 di-

348 4336 521 4377 cens:
555 4324 817 4378 Dominus
845 4322 1019 4390 dedit,
1047 4324 1306 4379 Dominus
1346 4322 1780 4389 abstulit;sicut
1828 4320 2055 4377 Domino

344 4410 576 4478 placuit,
611 4412 692 4463 ita
717 4412 929 4478 factum
950 4416 1059 4478 est;
1090 4414 1140 4467 si
1177 4428 1375 4468 nomen
1410 4411 1632 4468 Domini
1668 4411 2055 4476 benedictum;

2170 3240 2392 3311 respuit
2420 3240 2655 3306 deserit,
2687 3240 2944 3295 defectus
2984 3238 3397 3295 mutsbilitatis
3442 3240 3625 3307 venit;
3659 3239 3797 3309 quia
3823 3239 3897 3296 in

2168 3330 2482 3398 semetipsa
2532 3330 2818 3385 manendo
2866 3328 3273 3393 immutabilis,
3319 3327 3619 3383 mutabilia
3665 3334 3896 3383 cuncta

2169 3420 2456 3491 disponit;
2492 3420 2693 3492 sicque
2725 3422 2782 3475 in
2814 3437 2877 3477 se
2909 3421 3276 3475 transeuntia
3307 3420 3590 3487 condidit,
3625 3427 3686 3473 ut
3715 3419 3894 3490 apud

2166 3527 2229 3568 se
2258 3510 2508 3567 transire
2539 3527 2907 3581 nequaquam
2932 3511 3152 3581 possint
3179 3528 3194 3578 ;
3226 3526 3331 3566 nec
3357 3516 3590 3581 tempus
3620 3509 3783 3564 intus
3821 3509 3887 3565 in

2167 3606 2478 3670 conspectu
2494 3601 2623 3669 ejus
2641 3600 2865 3667 deﬂuit,
2901 3602 3054 3671 quod
3080 3601 3235 3671 apud
3260 3617 3364 3657 nos
3380 3601 3564 3656 forsas
3587 3599 3886 3655 decurrit.

2167 3690 2328 3747 Unde
2359 3693 2422 3747 lit
2454 3698 2516 3747 ut
2548 3694 2607 3748 in
2636 3693 2957 3748 aeternitate
2988 3696 3117 3761 ejus
3152 3693 3265 3748 fixa
3314 3700 3583 3748 maneant
3629 3708 3696 3746 ea
3742 3708 3889 3761 quae

2165 3798 2279 3837 non
2316 3783 2427 3837 fixa
2456 3784 2709 3839 exterius
2740 3784 3083 3839 saeculorum
3110 3783 3408 3839 volumina
3437 3782 3890 3838 emanant.Cur

2165 3888 2301 3943 ergo
2325 3874 2477 3943 apud
2512 3888 2645 3928 eum
2670 3873 2902 3940 dicitur,
2934 3873 3188 3943 Quadam
3210 3873 3427 3939 die,cui
3446 3872 3714 3927 nimirum
3741 3871 3883 3927 dies

2166 3979 2285 4018 una
2339 3971 2425 4018 est
2481 3964 2776 4019 aeternitas
2826 3964 2982 4018 sua?
3036 3980 3214 4034 quam
3275 3963 3540 4018 videlicet
3599 3978 3706 4017 nec
3756 3961 3889 4018 ﬁne

2167 4052 2381 4119 claudi,
2416 4068 2520 4109 nec
2552 4053 2718 4109 initio
2747 4052 2891 4108 vidit
2921 4054 3128 4125 aperiri
3165 4053 3498 4121 Psalmista,
3529 4068 3667 4108 cum
3695 4052 3847 4107 dicit.
3868 4068 3889 4109 τ

2164 4141 2355 4197 Melior
2381 4151 2459 4198 est
2486 4144 2607 4197 dies
2637 4158 2749 4198 una
2780 4145 2841 4198 in
2891 4143 3052 4199 atriis
3095 4142 3207 4199 tuis
3255 4160 3423 4217 super
3464 4143 3648 4199 millia
3706 4142 3891 4213 (Psal.

2167 4248 2398 4300 Lxxxm,
2428 4232 2533 4301 11).

2237 4322 2325 4376 35.
2356 4322 2603 4378 Assuetos
2646 4324 3040 4395 temporalibus
3069 4324 3278 4380 sensim
3327 4322 3397 4379 ad
3443 4328 3652 4382 eterna
3689 4322 3888 4381 dedu-

2166 4416 2258 4469 cit.
2290 4440 2361 4454 —
2388 4412 2497 4467 Sed
2531 4428 2653 4468 cum
2678 4413 2977 4484 Scriptura
2998 4430 3164 4470 sacra
3185 4415 3269 4486 (d)
3290 4414 3685 4486 temporaliter
3699 4413 3889 4472 editis

347 4499 661 4567 superbum
696 4499 920 4557 hostem
954 4502 1285 4558 humilitate
1318 4502 1579 4574 perculit,
1625 4503 1922 4559 crudelem
1955 4519 2054 4573 pa-
2084 4502 2130 4567 D
2162 4505 2449 4577 loquitur,
2481 4506 2726 4577 dignum
2758 4515 2843 4562 est
2876 4512 2941 4562 ut
2969 4506 3156 4562 verbis
3202 4506 3618 4578 temporalibus
3650 4512 3885 4577 utatur,

344 4586 550 4643 tientia
581 4588 802 4645 stravit.
834 4588 949 4645 Nec
996 4591 1318 4660 credamus,
1358 4593 1511 4663 quod
1568 4590 1811 4647 bellator
1859 4595 2053 4648 noster

345 4678 567 4747 accepit
596 4677 928 4745 vulnera,et
958 4696 1071 4735 non
1108 4678 1337 4735 inﬂixit.
1384 4684 1531 4745 Quot
1553 4682 1708 4737 enim
1738 4698 1907 4737 voces
1947 4698 2051 4753 pa-

347 4766 561 4823 tientia
593 4767 652 4824 in
683 4768 785 4823 Dei
818 4766 1044 4823 laudem
1078 4784 1385 4839 percussus
1405 4769 1859 4841 reddidit,quasi
1887 4774 1968 4826 tot
1988 4772 2049 4825 in

345 4855 658 4913 adversarii
710 4859 937 4927 pectore
975 4856 1171 4926 jacula
1221 4856 1475 4922 intorsit,
1514 4864 1567 4913 et.
1618 4857 1839 4913 acriora
1886 4858 2051 4914 valde

346 4964 522 5019 quam
557 4946 841 5003 sustinuit
871 4946 946 5019 (α)
980 4946 1189 5002 inﬁxit.
1211 4946 1638 5002 Al'llictusenim
1672 4952 1903 5002 terrena
1925 4963 2051 5018 per-

346 5038 509 5111 didit,
542 5040 645 5096 sed
675 5038 1049 5095 afﬂictionem
1098 5037 1400 5095 humiliter
1448 5036 1747 5095 sustinens
1797 5037 2053 5096 caelestia

347 5128 768 5201 multiplicavit.
802 5129 1114 5202 Sequitur:

424 5363 1001 5439 (a)SieMss.Regii,
1042 5368 1234 5435 Corb.,
1266 5369 1483 5439 Germ.,
1534 5368 1805 5436 Cnlbert.,
1855 5385 2051 5426 emen-

353 5436 723 5510 datns_Utic.,
754 5436 963 5510 aliique
997 5441 1187 5495 Norm.
1223 5442 1372 5496 Editi
1402 5436 1555 5509 vero,
1587 5443 1818 5510 iri/limit.

421 5506 497 5578 (ὁ)
522 5506 718 5585 ln_ltld.
750 5506 943 5585 Gilot_.,
975 5511 1180 5585 Vatic"
1224 5506 1775 5583 Gussanv.,—quibus
1830 5514 2054 5585 prasivit

346 5580 505 5658 Co_c._,
530 5578 767 5658 additur
797 5580 972 5658 labiis
990 5581 1126 5658 suis,
1158 5585 1216 5658 i_n
1248 5587 1385 5641 Mss.
1416 5578 1802 5658 incognitum.

418 5652 488 5723 (c)
521 5649 819 5728 t_Yin_do_c.
849 5655 906 5707 et
935 5653 1126 5728 Corb.,
1159 5649 1653 5728 Germ.,,quad‘am
1691 5658 1779 5715 die
1805 5674 1931 5714 cum
1968 5674 2052 5715 es-

348 5722 465 5784 sent
512 5722 623 5798 ﬁlii
670 5723 767 5781 Dei
809 5738 1000 5781 coram
1038 5723 1289 5784 Domino.
1330 5722 1510 5799 Alter,
1560 5730 1726 5800 quad.
1781 5730 1870 5787 die
1929 5745 2051 5786 cum

2164 4602 2449 4669 quatenus
2489 4598 3007 4654 condescendendo
3039 4596 3223 4664 levet;
3257 4603 3310 4653 et
3350 4599 3491 4653 dum
3541 4599 3613 4653 de
3640 4600 3885 4654 aeterni-

2159 4692 2275 4744 tate
2307 4687 2527 4758 aliquid
2579 4687 2976 4759 temporaliter
3015 4696 3232 4755 narrat,
3279 4692 3547 4744 assuetos
3576 4692 3882 4759 tempora-

2160 4777 2314 4833 libus
2345 4777 2563 4834 sensim
2596 4779 2667 4833 ad
2702 4783 2914 4834 aeterna
2942 4778 3196 4848 trajiciat
3222 4793 3235 4845 ;
3267 4794 3442 4850 seque
3473 4779 3620 4835 bene
3649 4778 3881 4835 nostris

2161 4867 2458 4923 mentibus
2490 4867 2784 4923 aeternitas
2817 4867 3136 4939 incognita,
3192 4870 3331 4923 dum
3376 4867 3567 4925 verbis
3621 4866 3885 4939 cognitis

2162 4952 2482 5023 blanditur,
2512 4956 2800 5012 infundat.
2841 4956 2985 5019 Ouid
3036 4961 3232 5012 autem
3264 4957 3502 5024 mirum,
3536 4956 3579 5012 si
3615 4956 3671 5011 in
3694 4964 3885 5012 sacro

2163 5044 2387 5117 eloquio
2420 5046 3065 5103 incommutabilitatem
3114 5062 3282 5102 suam
3321 5051 3466 5101 Deus
3508 5063 3885 5118 prmpropere

2161 5133 2434 5192 humanas
2467 5136 2649 5193 menti
2683 5152 2798 5192 non
2831 5134 3048 5206 aperit;
3084 5137 3316 5207 quando
3346 5142 3398 5191 et
3430 5136 3887 5192 resurrectionis

2163 5368 2501 5426 assisterent.
2549 5370 2779 5437 Rhem.,
2833 5369 3079 5442 Remig.,
3147 5370 3448 5440 German.,
3507 5385 3636 5427 cum
3691 5370 3887 5426 venis-

2167 5446 2311 5584 seflttt.)
2335 5514 2566 5577 Excusi,
2600 5514 2666 5568 de
2697 5514 2986 5585 temperat.
3010 5514 3374 5570 Emendandi
3408 5531 3477 5569 ex
3501 5515 3636 5571 Mss.
3661 5528 3719 5577 et
3740 5539 3881 5579 san-

2166 5585 2240 5641 cli
2273 5586 2531 5657 Gregorii
2562 5602 2775 5657 secpo;
2811 5602 2999 5642 sermo
3023 5589 3235 5661 quippe
3261 5598 3343 5641 est
3373 5591 3443 5641 de
3474 5594 3736 5661 aeternis,
3770 5600 3877 5653 sed

2165 5673 2296 5786 quas
2327 5675 2446 5783 non1
2456 5663 2865 5740 assequentur
2904 5658 3321 5743 temporalibus
3353 5659 3590 5730 assueti,
3623 5658 3736 5725 nisi
3768 5685 3878 5740 ρει-

2192 5745 2428 5803 empora
2454 5747 2525 5787 ia.
