4086 6166
250 258 371 317 5‘73

1168 256 1567 320 MODALIUM
1612 257 1763 317 LIB.
1812 254 1890 315 Il.
1938 286 2013 296 ——
2059 254 2137 312 IN
2187 255 2441 318 CAPUT
2488 258 2509 319 Ι
2554 260 2620 319 Β.
2666 262 2827 322 JOB.

3656 259 3775 319 574

248 410 368 449 suae
401 393 771 449 so’emnitate
802 392 1107 461 celebrata,
1136 394 1485 465 quibusdam
1521 393 1956 466 provectionum
1986 392 2043 461 Α
2074 394 2309 465 exsequi
2370 398 2797 467 reprobationis
2866 403 3127 455 conatur.
3188 400 3333 471 [Rea
3393 399 3549 469 κη]
3608 397 3773 452 Unde

249 485 593 541 accessibus
624 483 900 549 innotuit,
953 484 1447 555 incorruptionem
1486 485 1765 555 corporis,
1799 483 1956 554 quod

244 574 619 645 resumpsit?
652 574 800 628 Luca
833 574 1047 645 quippe
1077 579 1385 629 attestante
1416 576 1569 639 (Luc.
1598 592 1746 641 xxrv,
1780 574 1836 644 4)
1869 573 1956 626 di-

245 665 504 719 dicimus
537 664 691 736 quod
725 664 1077 735 quibusdam
1101 681 1163 719 se
1195 666 1248 718 in
1286 670 1668 719 monumento
1700 681 1957 735 quaeren-

244 754 401 809 libus
433 758 597 826 prius
627 756 863 825 angelos
890 754 1078 821 misit;
1102 764 1149 808 et
1178 771 1408 809 rursum
1435 756 1535 810 53
1559 756 1864 826 discipulis
1888 755 1957 808 de

242 861 307 900 se
337 844 395 899 in
428 845 523 899 via
560 843 932 915 loquentibus
964 843 1088 915 ipse
1123 844 1383 914 quidem,
1414 845 1515 899 sed
1552 861 1665 899 non
1715 860 1959 915 cognos-

243 935 469 989 cendus
510 934 786 1006 apparuit
832 934 1025 1005 (tbid.,
1074 934 1182 1003 15),
1218 934 1316 1005 qui
1364 938 1495 1005 post
1538 932 1954 989 exhortationis

244 1040 462 1091 moras,
517 1023 979 1093 cognoscendum
1031 1039 1092 1078 se
1159 1023 1214 1076 in
1266 1024 1434 1094 panis
1468 1022 1747 1079 fractione
1789 1039 1953 1078 mon-

242 1115 482 1180 stravit;
536 1114 606 1168 ad
640 1119 961 1169 extremum
997 1130 1128 1169 vero
1162 1120 1393 1184 repente
1439 1114 1793 1185 ingrediens,
1839 1131 1952 1168 non

240 1205 438 1260 solum
474 1219 536 1258 se
585 1203 1062 1275 cognoscibilem,
1096 1203 1195 1258 sed
1239 1205 1415 1258 etiam
1444 1204 1789 1274 palpabilem
1820 1220 1955 1271 prm-

240 1296 390 1351 buit.
427 1294 575 1358 Quia
596 1294 749 1348 enim
783 1294 1018 1349 infirma
1037 1296 1224 1349 adhuc
1247 1295 1553 1365 gestabant
1586 1295 1758 1348 corda
1782 1293 1953 1348 disci-

240 1385 467 1456 puli,in
506 1384 835 1453 cognitione
877 1383 1028 1438 tanti
1069 1383 1326 1454 mysterii
1345 1383 1423 1453 (a)
1448 1385 1557 1438 ista
1578 1384 1799 1437 fuerant
1830 1383 1953 1437 dis-

236 1474 589 1547 pensatione
621 1473 935 1538 nutriendi,
962 1477 1021 1527 ut
1047 1473 1342 1543 paulisper
1371 1473 1591 1543 aliquid
1626 1478 1952 1544 quaerentes

238 1564 610 1624 invenirent;
670 1563 1035 1618 invenientes
1104 1568 1449 1631 crescerent,
1492 1567 1548 1618 et
1622 1567 1951 1618 crescentes

238 1653 487 1725 cognita
507 1653 807 1708 robustius
832 1657 1116 1708 tenerent.
1151 1652 1297 1716 Quia
1335 1651 1516 1724 igitur
1548 1670 1661 1707 non
1695 1657 1952 1720 repente,

2067 483 2213 537 bene
2246 485 2301 538 in
2336 484 2502 539 libris
2536 489 2799 557 Regnum
2834 506 2938 560 per
2971 489 3315 561 prophetam
3350 488 3566 542 dicitur
3598 505 3611 541 :
3652 485 3769 540 Vidi

2066 572 2359 627 Dominum
2404 576 2677 631 sedentem
2706 594 2869 647 super
2913 580 3115 633 solium
3163 595 3350 644 suum,
3384 580 3432 631 et
3472 575 3775 630 exercitum

2064 662 2187 715 creti
2215 681 2249 715 α
2280 664 2491 719 dextris
2521 672 2571 720 et
2615 670 2858 723 sinistris
2896 670 3031 738 ejus,
3062 676 3113 725 et
3160 669 3369 722 dictum
3411 670 3489 720 est
3520 682 3537 719 :
3567 666 3631 717 In
3672 678 3775 733 quo

2063 751 2332 823 decipiam
2366 755 2437 827 (ο)
2469 756 2670 821 Achab,
2699 767 2755 811 ut
2782 758 3031 812 ascendat
3055 767 3102 812 et
3133 758 3291 811 cadat
3321 756 3376 810 in
3413 754 3637 810 Ilamoth
3670 752 3768 807 Ga-

2066 841 2217 897 laath
2239 846 2259 880 ⁹
2284 844 2347 898 Ει
2395 848 2549 899 dixit
2576 847 2724 901 alius
2758 852 2863 911 ita,
2897 854 2949 903 et
3001 848 3145 901 alius
3179 847 3366 901 alitir.
3424 847 3482 899 Et
3540 857 3785 911 egressus

2062 936 2140 986 est
2170 948 2332 1000 unus,
2364 940 2415 987 et
2435 932 2581 988 dixit
2604 954 2622 989 :
2651 940 2758 1007 Ego
2789 936 3059 1008 decipiam
3092 936 3291 991 Achab.
3325 936 3391 989 Et
3413 934 3624 987 dictum
3655 939 3777 985 est:

2060 1030 2127 1081 In
2176 1038 2277 1094 quo
2312 1024 2598 1093 decipies?
2646 1026 2752 1093 Qui
2782 1027 3081 1098 respondit,
3140 1027 3322 1081 dicens
3355 1040 3373 1079 :
3406 1020 3688 1093 Egredior,
3731 1023 3783 1075 et

2060 1134 2150 1173 ero
2179 1117 2417 1186 Spiritus
2446 1116 2684 1172 mendax
2712 1120 2769 1171 in
2811 1133 2900 1173 ore
2929 1117 3177 1173 omnium
3206 1115 3601 1186 pra/ihetarum
3656 1110 3776 1180 ejus

2064 1208 2170 1277 (ΙΙΙ
2224 1208 2348 1275 Reg.
2386 1224 2521 1274 xxn,
2571 1209 2631 1261 19
2681 1209 2838 1278 seq.).
2893 1206 3043 1270 Quid
3074 1208 3230 1261 enim
3267 1204 3471 1259 solium
3514 1198 3768 1265 Domini,

2063 1297 2173 1350 nisi
2190 1296 2480 1367 angelicas
2503 1305 2819 1369 potestates
2837 1298 3181 1365 accipimus,
3200 1309 3453 1366 quarum
3484 1290 3781 1345 mentibus

2064 1386 2237 1441 altius
2274 1388 2609 1456 praesidens,
2644 1389 2888 1443 inferius
2920 1393 3139 1443 cuncta
3182 1384 3443 1455 disponit
3474 1382 3501 1435 ?
3535 1381 3594 1433 Et
3634 1375 3775 1448 quid

2062 1477 2349 1532 exercitus
2380 1478 2531 1542 cceli,
2556 1480 2661 1532 nisi
2698 1477 3166 1533 ministrantium
3201 1474 3539 1543 angelorum
3576 1466 3780 1522 multi-

2062 1566 2200 1622 tudo
2228 1568 2576 1623 describitur
2604 1569 2631 1622 ‘I
2660 1570 2807 1633 Quid
2843 1573 2927 1624 est
2950 1584 3109 1638 ergo.
3139 1567 3291 1638 quod
3328 1562 3615 1618 exercitus
3646 1556 3782 1612 σεειί

2062 1674 2095 1711 a
2152 1658 2371 1712 dextris
2429 1662 2487 1713 et
2516 1660 2774 1713 sinistris
2833 1658 2961 1727 ejus
2991 1664 3145 1712 stare
3198 1654 3535 1727 perhibetur
3566 1647 3593 1701 ‘l
3624 1646 3776 1701 Deus

237 1748 347 1797 sed
385 1758 688 1797 causarum
724 1742 1152 1809 verborumque
1191 1740 1592 1807 incrementis,
1626 1742 1788 1811 quasi
1823 1742 1955 1810 qui-
1986 1730 2033 1795 Β
2062 1745 2242 1811 enim,
2277 1745 2384 1801 54
2419 1747 2512 1816 qui
2546 1749 2628 1802 ita
2650 1759 2732 1802 est
2764 1747 2917 1802 intra
2948 1746 3166 1814 omnia,
3203 1749 3265 1798 ut
3295 1742 3468 1796 etiam
3505 1740 3583 1794 sit
3612 1744 3779 1793 extra

239 1831 498 1886 busdam
523 1832 592 1885 ad
617 1831 999 1886 aeternitatem
1017 1830 1290 1901 passibus
1314 1829 1602 1901 ducimur,
1625 1831 1781 1884 intus
1799 1830 1952 1898 apud

236 1938 375 1978 eum
428 1921 686 1992 quadam
746 1919 839 1974 die
886 1919 1106 1990 aliquid
1143 1919 1359 1974 factum
1408 1920 1644 1985 dicitur,
1697 1920 1797 1990 qui
1830 1920 1956 1989 ipsa

241 2026 483 2084 quoque
513 2015 779 2081 tempora
811 2009 937 2065 sine
970 2018 1226 2080 tempore
1249 2013 1578 2065 contuetur.

310 2101 455 2172 [νει.
491 2099 641 2169 ΧΧΙ.]
676 2100 761 2155 36.
796 2102 857 2153 1n
910 2100 1027 2155 luce
1076 2100 1337 2154 tenebras
1382 2098 1548 2154 videt.
1575 2130 1640 2139 —
1674 2102 1759 2152 An
1816 2099 1956 2170 quia

244 2192 426 2246 etiam
461 2190 639 2245 Satan
671 2188 879 2255 adfuit,
903 2190 1044 2244 dum
1078 2189 1328 2259 quadam
1362 2188 1453 2243 die
1476 2188 1583 2243 hoc
1615 2189 1831 2243 factum
1867 2189 1956 2242 di—

243 2281 423 2346 citur,
468 2279 724 2333 indicare
764 2294 929 2333 sacra
976 2278 1276 2349 Scriptura
1306 2278 1530 2332 studuit
1561 2278 1699 2349 quia
1730 2278 1784 2333 in
1830 2276 1954 2333 luce

242 2368 409 2423 Deus
438 2369 707 2424 tenebras
737 2369 924 2422 vidit?
952 2366 1064 2423 Nos
1089 2367 1304 2438 quippe
1335 2384 1447 2421 uno
1478 2366 1795 2438 eodemque
1826 2384 1955 2422 con-

240 2459 408 2512 tuitu
442 2459 627 2513 lucem
659 2462 715 2511 et
746 2456 1012 2512 tenebras
1043 2456 1254 2510 intueri
1288 2472 1401 2510 non
1434 2472 1786 2527 possumus:
1823 2455 1954 2525 quia

241 2564 385 2604 cum
420 2548 477 2601 in
503 2547 769 2602 tenebras
803 2546 1008 2601 oculus
1039 2546 1257 2616 figitur,
1292 2545 1390 2600 lux
1423 2547 1696 2615 fugatur;
1732 2550 1788 2599 et
1820 2561 1955 2599 cum

239 2642 314 2693 ad
354 2638 507 2692 lucis
537 2653 597 2691 se
636 2639 1102 2692 coruscationem
1134 2636 1392 2701 verterit,
1422 2636 1791 2689 tenebrarum
1836 2650 1957 2689 um-

238 2730 355 2784 bra
412 2728 671 2783 discedit.
710 2727 812 2783 illa
863 2737 1058 2783 autem
1106 2726 1214 2789 vis,
1249 2742 1375 2797 quae
1422 2729 1630 2779 cuncta
1659 2725 1960 2780 mutabilia

238 2820 701 2875 immutabiliter
717 2819 897 2883 videt,
922 2819 1087 2889 quasi
1112 2818 1171 2872 in
1194 2816 1285 2870 die
1307 2817 1359 2871 ei
1398 2816 1574 2871 Satan
1599 2816 1799 2883 adfuit,
1825 2816 1959 2884 quia

244 2914 528 2982 apostatze
551 2909 739 2981 angeli
762 2909 1028 2964 tenebras
1053 2907 1180 2962 sine
1201 2905 1553 2961 obscuritate
1585 2906 1960 2976 comprehen-

246 3001 357 3056 dit.
390 2998 529 3065 Nos,
564 3005 630 3054 ut
671 2997 889 3053 dictum
926 3002 1036 3064 est,
1090 3012 1203 3051 uno
1234 2996 1556 3066 eodemque
1587 2995 1797 3049 intuitu
1831 3011 1961 3051 con-

2064 1838 2283 1904 omnia,
2348 1853 2451 1893 nec
2510 1841 2731 1905 dextra,
2784 1854 2889 1893 nec
2950 1836 3181 1892 sinistra
3240 1830 3634 1889 concluditur.
3662 1828 3773 1884 Sed

2068 1926 2270 1982 dextra
2298 1926 2422 1994 Dei,
2476 1927 2810 1991 angelorum
2870 1944 3000 1998 pars
3058 1924 3276 1983 electa;
3312 1920 3552 1977 sinistra
3583 1923 3772 1973 autem

2070 2014 2191 2084 Dei,
2228 2036 2361 2088 pars
2394 2018 2735 2090 angelorum
2770 2018 3016 2087 reproba
3064 2015 3418 2085 designatur.
3451 2008 3576 2064 Non
3618 2008 3772 2063 enim

2067 2111 2401 2164 ministrant
2431 2115 2545 2164 Deo
2578 2108 2942 2163 solummodo
2978 2106 3135 2169 boni,
3168 2104 3261 2173 qui
3310 2103 3589 2171 adjuvant
3622 2116 3635 2166 ;
3668 2096 3773 2153 sed

2066 2199 2239 2253 etiarn
2273 2200 2429 2265 mali,
2462 2200 2541 2268 ((1)
2573 2198 2671 2268 qui
2707 2198 2953 2269 probent
2984 2216 2997 2263 ;
3031 2211 3143 2249 non
3177 2192 3368 2247 solum
3401 2190 3501 2259 qui
3536 2206 3568 2242 a
3598 2187 3773 2257 culpa

2068 2290 2374 2344 redeuntes
2406 2287 2734 2356 sublevent,
2760 2286 2862 2340 sed
2910 2285 3082 2339 etiam
3117 2282 3212 2352 qui
3249 2281 3436 2335 redire
3507 2278 3771 2331 nolentes

2066 2388 2321 2449 gravent.
2356 2376 2471 2432 Nec
2510 2378 2662 2447 quod
2696 2376 2820 2431 οωΙί
2848 2381 3128 2430 exercitus
3159 2370 3393 2435 dicitur,
3427 2365 3766 2436 angelorum

2066 2485 2203 2540 pars
2240 2469 2485 2537 reproba
2516 2467 2571 2520 in
2608 2484 2673 2522 eo
2727 2464 2970 2535 intelligi
3004 2477 3169 2534 posse
3223 2458 3583 2530 prohibetur.
3617 2456 3774 2519 Quas

2066 2559 2221 2615 enim
2272 2559 2551 2629 suspendi
2595 2557 2653 2611 in
2685 2571 2814 2611 aere
2861 2553 3148 2619 novimus,
3183 2566 3315 2605 aves
3347 2548 3473 2603 σαιιί
3508 2560 3775 2601 nomina-

2070 2666 2221 2705 mus.
2254 2649 2323 2703 Et
2361 2650 2432 2703 de
2461 2648 2682 2702 eisdem
2730 2645 3036 2715 spiritibus
3070 2641 3284 2696 Paulus
3338 2637 3480 2692 dicit
3516 2651 3528 2690 :
3570 2635 3781 2689 Contra

2066 2742 2348 2811 spiritalia
2379 2740 2650 2809 nequitiae
2682 2739 2739 2790 in
2769 2733 3080 2789 caelestibus
3110 2730 3333 2799 (Ephes.
3366 2742 3444 2793 v1,
3480 2726 3586 2794 12).
3622 2724 3775 2788 Quo-

2070 2848 2196 2886 rum
2229 2838 2395 2901 caput
2438 2830 2774 2893 enuntians,
2807 2825 2919 2879 ait:
2981 2822 3286 2878 Secundum
3342 2818 3651 2890 principem
3683 2829 3775 2885 po-

2069 2922 2280 2976 testatis
2309 2923 2453 2974 aeris
2482 2920 2597 2989 ejus
2641 2916 2879 2988 (Ephes.
2909 2932 2971 2980 ιι,
3001 2916 3079 2986 2).
3114 2913 3159 2966 Α
3188 2913 3388 2966 dextra
3421 2922 3552 2976 ergo
3584 2903 3685 2958 Dei
3720 2906 3779 2957 et

2072 3010 2315 3066 sinistra
2345 3010 2685 3079 angelorum
2723 3007 3009 3062 exercitus
3040 3009 3147 3058 stat
3187 3018 3200 3056 :
3236 2999 3371 3070 quia
3416 3001 3474 3051 et
3510 2994 3780 3049 voluntas

242 3089 519 3159 templari
544 3105 659 3143 non
691 3104 1023 3159 possumus,
1043 3091 1241 3156 etquae
1261 3084 1640 3156 approbando
1662 3084 1956 3155 eligimus,
1992 3086 2035 3153 C
2074 3118 2103 3157 θ

2142 3106 2388 3157 actorum
2420 3099 2735 3169 spirituum
2758 3096 2965 3151 divina:
2998 3092 3191 3163 pietati
3214 3086 3562 3153 concordat;
3594 3088 3650 3138 et
3692 3096 3782 3136 re-

247 3185 308 3235 et
329 3196 458 3251 quis
478 3177 841 3251 reprobando
862 3181 1239 3232 damnamus:
1264 3174 1402 3247 quia
1422 3191 1549 3231 cum
1571 3176 1638 3230 ad
1658 3175 1808 3230 hanc
1833 3175 1960 3231 ani-

248 3286 388 3325 mus
414 3271 673 3334 vertitur,
700 3271 771 3324 ab
794 3268 897 3324 illa
917 3268 1267 3338 cogitatione
1299 3271 1637 3338 separatur;
1663 3283 1796 3322 cum
1828 3282 1961 3322 vero

253 3360 327 3415 ad
363 3358 526 3414 illam
586 3358 904 3426 reducitur,
938 3357 1009 3411 ab
1041 3356 1151 3411 hac
1199 3357 1292 3411 cui
1333 3355 1565 3410 inhaesit
1611 3363 1961 3412 removetur.

329 3450 425 3506 3’7.
476 3451 699 3505 Diversa
765 3448 1029 3505 ordinans
1077 3462 1187 3501 non
1238 3453 1321 3501 est
1360 3445 1625 3502 diversus.
1684 3476 1752 3487 —-
1809 3446 1962 3501 Deus

250 3557 423 3605 vero,
469 3543 599 3613 quia
628 3542 757 3597 sine
804 3538 1189 3596 mutabilitate
1243 3536 1417 3593 simul
1451 3540 1659 3592 cuncta
1709 3537 1961 3605 respicit,

254 3634 390 3687 sine
418 3632 770 3689 distentione
792 3628 1255 3701 comprehendit,
1288 3626 1556 3682 videlicet
1578 3631 1633 3681 et
1655 3628 1807 3681 bona
1834 3643 1960 3698 quae

246 3723 443 3794 juvat,
466 3730 517 3778 et
541 3721 695 3777 mala
723 3738 850 3789 quas
875 3720 1123 3790 judicat,
1146 3724 1203 3773 et
1233 3735 1357 3789 quae
1382 3717 1583 3786 adjuta
1606 3720 1961 3784 remunerat,

252 3818 314 3868 et
336 3811 747 3883 quasjudicans
771 3812 1033 3879 damnat,
1052 3808 1110 3863 in
1144 3807 1234 3863 bis
1257 3809 1334 3879 (ὁ)
1360 3823 1487 3878 qua:
1508 3805 1735 3861 diverso
1759 3806 1962 3877 dispo-

254 3902 345 3957 nit
377 3903 597 3968 ordine,
636 3902 871 3957 diversu
904 3915 1015 3955 non
1049 3901 1154 3954 est.
1180 3899 1242 3954 In
1275 3897 1367 3952 die
1398 3913 1533 3967 ergo
1564 3895 1615 3950 ei
1647 3896 1823 3951 Satan
1858 3897 1957 3951 ad-

250 3991 437 4048 fuisse
468 3991 840 4059 describitur,
872 3990 1006 4062 quia
1048 3988 1241 4044 lumen
1275 3986 1613 4043 ieternitatis
1644 3988 1772 4058 ejus
1805 3986 1964 4042 nulla

252 4082 669 4138 mutabilitatis
700 4084 1020 4138 fuscatione
1051 4080 1354 4151 tangitur;
1381 4083 1437 4133 et
1466 4078 1525 4133 in
1560 4078 1687 4146 hoc,
1723 4078 1878 4151 quod
1911 4077 1960 4133 ei

247 4173 509 4229 tenebras
538 4179 851 4243 praesentes
884 4171 1051 4240 ﬁunt,
1085 4170 1345 4226 adfuisse
1377 4168 1528 4223 inter
1559 4168 1708 4223 filios
1740 4167 1844 4223 Dei
1875 4166 1962 4221 di-

242 4265 448 4318 citur:
483 4264 583 4334 qui
614 4279 679 4318 ea
729 4261 780 4316 vi
806 4262 1052 4332 justitiae
1110 4261 1453 4315 immundus
1486 4259 1728 4329 spiritus
1777 4274 1951 4329 pene-

248 4359 471 4421 tratur,
531 4371 647 4425 qua
714 4351 986 4409 videlicet
1060 4352 1409 4407 mundorum
1441 4348 1758 4420 spirituum
1791 4349 1967 4403 corda

2076 3193 2386 3261 proborum
2421 3205 2631 3246 sensus
2688 3204 2806 3243 suae
2840 3183 3072 3240 malitiae
3126 3181 3407 3244 serviens,
3433 3172 3650 3246 judicio
3700 3171 3779 3225 di-

2073 3280 2391 3337 strictionis
2404 3280 2451 3350 ej
2464 3296 2531 3334 us
2545 3280 2924 3345 obtemperat.
2941 3272 3104 3329 Unde
3117 3276 3174 3327 et
3195 3286 3324 3325 mox
3342 3265 3516 3322 fallax
3536 3262 3782 3334 spiritus

2074 3374 2132 3428 in
2166 3372 2424 3427 medium
2459 3369 2784 3441 prosiliisse
2824 3364 3200 3428 describitur,
3234 3377 3336 3433 per
3375 3372 3546 3428 quem
3580 3351 3778 3409 Achab

2073 3478 2193 3531 rex,
2220 3460 2585 3534 exigentibus
2608 3460 2729 3515 suis
2758 3456 3000 3519 meritis,
3026 3451 3363 3521 decipiatur.
3390 3447 3590 3517 Neque
3622 3442 3779 3498 enim

2072 3554 2162 3607 fas
2184 3558 2274 3607 est
2303 3552 2537 3606 credere
2555 3550 2771 3605 bonum
2797 3546 3071 3617 spiritum
3096 3540 3338 3596 fallacias
3370 3534 3658 3593 deservire
3680 3546 3777 3586 vo-

2073 3640 2275 3708 luisse,
2312 3646 2372 3696 ut
2401 3642 2649 3695 diceret:
2684 3637 2981 3708 Egredior.
3005 3644 3055 3690 et
3086 3649 3177 3690 ero
3197 3628 3427 3701 spiritus
3450 3623 3691 3680 mendax
3718 3620 3781 3675 in

2070 3746 2165 3788 ore
2194 3731 2445 3788 omnium
2492 3730 2886 3799 praphetarum
2916 3725 3050 3791 eius.
3102 3721 3214 3778 Sed
3245 3720 3385 3792 quia
3431 3714 3631 3771 Achab
3684 3725 3783 3766 rex

2074 3820 2325 3895 peccatis
2377 3818 2835 3891 praecedentibus
2866 3816 3075 3882 dignus
3104 3817 3245 3876 erat,
3267 3819 3327 3863 ut
3351 3805 3451 3863 tali
3482 3804 3786 3895 debuisset

2072 3890 2409 3982 deceptione
2439 3906 2735 3963 damnari:
2770 3910 3059 3976 quatenus
3093 3901 3192 3972 qui
3214 3914 3366 3968 saepe
3393 3895 3591 3951 volens
3622 3890 3779 3982 oeci:-

2074 3977 2235 4058 derat
2291 4000 2351 4056 in
2404 3997 2657 4069 culpam,
2706 3995 3055 4067 quandoque
3112 3988 3315 4045 nolens
3346 3977 3773 4069 capereturgad

2073 4106 2327 4163 pinnam,
2360 4066 2586 4146 occulta
2627 4066 2858 4157 justitia
2888 4080 3124 4139 licentia
3166 4074 3439 4148 malignis
3470 4066 3775 4163 spiritibus

2074 4158 2265 4249 datur,
2299 4158 2365 4237 ut
2391 4196 2535 4251 quos
2558 4176 2810 4233 volentes
2834 4174 2891 4229 in
2916 4170 3134 4245 peccati
3157 4168 3363 4239 laqueo
3377 4158 3773 4251 strangulant,

2076 4273 2133 4327 in
2176 4245 2687 4342 peccati-prauam
2746 4265 2921 4321 etiam
2981 4262 3246 4317 nolentes
3306 4254 3559 4311 trahant.
3609 4245 3773 4342 Quod

2074 4335 2209 4432 ergo
2242 4360 2358 4414 illic
2383 4376 2416 4414 a
2446 4335 2662 4413 dextris
2684 4361 2857 4426 atque
2886 4350 3142 4408 sinistris
3175 4346 3295 4414 Dei,
3327 4341 3614 4400 exercitus
3645 4335 3777 4432 οωΙί

247 4444 621 4533 complentur
651 4463 667 4512 ;
698 4458 883 4515 eoque
932 4442 1091 4499 radio
1150 4439 1548 4509 luminististe,
1581 4438 1964 4509 transfigitur,
1996 4468 2041 4533 D
2075 4469 2105 4507 ε

2142 4427 2325 4505 titisse
2355 4448 2722 4513 describitur,
2756 4444 2865 4499 hoc
2887 4442 2981 4497 hic
3010 4440 3161 4496 inter
3183 4437 3331 4492 filios
3362 4433 3459 4489 Dei
3482 4433 3653 4487 Satan
3688 4427 3780 4533 aid-

252 4549 385 4605 quo
408 4532 486 4587 illi
516 4539 577 4589 ut
608 4533 839 4589 luceant
871 4533 1322 4604 perfunduntur.

328 4622 419 4677 38.
452 4623 556 4679 Deo
599 4624 847 4679 serviunt
897 4621 1095 4693 angeli
1152 4619 1280 4675 boni
1326 4618 1685 4689 adjutorium,
1714 4618 1850 4671 mali
1896 4615 1966 4672 ad

257 4712 666 4784 probationem.
697 4744 764 4754 -—
796 4711 950 4768 Inter
984 4710 1133 4766 filios
1189 4709 1287 4765 Dei
1321 4708 1527 4777 adfuit,
1559 4708 1694 4777 quia
1741 4707 1851 4761 etsi
1881 4705 1964 4759 illi

256 4802 382 4859 Deo
436 4804 505 4858 ad
541 4802 859 4859 electorum
893 4800 1274 4871 adjutorium,
1308 4798 1417 4854 iste
1446 4798 1515 4853 ad
1562 4797 1963 4868 probationem

253 4892 459 4951 servit.
492 4893 647 4950 Inter
676 4891 828 4948 ﬁlios
848 4891 949 4948 Dei
983 4890 1187 4959 adfuit,
1221 4889 1354 4960 quia
1384 4886 1493 4943 etsi
1525 4888 1596 4943 ab
1621 4886 1738 4941 illis
1770 4886 1827 4940 in
1859 4886 1964 4941 hac

248 4986 377 5044 vita
406 4983 807 5041 laborantibus
838 4982 1118 5040 auxilium
1167 4979 1399 5051 pietatis
1445 4976 1825 5049 impenditur,
1856 4975 1963 5031 iste

240 5076 497 5135 occulta
519 5076 647 5147 ejus
671 5074 914 5147 justitiae
937 5070 1250 5131 nesciendo
1272 5069 1546 5139 serviens,
1569 5064 1959 5123 ministerium

329 5281 412 5349 (a)
467 5280 559 5336 Sic
608 5278 747 5334 Mss.
784 5276 1003 5349 7Corb.,
1040 5274 1258 5349 Ger_m.,
1285 5345 1299 5349 Α
1331 5271 1576 5349 Rhem._,_
1617 5266 1843 5349 itemig.
1895 5282 1960 5322 ac

240 5341 459 5410 North.
510 5366 737 5408 omnes.
773 5348 922 5403 Editi
953 5364 1107 5413 vero,
1142 5347 1221 5401 ita
1246 5341 1488 5414 fuerant
1520 5341 1711 5397 divina
1742 5341 1956 5411 dispen-

243 5437 485 5569 “((3))”;
502 5496 707 5551 abem.
742 5498 798 5548 et
831 5494 853 5549 ι
886 5492 1131 5563 Remig.,
1154 5507 1272 5563 qua:
1300 5488 1472 5543 diviso
1501 5486 1737 5558 disponit
1765 5483 1961 5541 ordine

244 5572 466 5626 divisus
496 5584 603 5621 non
645 5578 743 5622 est.

324 5641 401 5712 (c)
459 5642 517 5697 ln
569 5638 1030 5712 duobungbem.
1064 5640 1123 5712 et
1151 5634 1380 5712 duobus
1412 5631 1633 5712 Bemig.
1685 5628 1960 5712 scribitur

243 5702 436 5771 Ahab.
470 5714 558 5770 Ita
594 5712 767 5768 etiam
800 5711 858 5768 in
888 5710 1015 5767 Val.
1066 5707 1149 5764 Cl.
1185 5710 1248 5763 In
1305 5705 1474 5763 Corb.
1528 5702 1815 5775 eipuncta
1870 5702 1959 5756 est

2074 4540 2255 4597 fuisse
2280 4538 2632 4611 perhibetur.
2658 4536 2801 4591 Ecce
2832 4550 2865 4589 a
2895 4531 3112 4587 dextris
3135 4526 3233 4584 Dei
3258 4527 3543 4582 steterunt
3563 4516 3778 4590 angeli,

2080 4631 2213 4703 quis
2245 4629 2627 4685 nominantur
2664 4626 2765 4680 lilii
2798 4624 2937 4690 Dei;
2970 4638 3102 4680 ecce
3131 4639 3164 4676 a
3195 4614 3449 4674 sinistris
3494 4616 3649 4668 stant
3680 4625 3779 4663 an-

2077 4721 2212 4795 geli,
2236 4720 2374 4791 quia
2404 4718 2592 4773 adfuit
2622 4718 2772 4772 inter
2801 4732 2899 4770 eos
2931 4714 3101 4769 etiam
3124 4711 3330 4766 Satan.

2150 4812 2289 4884 [Vet.
2331 4810 2511 4881 XXII.]
2543 4807 2632 4866 39.
2692 4806 2802 4862 Sed
2854 4804 2992 4877 quia
3022 4802 3092 4874 (e)
3148 4798 3432 4871 allegoriae
3492 4794 3765 4865 mysteria

2077 4904 2353 4974 indagare
2385 4900 2766 4965 decrevimus,
2800 4914 2916 4953 non
2960 4891 3432 4950 inconvenienter
3460 4884 3780 4954 accipimus

2078 4973 2234 5068 quod
2269 4994 2327 5049 in
2376 4994 2468 5049 die
2498 4991 2779 5049 Dominus
2822 4989 2997 5044 Satan
3023 4984 3185 5052 vidit,
3220 4980 3353 5051 quia
3408 4976 3527 5030 vias
3558 4974 3691 5068 ejus
3724 4973 3781 5029 in

2075 5062 2384 5158 Sapientiae
2416 5100 2535 5141 suis
2561 5079 2958 5140 incarnatione
2987 5071 3264 5143 corripuit
3298 5090 3313 5138 ς
3344 5068 3413 5140 (Ι)
3446 5062 3614 5137 quasi
3648 5079 3781 5120 eum

2070 5275 2314 5417 “ait.
2350 5342 2702 5417 quibusdam
2731 5336 2914 5417 _Edit.,
2950 5332 3201 5417 maxime
3239 5330 3299 5385 in
3328 5328 3688 5417 Eari.s."l619
3715 5328 3773 5383 et

2072 5402 2227 5483 16110,,
2261 5402 2693 5487 qui‘reprobent.
2731 5410 2815 5487 I_t_a
2845 5402 3017 5487 etiam
3042 5406 3099 5459 in
3134 5404 3299 5487 Rom.
3332 5402 3473 5487 Sixti
3502 5403 3570 5454 V.

2140 5474 2308 5561 (ε)Ἰῇ
2341 5474 2671 5561 norin‘ullts,
2702 5481 2999 5561 allegorice
3028 5478 3300 5558 mysteria.
3324 5475 3629 5561 indagare,
3657 5474 3775 5561 etc.

2136 5547 2210 5633 (ί)
2247 5566 2371 5631 Lyr.
2410 5565 2467 5615 et
2498 5547 2665 5628 Big.,'
2686 5547 2843 5626 quasi
2900 5556 3047 5608 enim
3090 5547 3203 5605 non
3246 5547 3444 5604 vidisse
3468 5547 3601 5619 fuit,
3652 5554 3777 5599 tan-

2066 5634 2185 5704 diu,
2217 5636 2330 5689 etc.
