4086 6166
353 214 464 272 375

1617 199 1898 262 SANCTI
1943 194 2317 258 GBEGOBII
2365 193 2610 256 MAGNI

3745 193 3872 257 576

348 357 464 398 non
485 341 699 396 vidisse
724 340 915 406 fuerit,
938 338 1141 394 tandiu
1169 335 1508 406 pravitatem
1532 333 1689 388 illius
1721 333 1779 387 in
1801 331 2045 386 humani
2078 332 2128 397 Α
2159 333 2440 401 repressit.
2476 359 2541 369 ——
2572 328 2733 392 Quod
2781 327 2886 382 Job
2947 325 3356 398 interpretetur
3403 326 3625 392 dolens,
3690 324 3872 397 paulo

348 432 580 503 generis
613 430 936 501 perditione
982 427 1280 483 tolerasse.
1315 425 1475 479 Unde
1505 431 1557 478 et
1589 421 1638 477 ei
1690 422 1884 477 divina
1914 438 2051 478 voce

349 539 478 578 mox
510 522 762 577 dicitur:

993 607 1224 663 CAPUT
1253 606 1393 662 XXI.

423 708 600 758 Vens.
631 703 685 756 7.
723 700 868 758 Unde
899 701 1048 754 venis
1079 698 1106 752 ?

421 813 507 866 40.
545 809 756 864 Diaboli
805 806 1034 862 insidias
1070 811 1209 860 Deus
1262 804 1573 858 incarnatae
1605 801 1893 871 sapientiae
1930 802 2050 854 luce

348 901 575 956 detexit.
607 931 674 938 —
707 901 767 953 In
802 897 893 951 die
924 897 1102 950 Satan
1131 896 1200 950 de
1231 894 1340 950 viis
1369 895 1494 948 suis
1545 892 1883 964 requiritur,
1912 891 2050 960 quia

347 991 405 1044 in
438 989 565 1042 luce
598 986 977 1040 manifestata-3
1014 982 1310 1054 sapientiae
1342 982 1552 1037 occulti
1592 982 1775 1036 hostis
1822 979 2050 1033 insidias

351 1077 725 1148 detegantur.
746 1075 892 1140 Quia
916 1090 1050 1145 ergo
1072 1073 1372 1128 incarnato
1398 1071 1642 1126 Domino
1665 1070 1931 1124 diabolus
1962 1068 2049 1123 in-

349 1175 641 1236 crepalur,
672 1171 786 1220 eta
831 1181 934 1219 sua
975 1164 1244 1234 pestifera
1291 1162 1663 1217 eﬁ‘renatione
1713 1158 2047 1228 corripitur,

348 1261 501 1311 recte
531 1253 902 1324 subjungitur
937 1270 950 1307 :
985 1253 1086 1308 Cui
1129 1251 1275 1306 dixit
1327 1253 1590 1306 Dominus
1623 1268 1640 1305 :
1674 1249 1819 1306 Unde
1848 1249 1996 1304 venis
2026 1247 2053 1299 ?

346 1344 509 1399 Tunc
539 1343 692 1398 enim
747 1343 972 1398 Satanae
1002 1343 1127 1396 vias
1169 1341 1513 1412 requirendo
1543 1339 1750 1410 arguit,
1785 1354 1918 1393 cum
1953 1351 2052 1406 per

350 1431 685 1488 Mediatoris
717 1433 1030 1488 adventum
1069 1430 1461 1500 persuasionis
1493 1430 1619 1499 ejus
1649 1427 1937 1498 nequitias
1969 1442 2051 1480 re-

349 1524 604 1594 primens
637 1523 976 1594 increpavit.
1012 1523 1124 1576 Nec
1157 1522 1445 1577 immerito
1479 1521 1534 1575 in
1570 1520 1677 1574 hoc
1701 1520 1791 1573 die
1814 1517 1916 1572 Iilii
1950 1516 2054 1571 Dei

351 1629 546 1667 coram
601 1611 842 1667 Domino
893 1612 1149 1667 astitisse
1202 1610 1568 1676 referuntur;
1616 1609 1750 1678 quia
1786 1605 2054 1661 videlicet

351 1703 423 1756 ad
473 1706 697 1756 aeternis
732 1701 930 1772 patrias
955 1701 1310 1756 vocationem
1344 1699 1509 1755 electi
1542 1714 1765 1765 omnes,
1799 1697 1925 1751 luce
1957 1712 2050 1750 sa-
2085 1714 2130 1779 Β

348 1789 580 1861 pientias
633 1808 694 1846 se
747 1791 1092 1856 illustrante,
1127 1789 1346 1846 collecti
1383 1793 1539 1843 sunt.
1577 1790 1731 1853 Quos
1785 1784 2052 1856 quamvis

345 1881 648 1936 incarnata
676 1881 971 1951 Sapientia
993 1896 1306 1951 aggregare
1329 1881 1403 1950 (a)
1429 1879 1630 1934 eII’ectu
1663 1877 1851 1946 operis
1884 1892 2051 1932 vene-

349 1974 458 2037 rat,
493 1969 780 2024 divinitati
805 1975 993 2024 tamen
1028 1969 1180 2024 illius
1207 1971 1326 2039 jam
1355 1985 1454 2038 per
1475 1969 1600 2038 ejus
1635 1969 1706 2037 (b)
1741 1970 2050 2039 praescien-

349 2060 485 2115 tiam
533 2059 889 2114 intrinsecus
920 2059 1290 2114 assistebant.
1338 2058 1445 2114 Sed
1481 2058 1615 2128 quia
1646 2058 1716 2113 de
1772 2059 1880 2113 viis
1929 2058 2051 2115 suis

348 2149 630 2220 antiquus
692 2150 870 2204 hostis
928 2148 1316 2218 Redemptore
1387 2147 1650 2203 veniente
1717 2149 2050 2219 discutitur,

349 2238 488 2308 quid
514 2239 666 2294 dicat
697 2238 1023 2294 audiamus.

811 2344 1046 2401 CAPUT
1076 2344 1231 2401 XXII
1263 2344 1406 2415 [Rec.
1440 2344 1632 2416 XVII].

421 2435 564 2491 ΙΒιι).
597 2467 662 2476 -
698 2434 938 2490 Circuiri
963 2439 1195 2502 terram,
1227 2438 1276 2489 et
1295 2434 1672 2505 perambulavi
1698 2449 1844 2488 eam.

421 2544 506 2598 41.
544 2543 800 2598 Diabolus
851 2547 1054 2598 terram
1103 2541 1381 2610 circuivit,
1414 2543 1540 2612 quia
1596 2556 1777 2596 omnes
1807 2541 2055 2596 homines

352 2636 728 2702 circumvenit,
777 2643 830 2690 et
860 2636 1119 2705 possedit.
1164 2666 1232 2674 —
1264 2634 1346 2688 Ab
1399 2633 1579 2688 Adam
1632 2632 1869 2704 quippe,
1924 2636 2056 2686 ante

359 2726 670 2780 adventum
703 2724 960 2790 Domini,
994 2740 1196 2779 omnes
1230 2732 1355 2794 post
1405 2739 1467 2778 se
1497 2723 1758 2794 gentium
1790 2722 2056 2777 nationes

349 2816 546 2870 traxit.
608 2814 888 2869 Circuivit
927 2819 1134 2869 terram
1170 2818 1225 2867 et
1280 2812 1721 2884 perambulavit,
1775 2812 1910 2882 quia
1959 2826 2057 2882 per

350 2904 522 2958 corda
551 2904 808 2971 gentium
833 2902 1163 2973 iniquitatis
1186 2918 1304 2956 suae
1334 2902 1574 2970 vestigia
1595 2900 1913 2971 impressit.
1949 2900 2057 2954 Ca-

351 2993 496 3047 dens
527 2993 682 3046 enim
727 3009 758 3046 a
790 2993 1147 3047 sublimibus
1200 2992 1295 3047 55
1332 2991 1618 3045 humanas
1653 2999 1874 3046 mentes
1922 2992 2058 3062 jure

355 3081 637 3154 possedit,
662 3083 798 3152 quia
829 3082 885 3136 in
918 3082 1097 3152 culpae
1125 3097 1241 3136 sum
1273 3080 1501 3137 vinculo
1531 3081 1789 3136 volentes
1844 3081 2055 3136 astrin-
2090 3084 2131 3151 ί]

359 3171 441 3227 xit
476 3189 490 3240 ;
524 3177 804 3243 tantoque
839 3171 1011 3228 latius
1042 3173 1095 3227 in
1131 3173 1346 3226 munda
1377 3177 1621 3242 vagatus
1651 3176 1760 3237 est,
1795 3177 2061 3241 quantos

358 3266 522 3317 reatu
555 3263 804 3332 quisque
825 3261 982 3316 illius
1012 3261 1158 3315 liber
1181 3277 1278 3330 per
1298 3262 1498 3316 omnia
1518 3261 1786 3315 inventus
1810 3277 1922 3315 non
1947 3266 2055 3316 est.

353 3352 456 3408 Cui
489 3353 657 3423 quasi
689 3368 755 3408 ex
774 3357 1053 3424 potestate
1087 3351 1364 3406 mundum
1390 3352 1668 3406 circuisse
1695 3356 1798 3416 est,
1826 3350 2057 3406 nullum

353 3440 653 3496 hominem
690 3441 787 3511 qui
814 3442 920 3496 sibi
943 3440 1106 3512 plene
1139 3441 1435 3496 resisteret
1463 3441 1772 3496 invenisse.
1809 3439 2058 3509 Sedjam

353 3527 527 3583 Satan
563 3529 778 3597 redeat,
811 3530 863 3584 id
897 3529 1100 3594 est,ab
1128 3528 1333 3583 eIfeotu
1367 3545 1482 3584 suae
1509 3528 1744 3585 malitia:
1779 3530 1860 3584 vis
1892 3531 2057 3585 illum

350 3618 550 3674 divina
603 3621 982 3689 constringat,
1017 3619 1154 3688 quia
1191 3619 1314 3688 jam
1349 3620 1614 3690 apparuit
1649 3619 1708 3673 in
1753 3635 1926 3675 carne
1956 3619 2059 3691 qui

349 3706 421 3777 (c)
439 3708 493 3760 in
513 3709 728 3778 peccati
745 3708 1082 3774 contagione
1095 3725 1162 3763 ex
1179 3708 1370 3763 carnis
1386 3707 1530 3762 nihil
1548 3707 1798 3763 habebat
1813 3709 2059 3763 inﬁrmi-

354 3803 486 3850 tate.
522 3796 690 3852 Venit
739 3797 1004 3862 humilis,
1038 3813 1207 3868 quem
1254 3805 1307 3854 et
1339 3799 1624 3868 superbus
1655 3799 1838 3854 hostis
1870 3799 2058 3854 admi-

352 3891 548 3953 retur;
575 3891 861 3956 quatenus
878 3889 978 3958 qui
999 3887 1168 3942 fortia
1191 3887 1519 3943 divinitatis
1543 3888 1671 3954 ejus
1696 3890 2055 3959 despexerat,

352 3979 529 4034 etiam
560 3979 942 4033 humanitatis
972 3979 1098 4048 ejus
1130 3980 1365 4035 infirma
1390 3980 1781 4050 pertimescat.
1811 3979 1973 4034 Unde
2004 3986 2058 4034 et

351 4085 487 4124 mox
520 4068 947 4139 significatione
982 4069 1245 4138 miriﬁca,
1279 4075 1483 4125 contra
1514 4085 1646 4124 eum
1683 4071 1811 4140 ipsa
1846 4070 2053 4125 huma-

349 4157 551 4212 nitatis
597 4156 911 4213 infirmitas
960 4157 1427 4228 obstupescenda
1458 4157 1821 4228 proponitur.
1863 4162 1923 4212 ut
1956 4157 2058 4228 ,di-

351 4253 516 4300 catur
548 4261 560 4299 :

962 4355 1193 4412 CAPUT
1225 4355 1428 4412 XXIII.

2157 425 2290 475 ante
2334 420 2458 488 jam
2490 417 2762 472 diximus.
2825 415 3036 472 Dolens
3066 433 3198 471 vero
3248 417 3372 487 ipse
3418 415 3695 471 veraciter
3766 432 3874 486 per

2158 512 2403 580 figuram
2464 509 2696 576 dicitur,
2731 508 2826 579 qui
2899 513 3124 580 portare
3157 507 3388 564 dolores
3427 518 3674 575 nostros,
3725 508 3874 562 Pro-

2157 600 2332 670 pheta
2372 604 2698 663 attestante,
2734 597 3079 668 prohibitur.
3104 598 3208 654 Cui
3240 598 3294 651 in
3322 605 3472 652 terra
3501 597 3712 652 similis
3746 613 3874 653 non

2159 694 2264 753 est,
2317 690 2452 760 quia
2482 690 2671 744 omnis
2722 689 2891 744 homo
2925 689 3328 743 tantummodo
3378 687 3548 743 homo
3581 692 3687 753 est,
3735 687 3873 758 ipse

2159 783 2348 835 autem
2374 779 2526 834 Deus
2560 784 2616 833 et
2648 778 2844 833 homo.
2882 777 2940 832 In
2968 783 3119 834 terra
3150 777 3198 832 ei
3233 776 3446 832 similis
3505 794 3621 832 non
3655 777 3727 848 (ά)
3753 781 3873 841 est,

2159 870 2294 939 quia
2336 868 2443 922 etsi
2490 869 2796 938 adoptivus
2847 866 3092 937 quisque
3130 866 3288 921 ﬁlius
3331 867 3398 921 ad
3433 866 3875 937 percipiendam

2161 957 2512 1012 divinitatem
2551 957 2793 1027 prolicit,
2847 972 3218 1028 nequaquam
3253 965 3441 1011 tamen
3475 961 3538 1012 ut
3579 958 3730 1011 Deus
3763 971 3876 1010 na-

2159 1047 2423 1103 turaliter
2471 1046 2800 1116 sitaccipit.
2846 1047 2950 1110 Qui
3001 1047 3147 1101 bene
3208 1047 3377 1101 etiam
3431 1062 3631 1102 servus
3675 1045 3882 1100 dictus

2158 1141 2268 1203 est,
2302 1137 2436 1207 quia
2465 1137 2704 1191 formam
2741 1136 2885 1190 servi
2905 1136 3196 1205 suscipere
3228 1135 3577 1202 dedignatus
3605 1152 3716 1189 non
3742 1139 3866 1189 est.

2160 1226 2274 1282 Nec
2335 1226 2625 1297 majestati
2665 1226 2942 1296 injuriam
2976 1225 3176 1279 intulit
3206 1231 3505 1295 assumpta
3563 1224 3881 1280 humilitas

2162 1316 2388 1385 carnis;
2440 1318 2574 1388 quia
2619 1321 2676 1372 et
2707 1321 2770 1371 ut
2822 1316 3102 1371 servanda
3151 1315 3493 1385 susciperet,
3529 1330 3628 1370 nec
3665 1320 3882 1370 tamen

2163 1406 2360 1460 habita
2403 1410 2780 1477 permutaret,
2831 1422 2934 1460 nec
2990 1405 3186 1459 divina
3236 1404 3592 1459 humanitate
3626 1404 3875 1472 minuit,

2161 1507 2268 1548 nec
2327 1491 2587 1547 humana
2645 1491 2943 1547 divinitate
2989 1491 3387 1560 consumpsit;
3423 1490 3562 1562 quia
3607 1492 3712 1546 etsi
3767 1508 3884 1562 per

2162 1582 2395 1637 Paulum
2430 1582 2678 1637 dicitur:
2713 1583 2820 1646 Qui
2849 1597 2972 1635 cum
2997 1581 3052 1634 in
3083 1583 3265 1649 [arma
3314 1581 3409 1635 Dei
3433 1584 3593 1649 esset,
3625 1597 3735 1636 non
3767 1599 3884 1636 ra-

2157 1671 2350 1744 pinam
2378 1671 2671 1727 arbitratis
2702 1677 2780 1725 est
2814 1686 2924 1726 esse
2947 1687 3004 1726 se
3047 1671 3316 1741 aequalem
3359 1675 3489 1737 Deo,
3522 1671 3614 1725 sed
3669 1681 3881 1727 semet-

2161 1765 2339 1833 ipsum
2383 1761 2698 1818 exinanieit
2726 1764 2966 1832 formam
3022 1763 3163 1817 servi
3208 1763 3482 1830 accipiens
3511 1762 3772 1834 (Philipp.
3803 1781 3882 1832 ιι,

2158 1854 2236 1924 6),
2269 1854 2318 1908 ei
2368 1853 2745 1923 semetipsum
2805 1852 3150 1921 exinanisse,
3185 1857 3272 1908 est
3318 1855 3390 1908 ab
3450 1855 3882 1911 invisibilitatis

2161 1959 2278 1998 sua;
2314 1944 2715 2009 magnitudine
2738 1960 2800 1998 se
2831 1943 3118 1999 visibilem
3143 1944 3598 2010 demonstrasse,
3627 1952 3688 2001 ut
3711 1946 3880 2002 servi

2161 2033 2348 2088 forma
2396 2038 2611 2105 tegeret
2641 2033 2746 2088 hoc
2797 2033 2953 2104 quod
2997 2034 3498 2105 incircumscripte
3549 2038 3748 2092 omnia
3799 2054 3880 2092 ex

2159 2123 2460 2177 divinitate
2502 2129 2848 2193 penetraret.
2885 2123 2984 2178 Dei
3015 2129 3208 2180 autem
3242 2125 3311 2179 ad
3351 2125 3522 2180 Satan
3557 2143 3659 2196 per
3707 2127 3879 2196 ligu-

2161 2229 2282 2267 ram
2317 2212 2510 2267 dicere
2541 2217 2629 2267 est
2660 2229 2672 2266 :
2708 2211 2966 2282 Nunquid
3010 2214 3374 2269 considerasti
3417 2230 3622 2269 servum
3677 2231 3884 2270 meum

2161 2302 2259 2357 Job
2290 2306 2314 2355 .9
2348 2302 2714 2372 unigenitum
2757 2302 2942 2357 tilium
2977 2310 3178 2360 contra
3225 2320 3356 2359 eum
3389 2305 3449 2360 in
3499 2307 3680 2360 forma
3711 2307 3890 2360 servi

2164 2391 2570 2448 admirabilem
2601 2393 3012 2448 demonstrare.
3042 2393 3116 2449 Eo
3138 2395 3315 2462 enim,
3353 2412 3466 2466 quo
3498 2395 3663 2450 illum
3695 2401 3888 2452 tanta

2166 2481 2398 2536 virtutis
2431 2483 2488 2536 in
2541 2498 2714 2537 carne
2747 2483 3020 2548 innotuit,
3070 2485 3240 2554 quasi
3275 2485 3633 2556 superbienti
3674 2486 3888 2542 adver-

2165 2571 2338 2637 sario,
2373 2572 2527 2642 quod
2578 2571 2776 2627 dolens
2810 2572 3226 2642 consideraret,
3261 2574 3558 2632 indicavit.
3586 2575 3698 2630 Sed
3734 2577 3896 2647 quia

2164 2660 2385 2714 bonum
2420 2661 2574 2730 quod
2611 2661 2917 2716 miraretur
2957 2662 3256 2732 intulerat,
3291 2668 3471 2718 restat
3506 2669 3566 2718 ut
3599 2666 3667 2719 ad
3703 2667 3899 2736 repri-

2168 2751 2438 2804 mendam
2474 2751 2602 2820 ejus
2633 2751 2969 2822 superbiam
3021 2752 3263 2808 virtutes
3295 2753 3449 2810 illius
3493 2754 3684 2811 adhuc
3732 2773 3898 2811 enu-

2176 2840 2455 2895 merando
2489 2841 2833 2909 subiungat.
2865 2842 3157 2912 Sequitur.

2595 2928 2827 2984 CAPUT
2860 2928 3028 2984 XXIV
3061 2931 3194 3000 [Vet.
3229 2931 3453 3003 XXIII].

2243 3017 2385 3072 Imb.
2421 3049 2487 3056 -—
2529 3019 2693 3074 Homo
2742 3020 2976 3090 simplex
2999 3029 3050 3076 et
3102 3027 3299 3090 rectus,
3333 3038 3397 3077 ac
3427 3024 3626 3079 timens
3673 3028 3888 3092 Deum,

2173 3117 2226 3162 et
2249 3108 2506 3162 recedens
2535 3125 2568 3162 a
2601 3108 2766 3162 malo.

2241 3197 2329 3252 43.
2366 3197 2484 3265 Qua
2525 3197 2737 3253 ratione
2789 3197 3035 3254 Christus
3065 3199 3325 3270 simplex,
3359 3210 3556 3266 rectus,
3591 3208 3701 3258 etc.
3735 3204 3880 3260 Dia-

2172 3288 2288 3343 bolo
2332 3286 2678 3343 divinitatem
2721 3305 2907 3354 suam,
2943 3290 3005 3344 ob
3037 3306 3098 3345 ea
3120 3307 3239 3363 quae
3265 3307 3461 3362 passus
3491 3297 3592 3360 est,
3639 3295 3881 3348 dubiam

2166 3379 2316 3449 fecit.
2337 3407 2405 3419 —
2435 3377 2606 3433 Venit
2631 3395 2881 3450 namque
2903 3381 3051 3435 inter
3075 3381 3338 3438 homines
3372 3383 3659 3438 mediator
3694 3385 3788 3438 Dei
3826 3389 3884 3440 et

2173 3465 2496 3536 hominum,
2555 3466 2729 3522 homo
2789 3468 3053 3524 Christus
3111 3470 3303 3537 Jesus,
3374 3470 3447 3526 ad
3499 3474 3881 3542 praebendum

2169 3555 2498 3628 exemplum
2532 3556 2657 3610 vitae
2691 3557 3052 3625 hominibus,
3089 3558 3451 3630 simplex;ad
3489 3578 3600 3615 non
3636 3578 3882 3629 parcen-

2171 3646 2307 3700 dum
2343 3644 2613 3716 malignis
2647 3646 2968 3716 spiritibus,
2993 3658 3220 3714 rectus;
3250 3651 3319 3704 ad
3351 3650 3763 3705 debellandum
3791 3669 3889 3706 su-

2170 3734 2454 3805 perbiam,
2518 3735 2734 3790 timens
2792 3736 3024 3804 Deum;
3078 3739 3147 3792 ad
3185 3739 3599 3808 detergendum
3649 3756 3788 3795 vero
3825 3740 3882 3795 in

2169 3823 2366 3879 electis
2393 3825 2515 3880 suis
2549 3824 2676 3879 vita:
2709 3824 3168 3893 immunditiam,
3220 3828 3495 3884 recedens
3526 3846 3558 3884 a
3592 3829 3771 3885 malo.
3809 3834 3884 3885 De

2169 3913 2296 3986 ipso
2329 3915 2482 3969 enim
2519 3931 2619 3986 per
2646 3915 2857 3970 Isaiam
2885 3916 3284 3989 principaliter
3306 3919 3555 3975 dicitur:
3593 3920 3650 3974 Et
3684 3920 3762 3990 (ρ)
3796 3936 3878 3975 re-

2165 4003 2332 4075 plebit
2354 4021 2476 4059 eum
2505 4004 2735 4074 spiritus
2757 4008 2969 4061 timoris
2991 4006 3211 4062 Domini
3240 4008 3396 4079 (Isai.
3431 4026 3508 4076 x1,
3541 4009 3618 4080 3).
3655 4010 3725 4064 Et
3756 4011 3886 4080 ipse

2170 4112 2202 4150 a
2231 4093 2385 4150 malo
2430 4094 2801 4164 singulariter
2831 4098 3072 4153 recessit
3108 4114 3118 4151 :
3153 4099 3290 4169 quia
3323 4099 3467 4154 facta
3518 4100 3737 4154 imitari
3771 4117 3887 4155 no-

2167 4182 2298 4251 luit,
2327 4200 2455 4254 que:
2496 4183 2554 4237 in
2589 4184 2927 4242 hominibus
2961 4187 3199 4257 invenit,
3251 4188 3526 4259 quoniam
3567 4194 3889 4244 atteslante

2168 4273 2334 4329 Petro
2370 4289 2382 4328 :
2415 4275 2703 4330 Peccatum
2734 4291 2842 4331 non
2891 4277 3045 4346 fecit,
3079 4294 3177 4333 nec
3206 4279 3363 4334 dolus
3411 4283 3661 4334 inventus
3707 4284 3790 4334 est
3822 4282 3886 4334 in

2168 4380 2259 4421 ore
2313 4365 2429 4436 ejus
2473 4364 2521 4435 (Ι
2549 4366 2664 4420 Pet.
2714 4384 2774 4433 ιι,
2805 4367 2916 4438 22).
2951 4369 3261 4438 Sequitur:
3319 4371 3658 4441 Respomiens
3705 4369 3887 4427 Satan

419 4440 597 4498 Vsus.
660 4444 712 4497 8.
773 4475 836 4485 —
889 4447 1147 4516 Nunquid
1204 4445 1564 4500 considerasti
1611 4461 1824 4500 servum
1872 4461 2050 4500 meum
2085 4461 2130 4527 Ι)
2163 4456 2246 4511 ait
2280 4473 2298 4508 :
2329 4455 2591 4526 Nunquid
2620 4458 2828 4525 frustra
2867 4458 2965 4512 Job
2999 4461 3148 4514 timet
3181 4440 3628 4515 Deum?rNonne
3668 4465 3730 4515 tu
3773 4463 3887 4516 val-

353 4531 470 4596 Job,
502 4531 642 4603 quod
663 4548 769 4587 non
793 4535 863 4588 sit
895 4536 946 4588 ei
975 4535 1175 4589 similis
1206 4537 1262 4588 in
1297 4539 1488 4589 terra?

421 4640 513 4695 42.
549 4645 728 4695 Donec
759 4643 966 4697 veniret
1016 4641 1257 4696 Christus
1287 4641 1352 4697 de
1390 4659 1491 4713 quo
1541 4659 1729 4698 rursus
1767 4642 2052 4714 explican-

347 4733 440 4786 tur
480 4730 628 4786 dicta
675 4731 739 4787 de
766 4733 880 4788 Job.
933 4734 1230 4799 Assumpsit
1280 4733 1654 4789 humilitatem
1704 4734 1906 4801 carnis,
1939 4736 2060 4790 sine

351 4823 566 4894 injuria
608 4822 907 4893 majestati.
961 4821 1259 4880 Virtutibus
1307 4826 1418 4878 suis
1475 4823 1685 4878 diaboli
1741 4825 2058 4895 superbiam

418 5050 496 5119 (a)
521 5049 604 5104 lta
636 5047 818 5103 nostri
852 5047 1015 5119 Mss.,
1051 5061 1163 5119 non
1208 5046 1423 5117 aﬂectu,
1457 5051 1518 5099 ut
1549 5045 1712 5117 prius
1743 5043 1926 5115 legeb.
1997 5047 2056 5101 in

353 5118 502 5176 Edit.
537 5124 700 5174 Rom.
735 5121 876 5174 Sixti
909 5118 979 5184 V,
1005 5131 1056 5173 et
1089 5118 1162 5173 al.

424 5192 499 5259 (b)
531 5192 652 5245 Duo
679 5193 907 5256 Rhem.,
941 5192 1131 5254 Corb.,
1164 5189 1358 5245 Germ.
1391 5193 1447 5245 et
1486 5205 1638 5244 unus
1670 5187 1914 5258 Remig,
1937 5189 2058 5260 jam

351 5276 452 5332 per
480 5264 596 5332 ejus
626 5262 998 5328 praesentiam.
1032 5262 1117 5317 Ita
1148 5266 1323 5316 etiam
1358 5263 1595 5332 quidam
1630 5261 1795 5316 Editi.

424 5331 498 5406 (e)
521 5331 824 5406 Vindocin.
850 5342 905 5387 et
930 5333 1182 5406 plurimi,
1212 5336 1303 5406 qui
1333 5331 1388 5388 in
1415 5335 1617 5404 percuti
1638 5334 1906 5402 contagio.
1941 5334 2059 5406 Ana

356 5402 568 5472 tiquior
627 5403 856 5468 Rhem.,
903 5402 1092 5467 Corb.,
1126 5402 1344 5472 Germ.,
1377 5402 1433 5459 et
1465 5423 1614 5460 unus
1660 5406 1909 5472 Remig,
1963 5405 2060 5474 qui

350 5475 410 5527 in
440 5474 650 5538 peccati
693 5479 942 5542 contagio
972 5494 1040 5531 ea:
1069 5480 1256 5531 carnis
1312 5478 1458 5530 nihil
1491 5478 1683 5531 habeat
1710 5477 2057 5542 inﬁrmitate.

345 5544 381 5599 2
413 5544 618 5599 Rhem.
647 5547 758 5617 etAI
798 5547 1033 5617 Ret_nig..
1070 5551 1168 5616 qui
1218 5549 1282 5602 de
1306 5551 1518 5617 peccati
1556 5553 1878 5616 contagio...
1914 5547 2060 5602 nihil

351 5617 565 5673 habeat.
600 5617 661 5670 In
686 5615 828 5687 Mss.
861 5615 1055 5671 Nortn.
1081 5615 1519 5687 legitur‘etiam,
1551 5623 1696 5673 nihil
1726 5615 1947 5674 habent.

421 5687 500 5760 (ἀ)
533 5687 669 5744 Mss.
700 5685 924 5750 Norm.,
957 5689 1086 5756 quia
1109 5685 1210 5741 etsi
1239 5690 1551 5758 adeptionis
1583 5693 1810 5761 quisque
1828 5691 2056 5761 ﬁlius...

2164 4545 2294 4600 lasti
2323 4561 2465 4611 eum,
2501 4562 2564 4600 ac
2609 4545 2828 4600 domum
2855 4547 2987 4616 ejus,
3049 4548 3474 4620 universumque
3511 4550 3886 4606 substantiam

2161 4650 2259 4707 per
2297 4636 2638 4688 circuitum?
2683 4634 2953 4705 Operibus
2993 4653 3267 4691 manuum
3297 4638 3414 4708 ejus
3446 4638 3799 4705 benedixisti,
3834 4651 3889 4697 et

2159 4723 2422 4796 possessio
2481 4724 2647 4779 illius
2691 4729 2864 4781 crevit
2894 4729 2950 4780 in
2987 4732 3164 4782 terra.
3199 4729 3491 4799 Antiquus
3522 4729 3711 4784 hostis
3772 4730 3884 4786 Re-

2163 4817 2523 4887 demptorem
2560 4816 2658 4872 56
2691 4816 2932 4873 humani
2964 4819 3216 4891 generis,
3249 4819 3662 4877 debellatorem
3697 4836 3876 4877 suum

2164 5049 2222 5099 ut
2269 5045 2406 5100 Deus
2461 5044 2797 5100 naturaliter
2853 5053 3011 5113 esset,
3071 5046 3298 5117 accepit.
3360 5045 3531 5101 Corb.
3576 5046 3880 5118 Genuam,

2164 5118 2497 5171 naturaliter
2529 5131 2662 5171 esse.

2236 5189 2306 5258 (e)
2338 5188 2580 5253 Quidam
2615 5187 2779 5251 Mss.,
2803 5194 2855 5242 et
2885 5188 3134 5258 replevit.
3154 5188 3538 5260 Suspicamur
3560 5195 3753 5246 autem
3792 5193 3880 5249 hic

2166 5259 2700 5329 interpolationem,
2752 5275 2819 5314 ex
2875 5259 3334 5330 antiquariorum
3379 5277 3593 5329 errore,
3625 5268 3880 5319 textum-

2167 5347 2279 5402 que
2323 5332 2506 5386 sancti
2558 5330 2818 5400 Gregorii
2852 5333 2936 5386 sic
2969 5349 3096 5387 esse
3129 5335 3557 5388 restituendum
3588 5349 3600 5388 :
3637 5335 3878 5393 Timens

2166 5403 2371 5467 Deum,
2404 5403 2467 5458 de
2518 5402 2634 5472 ipso
2665 5405 2816 5456 enim
2846 5421 2941 5470 per
2972 5405 3170 5458 Isaiam
3201 5404 3600 5475 principaliter
3620 5406 3875 5464 dicitur:

2165 5482 2220 5550 et
2261 5475 2503 5547 replebit
2530 5491 2662 5550 eum
2687 5475 2936 5550 Spiritus
2959 5477 3188 5550 timoris
3213 5476 3464 5550 Domini.
3489 5477 3566 5531 Ad
3597 5477 3874 5550 detergen-

2165 5547 2291 5601 dum
2322 5544 2446 5602 vero
2479 5550 2534 5600 in
2557 5544 2747 5600 electis
2776 5549 2889 5600 suis
2913 5550 3034 5601 vita
3059 5549 3494 5612 immunditiam,
3530 5544 3807 5608 recedens
3838 5572 3868 5610 α

2170 5620 2342 5674 malo.
2380 5620 2441 5672 Et
2465 5634 2575 5688 ipse
2596 5635 2628 5672 a
2661 5619 2804 5672 malo
2846 5618 3214 5688 singulariter
3245 5622 3489 5685 recessit,
3519 5627 3627 5676 etc.
3664 5621 3870 5684 Verum

2168 5692 2293 5748 sine
2323 5690 2461 5747 Mss.
2489 5690 2830 5747 auctoritate
2861 5690 3006 5748 nihil
3040 5689 3352 5748 immutare
3388 5692 3706 5750 voluimus
