4086 6166
214 236 329 297 577

1149 238 1573 305 MORALIUM
1622 241 1773 303 LIB.
1823 239 1896 301 II.
1945 271 2017 285 -—
2063 238 2141 299 IN
2188 239 2445 302 CAPUT
2491 245 2517 302 Ι
2562 243 2630 305 Β.
2675 243 2842 309 JOB.

3611 264 3731 329 578

209 371 269 427 in
301 372 583 431 mundum
614 372 839 433 venisse
868 378 1174 449 cognovit:
1209 379 1364 434 unde
1393 383 1449 435 et
1470 394 1570 449 per
1601 378 1904 435 obsessum
1938 375 1991 443 Α
2021 375 2092 431 ad
2120 391 2347 431 crucem
2379 376 2551 443 venit,
2587 381 2751 451 quasi
2802 384 2965 453 prius
2996 385 3195 445 habita
3240 393 3459 461 amisit,
3491 402 3545 455 et
3594 406 3728 473 post

212 462 499 520 hominem
550 467 608 521 in
652 467 956 539 Evangelia
997 468 1244 527 dicitur:
1294 470 1431 537 Quid
1475 471 1646 531 nobis,
1688 478 1739 526 et
1787 470 1907 537 tibi,

212 552 311 607 Fili
342 554 469 607 Dei!
504 557 711 613 Venisti
749 558 854 612 huc
890 562 1019 612 ante
1047 563 1258 627 tempus
1290 566 1540 630 torquere
1570 576 1665 614 nos
1694 560 1905 631 (Matth.

211 658 328 708 vm,
361 646 471 711 20).
506 648 615 712 Qui
646 652 837 703 tamen
866 648 1025 719 prius
1064 665 1196 703 cum
1233 652 1385 704 hunc
1416 648 1753 719 passibilem
1780 665 1909 705 cer-

213 741 387 801 neret,
410 752 542 792 cum
576 754 748 809 posse
783 738 1054 794 mortalia
1086 740 1308 810 perpeti
1340 740 1724 795 humanitatis
1757 740 1911 795 vide-

209 829 313 890 ret,
344 841 514 881 omne
545 829 697 897 quod
733 829 801 882 de
831 830 959 898 ejus
1006 829 1305 884 divinitate
1337 829 1664 899 suspicatus
1713 834 1823 895 est,
1854 830 1907 886 ei

208 914 346 970 fastu
381 933 500 971 sum
532 918 822 989 superbiae
848 920 907 974 in
939 920 1183 974 dubium
1216 920 1391 975 venit.
1416 920 1507 975 Nil
1549 923 1765 992 quippe
1796 920 1908 976 nisi

205 1003 511 1073 superbum
547 1006 801 1076 sapiens,
830 1010 967 1061 dum
1000 1022 1124 1062 esse
1158 1008 1316 1062 hunc
1363 1008 1648 1063 humilem
1678 1009 1905 1080 conspi-

206 1092 303 1158 cit,
336 1097 511 1149 Deum
544 1110 671 1150 esse
702 1097 1005 1152 dubitavit.
1041 1096 1205 1153 Unde
1235 1103 1293 1153 et
1322 1098 1396 1153 ad
1429 1099 1815 1155 tentationum
1845 1115 1909 1157 se

208 1192 537 1252 argumenta
584 1186 884 1252 convertit,
917 1187 1156 1242 dicens:
1193 1187 1250 1241 Si
1280 1187 1453 1243 Filius
1485 1190 1581 1244 Dei
1622 1205 1698 1258 es,
1730 1189 1817 1244 dic
1846 1193 1909 1245 ut

206 1273 412 1344 lapides
459 1273 557 1328 isti
600 1291 770 1345 panes
836 1277 975 1345 ﬁant
1023 1276 1229 1347 (Matth.
1282 1294 1360 1343 1v,
1415 1279 1492 1349 3).
1543 1278 1688 1343 Quia
1736 1278 1907 1350 igitur

202 1364 536 1434 passibilem
558 1364 723 1423 vidit.
754 1366 832 1437 (a)
865 1383 979 1421 non
1007 1372 1183 1422 Deum
1212 1373 1437 1438 natum,
1458 1370 1555 1424 sed
1587 1370 1684 1425 Dei
1718 1372 1907 1442 gratia

201 1452 550 1508 custoditum
596 1455 858 1511 credidit.
894 1453 1057 1511 Unde
1087 1460 1143 1511 et
1188 1473 1344 1512 nunc
1384 1457 1593 1513 inferre
1628 1458 1896 1529 perhibe-

199 1545 315 1597 tur.

825 1653 1057 1710 CAPUT
1095 1654 1276 1709 XXV.

2019 467 2077 521 in
2111 466 2421 538 semetipso
2453 470 2817 529 adversantis
2842 478 3165 547 nequitiam
3200 487 3463 553 pertulit.

2616 572 2843 629 CAPUT
2883 576 3127 635 XXVIII.

2090 656 2231 711 IBID.
2266 688 2334 698 -—
2366 660 2728 732 Egressusque
2755 670 2834 718 est
2864 665 3029 721 Satau
3061 687 3093 724 a
3121 673 3265 739 facie
3299 675 3537 735 Domini.

2090 748 2179 801 47.
2216 747 2473 803 Diabolus
2504 754 2612 805 voti
2639 768 2850 824 compos
2888 758 3070 823 [actus
3098 778 3128 815 a
3157 765 3302 831 facie
3336 767 3556 825 Domini
3584 774 3719 831 exit.

2019 868 2086 876 —
2108 836 2268 892 Sicut
2296 845 2353 893 et
2383 842 2651 908 superius
2685 843 2905 899 dictum
2939 858 3044 914 est,
3064 853 3232 905 Satau
3259 869 3291 908 a
3324 856 3467 912 facie
3491 860 3722 919 Domini

2018 924 2173 990 exiit,
2201 926 2335 997 quia
2367 928 2437 982 ad
2469 930 2739 985 desiderii
2770 934 2861 987 sui
2893 946 3021 991 vota
3054 942 3330 1007 pervenit.
3359 946 3531 1010 Quasi
3568 952 3726 1008 enim

2018 1019 2158 1106 ante
2201 1018 2391 1087 ipsum
2442 1026 2585 1087 erat,
2632 1022 2771 1077 dum
2840 1032 3076 1097 propter
3120 1030 3313 1099 ipsum
3374 1050 3503 1106 qua:
3572 1040 3721 1096 male

2017 1104 2250 1162 sitiebat
2281 1108 2519 1178 implere
2536 1126 2649 1167 non
2683 1117 2924 1183 poterat.

2639 1212 2868 1268 CAPUT
2905 1215 3095 1273 XXIX.

2084 1300 2259 1352 Vens.
2284 1299 2367 1353 13.
2391 1330 2460 1341 —-
2493 1300 2625 1355 Cum
2652 1307 2833 1358 autem
2853 1307 3092 1374 quadam
3123 1311 3217 1366 die
3231 1314 3340 1381 lilii
3358 1318 3477 1387 ejus
3507 1322 3558 1375 et
3586 1322 3717 1389 ﬁliae

2010 1387 2348 1443 comederent
2384 1396 2437 1443 et
2472 1389 2716 1447 biberent
2747 1394 2935 1450 vinum
2974 1399 3030 1451 in
3064 1398 3217 1457 domo
3248 1405 3455 1474 fratris
3485 1387 3717 1483 sui-pri-

2009 1476 2294 1547 mogeniti.

2086 1567 2170 1657 18.
2225 1568 2402 1657 Filius
2482 1570 2702 1626 Domini
2773 1576 2950 1644 major
3016 1579 3285 1638 Judaicus
3337 1588 3593 1657 populus.
3653 1622 3724 1634 --

2013 1654 2163 1710 Beati
2196 1656 2306 1711 Job
2360 1657 2510 1713 filios
2541 1677 2606 1715 ac
2647 1660 2819 1727 tilias,
2864 1665 2951 1720 vel
2992 1654 3717 1752 apostolorum—ordinem,

271 1744 437 1796 Vens.
476 1744 529 1807 9,
566 1744 649 1797 10.
686 1774 754 1783 -
785 1743 977 1798 Nonne
1019 1755 1079 1799 tu
1126 1746 1348 1800 vallasti
1396 1760 1543 1813 eum,
1569 1764 1633 1803 ac
1679 1746 1897 1803 domum
1933 1747 1978 1812 Β
2009 1744 2095 1801 vel
2128 1756 2465 1803 cunctorum
2502 1750 2761 1808 fidelium
2805 1755 3238 1818 multitudinem
3274 1764 3529 1824 diximus
3558 1743 3718 1826 desi;

195 1832 329 1903 ejus,
363 1832 793 1906 universumque
837 1836 1211 1891 substantiam
1254 1841 1379 1907 ejus
1428 1853 1522 1908 per
1571 1841 1907 1894 circuitum?

189 1921 455 1994 Operibus
504 1943 734 1980 manum
797 1926 916 1997 ejus
969 1928 1323 1997 benedixisti,
1356 1932 1410 1983 et
1469 1933 1730 2001 possessio
1789 1932 1905 2002 ejus

188 2018 351 2071 crevit
386 2014 443 2069 in
469 2024 642 2069 terra.

264 2125 346 2178 44.
386 2123 524 2177 Eum
566 2122 827 2177 humilem
879 2124 1063 2180 videns
1102 2126 1366 2196 superbus
1414 2127 1683 2198 diabolus,
1734 2131 1904 2186 Deum

193 2228 307 2269 esse
336 2211 629 2268 dubitavit.
664 2243 730 2252 —-
762 2213 904 2267 Eum
941 2214 1157 2285 quippe
1190 2232 1255 2269 ac
1287 2216 1523 2272 domum
1565 2219 1691 2289 ejus
1724 2236 1757 2274 a
1785 2220 1902 2277 Deo

188 2301 456 2356 vallatam
488 2301 669 2368 dicit;
700 2302 839 2372 quia
881 2304 1160 2358 tentando
1195 2304 1320 2375 ejus
1353 2308 1762 2362 conscientiam
1800 2326 1901 2382 pe-

188 2396 417 2447 netrare
448 2407 559 2446 non
596 2393 796 2463 potuit.
835 2392 1237 2449 Substantiam
1284 2396 1406 2465 ejus
1435 2397 1705 2452 vallatam
1741 2416 1901 2455 asse-

188 2480 285 2549 rit,
318 2480 455 2551 quia
484 2480 698 2536 electos
728 2485 854 2551 ejus
889 2483 1159 2538 invadere
1196 2500 1309 2540 non
1346 2489 1663 2555 praesumit.
1699 2488 1900 2559 Operi-

188 2570 298 2625 bus
320 2586 604 2626 manuum
629 2572 755 2640 ejus
776 2572 1143 2628 benedixisse
1167 2578 1367 2641 Deum,
1389 2580 1445 2629 et
1469 2577 1897 2644 possessionem

189 2664 321 2733 ejus
372 2663 684 2719 excrevisse
739 2663 793 2718 in
830 2668 983 2719 terra
1022 2666 1323 2736 queritur:
1360 2669 1495 2738 quia
1541 2668 1760 2725 scilicet
1808 2675 1895 2727 ta-

192 2754 433 2808 bescens
464 2753 637 2817 videt,
663 2755 816 2824 quod
845 2753 986 2810 ﬁdes
1019 2756 1147 2825 ejus
1178 2757 1236 2811 in
1273 2758 1535 2813 notitiam
1569 2759 1896 2832 hominum,

196 2841 645 2913 pradicantibus
713 2844 1016 2911 apostolis,
1086 2845 1529 2916 multiplicatur.
1596 2851 1897 2909 Possessio

201 2931 409 3002 quippe
440 2934 566 3002 ejus
598 2949 852 2989 crescere
883 2934 1115 3001 dicitur,
1148 2937 1286 2991 dum
1321 2937 1719 2995 laborantibus
1750 2959 1899 3013 prae-

209 3018 570 3087 dicatoribus,
596 3022 857 3078 ﬁdelium
890 3024 1151 3095 quotidie
1175 3043 1454 3082 numerus
1484 3036 1745 3101 augetur.
1770 3032 1899 3088 Ilaec

207 3107 389 3181 itaque
436 3111 609 3167 Satau
654 3111 769 3167 Deo
814 3113 1035 3169 dixisse
1083 3120 1192 3183 est,
1230 3115 1369 3171 talia
1415 3118 1722 3175 invidendo
1764 3138 1896 3177 sen-
1928 3120 1970 3188 Ο

214 3198 363 3253 sisse.
396 3198 523 3255 Hac
554 3199 731 3255 Satau
764 3200 879 3255 Deo
910 3201 1123 3258 dixisse
1155 3208 1261 3264 est,
1296 3205 1365 3260 de
1398 3204 1487 3260 his
1524 3208 1894 3276 tabescendo,

217 3285 465 3344 doluiSse.
499 3289 777 3361 Sequitur
806 3306 818 3344 :

619 3397 852 3454 CAPUT
891 3399 1068 3455 XXVI
1109 3399 1245 3473 [γει.
1278 3402 1466 3471 XXIV].

279 3484 443 3541 Vens.
476 3489 560 3545 11.
592 3520 661 3529 -—
693 3489 804 3545 Sed
849 3491 1077 3547 extende
1106 3493 1403 3562 paululum
1454 3511 1685 3550 manum
1715 3503 1894 3569 tuam,

206 3578 258 3624 et
286 3576 443 3645 longe
465 3579 665 3632 cuncta
696 3591 820 3647 quae
845 3578 1104 3649 possidet,
1138 3580 1247 3634 nisi
1276 3581 1337 3635 in
1366 3582 1563 3650 faciem
1596 3582 1895 3641 benedixe-

208 3663 279 3715 rit
309 3666 420 3719 tibi.

272 3773 353 3827 45.
410 3776 539 3846 Ejus
597 3775 939 3833 divinitatem
994 3781 1385 3836 tentationibus
1440 3784 1768 3853 exploravit.
1830 3818 1898 3827 —

202 3864 374 3928 Quem
406 3873 558 3922 enim
583 3870 1029 3941 tranquillitatis
1071 3876 1353 3944 tempore,
1381 3874 1474 3929 Dei
1509 3877 1687 3947 gratia
1709 3882 1900 3933 custo-

199 3954 379 4011 ditum
412 3958 684 4029 credidit,
710 3976 942 4028 peccare
975 3978 1141 4031 posse
1166 3979 1267 4034 per
1297 3966 1623 4034 passionem
1659 3968 1896 4036 putavit.

191 4045 266 4098 Ac
289 4046 337 4100 si
373 4053 570 4119 aperte
601 4048 756 4104 dicat
783 4067 796 4105 :
833 4051 1228 4123 Interrogatus
1252 4053 1668 4110 afﬂictionibus
1700 4056 1897 4127 homo,

190 4140 245 4190 et
277 4146 545 4208 peccator
576 4141 934 4211 agnoscitur,
969 4143 1069 4212 qui
1099 4142 1159 4197 in
1192 4144 1491 4202 miraculis
1541 4148 1687 4204 Deus
1720 4152 1897 4220 puta-

184 4227 303 4280 tur.
350 4228 505 4285 Dixit
534 4245 671 4302 ergo
710 4231 987 4286 Dominus
1018 4233 1090 4287 ad
1122 4237 1334 4291 Satau:

797 4340 1030 4396 CAPUT
1068 4341 1292 4398 XXVII.

258 4426 433 4485 Vens.
470 4432 555 4485 12.
587 4462 657 4471 —
688 4432 815 4486 Ecce
844 4430 1101 4485 universa
1146 4446 1270 4503 qum
1299 4432 1477 4499 habet,
1511 4436 1569 4488 in
1600 4451 1773 4491 manu
1804 4444 1899 4493 tua

176 4521 364 4571 sunt:
394 4528 603 4575 tantum
636 4519 694 4574 in
725 4534 851 4574 eum
881 4536 948 4575 ne
967 4522 1224 4575 extendas
1256 4538 1485 4576 manum
1516 4527 1690 4578 tuam.

258 4628 355 4682 46.
387 4630 602 4685 Satanae
652 4646 868 4695 manus,
914 4646 1023 4684 non
1060 4638 1312 4700 potestas,
1345 4632 1439 4686 sed
1487 4634 1711 4687 tentatio
1744 4635 1898 4692 debet

174 4717 445 4787 intelligi.
468 4749 536 4758 —
567 4717 709 4772 Cum
739 4735 965 4772 sacram
1001 4718 1296 4773 historiam
1322 4721 1431 4774 sub
1466 4720 1693 4792 figurali
1725 4722 1894 4779 intel-

180 4806 341 4865 lectu
393 4810 764 4877 discutimus,
805 4811 1031 4865 Satane
1078 4828 1288 4865 manus
1330 4829 1443 4867 non
1484 4817 1760 4884 potestas,
1795 4816 1893 4872 sed

180 4900 427 4955 teutatio
456 4901 629 4955 debet
679 4899 946 4970 intelligi.
983 4900 1254 4956 Universa
1294 4902 1490 4973 itaque
1526 4918 1647 4974 quae
1697 4902 1893 4973 habet,

182 4984 244 5040 in
267 5003 509 5045 manum
538 4990 820 5045 tentantis
845 4990 1075 5057 dantur,
1099 5000 1149 5044 et
1172 4991 1229 5044 in
1254 5007 1385 5046 eum
1412 4992 1751 5049 tentationis
1775 5010 1897 5051 ma-

185 5091 303 5133 nus
331 5081 561 5136 extendi
594 5080 954 5152 prohibetur,
989 5082 1142 5152 quod
1176 5086 1367 5137 tamen
1401 5082 1522 5137 ﬁeri
1567 5083 1895 5141 substantia

186 5169 399 5224 amissa
431 5170 813 5228 conceditur:
846 5172 984 5242 quia
1014 5171 1289 5226 nimirum
1325 5172 1485 5242 prius
1515 5172 1740 5240 Judzea,
1765 5191 1893 5246 quae

189 5260 477 5323 possessio
536 5261 663 5331 ejus
705 5261 911 5328 fuerat,
946 5261 1000 5315 in
1044 5261 1388 5316 infidelitate
1439 5261 1672 5317 sublata
1701 5274 1808 5329 est,
1840 5270 1896 5321 et

192 5354 327 5415 post
358 5352 479 5421 eius
497 5368 632 5406 caro
665 5350 926 5420 patibulo
950 5355 1140 5407 crucis
1164 5350 1354 5406 afﬁxa.
1381 5353 1486 5416 Qui
1521 5353 1698 5425 igitur
1730 5355 1893 5425 prius

194 5432 450 5497 Jndeam
494 5442 898 5498 adversantem
928 5442 1186 5514 pertulit,
1219 5448 1276 5499 et
1313 5445 1680 5515 postmodum
1715 5460 1894 5516 usjue

268 5674 350 5746 (α)
373 5674 658 5733 Vetustior
676 5675 905 5744 Rhem.,
920 5692 1033 5731 non
1058 5677 1221 5733 Deum
1239 5686 1484 5745 tantum;
1505 5680 1601 5733 sed
1619 5680 1892 5737 mendose

208 5762 356 5803 unus
385 5747 580 5819 Vind.,
611 5764 721 5806 non
753 5750 919 5809 Deum
948 5755 1186 5818 tantum,
1219 5750 1309 5807 sed
1342 5752 1395 5807 in
1429 5753 1637 5810 notitia.

2014 1853 2244 1905 gnasse.
2280 1838 2621 1895 Incarnatus
2653 1846 2846 1899 autem
2889 1849 3170 1903 Dominus
3219 1852 3377 1922 prius
3407 1872 3478 1911 ex
3517 1858 3718 1918 Judaaa

2013 1926 2081 1979 ad
2119 1925 2287 1981 [idem
2315 1944 2531 1999 paucus
2554 1931 2745 2002 elegit,
2769 1939 2827 1989 et
2856 1937 2976 2005 posi
3003 1938 3113 1993 sibi
3145 1942 3243 1997 57
3274 1945 3721 2008 multitudinem

2014 2014 2214 2086 pepuli
2241 2017 2476 2086 gentilis
2508 2024 2857 2093 aggregavit.
2883 2026 3024 2091 Quis
3053 2034 3247 2086 autem
3274 2035 3459 2105 major
3490 2038 3723 2097 Domini

2014 2105 2190 2170 filius,
2220 2106 2341 2196 nisi
2374 2109 2654 2165 Judaicus
2695 2113 2877 2184 accipi
2912 2118 3155 2187 pupulus
3189 2122 3378 2191 debet,
3404 2131 3503 2196 qui
3538 2132 3583 2184 ei
3618 2132 3719 2187 du-

2011 2194 2151 2247 dum
2200 2195 2352 2250 datae
2396 2196 2541 2269 legis
2588 2200 2771 2255 fuerat
2800 2205 3060 2260 doctrina
3107 2194 3477 2276 generatus:
3532 2219 3720 2274 minor

2008 2296 2197 2341 autem
2234 2289 2469 2357 gentilis
2504 2290 2774 2362 populus,
2808 2294 2905 2364 qui
2940 2300 2995 2349 et
3025 2297 3082 2351 in
3117 2302 3320 2355 mundi
3354 2309 3718 2367 extremitate

2010 2374 2281 2431 collectus
2312 2386 2397 2431 est
2420 2377 2447 2432 ?
2473 2380 2615 2443 Quia
2647 2381 2821 2449 igitur
2849 2398 2983 2438 eum
3023 2389 3199 2443 Satau
3249 2390 3488 2449 utilitati
3521 2396 3718 2454 homi—

2007 2480 2150 2519 num
2193 2467 2459 2522 nesciens
2499 2469 2831 2539 deserviret,
2862 2478 2919 2528 et
2948 2477 3237 2546 corruptis
3282 2495 3716 2550 persecuturum

2009 2554 2280 2609 cordibus
2331 2555 2621 2613 licentiam
2684 2558 2993 2618 Dominica
3061 2568 3351 2636 passionis
3404 2582 3718 2649 expeteret,

2008 2645 2195 2700 sancti
2228 2648 2470 2717 apostoli
2514 2650 2756 2706 necdum
2799 2659 3229 2727 aggregandam
3262 2661 3377 2718 Deo
3410 2645 3712 2737 gentilitas

2006 2740 2122 2792 tem
2164 2747 2455 2804 noverant,
2489 2744 2547 2795 et
2577 2740 2685 2795 soli
2732 2742 2945 2800 Judaeze
2996 2748 3126 2803 ﬁdei
3174 2767 3384 2809 arcana
3426 2760 3711 2827 pradica-

2008 2824 2184 2892 bant;
2220 2841 2350 2880 cum
2401 2828 2573 2885 Satau
2625 2832 2837 2890 exiisse
2866 2852 2898 2889 a
2937 2835 3185 2895 Domino
3234 2824 3467 2911 dicitur,
3513 2849 3614 2907 filii
3646 2859 3703 2910 et

2008 2914 2135 2970 tiliae
2168 2919 2226 2975 in
2259 2922 2431 2977 domo
2467 2922 2656 2977 fratris
2688 2926 3057 2998 primogeniti
3105 2933 3395 2989 convivari
3437 2940 3706 2998 referun-

2004 3009 2119 3097 tur.
2156 3008 2384 3065 Dictum
2431 3014 2647 3084 quippe
2692 3014 2775 3069 eis
2826 3016 3045 3072 fuerat:
3080 3024 3147 3075 In
3178 3025 3322 3077 viam
3363 3031 3610 3097 gentium
3637 3049 3708 3090 ne

2006 3096 2255 3154 abieritis
2301 3100 2508 3172 (Matth.
2541 3120 2595 3170 κ,
2625 3103 2700 3174 5).
2748 3106 2885 3161 Post
2933 3118 3181 3165 mortem
3228 3129 3480 3187 namque
3516 3136 3711 3178 resur-

2008 3188 2435 3261 rectionemque
2507 3191 2737 3248 Domini
2796 3195 2852 3250 in
2917 3198 3178 3267 gentium
3241 3206 3709 3274 praedicationem

2009 3280 2273 3335 conversi
2301 3290 2459 3337 sunt.
2484 3281 2646 3340 Unde
2676 3290 2732 3339 et
2764 3285 2817 3339 in
2848 3288 2972 3343 suis
3004 3291 3249 3348 Actibus
3281 3294 3521 3355 dicunt:
3561 3302 3711 3359 Vobis

2006 3368 2285 3436 oportebat
2308 3370 2463 3441 loqui
2490 3372 2733 3441 primum
2765 3375 2988 3431 verbum
3018 3379 3116 3434 Dei
3134 3399 3155 3445 ;
3176 3382 3266 3437 sed
3281 3383 3358 3456 (b)
3390 3389 3521 3457 quia
3552 3406 3716 3463 repu-

2008 3457 2148 3512 listis
2180 3459 2337 3521 illud,
2370 3464 2419 3516 et
2451 3460 2705 3532 indignos
2735 3480 2823 3519 vos
2843 3468 3134 3535 judicastis
3165 3481 3383 3529 aeternae
3414 3479 3560 3545 vitae,
3592 3457 3711 3539 ecce

2002 3548 2377 3603 convertimur
2422 3551 2490 3605 ad
2538 3557 2720 3621 gentes
2751 3554 2883 3623 (Act.
2934 3571 3055 3626 xm,
3102 3558 3209 3628 46).
3244 3560 3311 3616 Hi
3361 3564 3555 3637 itaque
3607 3571 3710 3625 lilii

2005 3637 2228 3705 sponsi,
2262 3638 2330 3692 de
2364 3640 2579 3709 quibus
2619 3646 2676 3696 et
2723 3643 2987 3712 ejusdem
3023 3662 3155 3702 voce
3205 3655 3402 3722 sponsi
3454 3656 3711 3717 dicitur:

2009 3727 2141 3781 Non
2185 3727 2525 3798 jejunabunt
2574 3732 2684 3800 ﬁlii
2727 3736 2933 3803 sponsi,
2973 3738 3223 3806 quandiu
3290 3758 3415 3798 cum
3466 3746 3579 3801 illis
3636 3759 3715 3807 est

2004 3830 2232 3885 sponsus
2280 3818 2490 3888 (Matth.
2527 3835 2603 3886 ix,
2640 3822 2748 3887 15),
2785 3822 2840 3875 in
2893 3825 3066 3879 domo
3101 3828 3291 3883 fratris
3341 3833 3711 3906 primogeniti

2003 3906 2403 3975 convivantur,
2456 3908 2554 3977 qui
2633 3908 2900 3965 videlicet
2955 3913 3148 3969 adhuc
3204 3920 3449 3987 apostoli
3525 3938 3704 3980 sacrm

2008 3995 2320 4064 Scriptura:
2352 3995 2573 4053 deliciis
2603 3998 2661 4054 in
2687 4001 2870 4058 solius
2898 4002 3125 4061 Judaici
3148 4011 3345 4081 populi
3369 4012 3706 4073 collectione

2007 4086 2411 4142 vescebantur.

2292 4178 2525 4235 CAPUT
2556 4179 2696 4236 ΧΧΧ
2726 4183 2862 4253 [νει.
2897 4186 3037 4251 XXV,
3072 4188 3192 4243 Rec.
3226 4192 3426 4265 XVIII].

2078 4266 2247 4322 Vens.
2284 4268 2372 4333 14,
2409 4268 2492 4323 15.
2525 4300 2591 4309 -
2629 4271 2869 4329 Nuntius
2899 4278 3044 4330 venit
3073 4278 3143 4333 ad
3184 4281 3304 4347 Job,
3336 4286 3433 4354 qui
3468 4286 3710 4348 diceret:

2010 4359 2177 4410 Boves
2207 4356 2461 4423 arebant,
2504 4365 2559 4412 et
2598 4361 2770 4414 asinae
2797 4365 3162 4432 pascebantur
3198 4369 3365 4439 juxta
3392 4389 3498 4441 eos,
3526 4381 3582 4431 ct
3628 4380 3713 4435 ir-

2006 4450 2234 4501 ruerunl
2276 4447 2843 4522 Sabzei,tuleruntque
2888 4458 3093 4525 omnia,
3117 4466 3169 4513 et
3198 4476 3393 4530 pueros
3430 4482 3709 4535 percusse-

2011 4542 2139 4592 runt
2167 4538 2365 4607 gladio,
2398 4548 2447 4593 et
2472 4540 2626 4595 evasi
2650 4556 2762 4611 ego,
2791 4545 2960 4613 solus,
2992 4558 3050 4602 ut
3073 4554 3393 4610 nuntiarem
3420 4558 3525 4613 tibi

2081 4629 2166 4683 49.
2210 4628 2492 4699 Simplices
2528 4634 2941 4701 perfectioribus
2989 4639 3351 4713 adhaerentes,
3384 4663 3574 4706 eorum
3620 4654 3709 4707 in-

2006 4718 2220 4773 tellectu
2249 4730 2567 4786 pascuntur.
2600 4754 2670 4763 -—
2698 4723 2843 4787 Quid
2880 4727 3033 4781 aliud
3085 4747 3183 4801 per
3215 4733 3457 4805 figuram
3509 4740 3706 4810 boves,

2002 4824 2173 4879 quam
2200 4811 2339 4863 bene
2361 4817 2708 4881 operantes;
2743 4816 2878 4883 quid
2904 4816 3062 4872 aliud
3087 4820 3302 4890 asinas,
3328 4840 3505 4895 quam
3533 4845 3704 4898 quos-

2002 4898 2134 4953 dam
2168 4899 2513 4971 simpliciter
2535 4902 2788 4960 viventes
2821 4907 3182 4977 accipimus?
3211 4912 3343 4976 Quae
3378 4913 3705 4985 benejuxta

2001 4987 2174 5044 boves
2188 4988 2345 5059 pasci
2362 4990 2543 5046 releru
2556 5000 2721 5059 ntur;
2746 4996 2882 5066 quia
2904 5001 3132 5052 mentes
3145 4998 3503 5071 simplicium
3527 5006 3700 5063 etiam

2001 5092 2128 5133 cum
2154 5077 2269 5134 alta
2291 5080 2389 5151 (α’)
2404 5097 2605 5152 capere
2620 5100 2729 5138 non
2756 5095 3019 5153 possunt,
3034 5102 3099 5140 eo
3115 5088 3301 5158 magis
3323 5091 3523 5148 vicinas
3538 5102 3702 5165 sunt,

1999 5184 2110 5238 quo
2140 5174 2196 5225 et
2229 5171 2479 5227 fraterna
2526 5174 2698 5242 bona,
2729 5191 2830 5229 sua
2882 5192 2981 5245 per
3028 5177 3366 5237 charitatem
3412 5187 3697 5259 credunt;

1999 5276 2251 5333 cumque
2303 5262 2559 5319 invidere
2590 5265 2792 5319 alienis
2824 5267 3091 5322 sensibus
3122 5270 3403 5343 nesciunt,
3440 5278 3607 5345 quasi
3639 5277 3699 5335 in

1999 5355 2163 5420 pastu
2196 5367 2255 5406 se
2288 5352 2519 5407 minime
2548 5353 2846 5409 devidunt.
2878 5355 3066 5410 Simul
3098 5374 3233 5430 ergo
3265 5377 3325 5416 se
3356 5365 3533 5420 asinis
3564 5384 3696 5425 cum

2000 5438 2185 5495 bobus
2205 5440 2482 5508 reﬁciunt,
2508 5442 2646 5514 quia
2667 5444 3051 5515 prudentibus
3076 5448 3371 5520 conjuncti
3394 5458 3691 5528 tardiores,

2068 5678 2144 5764 (b)
2175 5677 2435 5764 Plerique
2467 5679 2630 5749 Mss.,
2663 5682 2799 5753 quia
2836 5684 3101 5756 repellitis
3150 5684 3307 5751 illud,
3342 5694 3393 5742 et
3442 5687 3692 5759 indignos

1994 5765 2083 5809 vos
2102 5750 2389 5825 judicatis.
