4086 6166
356 256 477 315 579

1645 244 1921 305 SANGTI
1965 243 2341 306 GREGORII
2386 242 2632 304 MAGNI

3778 246 3896 308 580

358 406 557 449 eorum
602 384 990 461 intelligentia
1034 386 1375 456 pascuntur.
1408 379 1593 438 Sabaei
1637 382 1831 436 autem
1881 380 2075 452 capti-
2103 388 2155 451 Α
2189 380 2549 436 videbantur.
2587 378 2700 434 Sed
2727 376 2866 449 quia
2894 376 3006 449 ipsi
3056 377 3433 451 summopere
3464 380 3523 435 in
3562 380 3899 451 redempto-

359 488 562 539 vantes
612 481 1087 552 interpretantur.
1116 476 1181 529 Et
1229 472 1331 544 qui
1362 472 1461 526 alii
1509 470 1925 540 captivantium
1971 486 2077 525 no-

360 574 541 639 mine,
566 571 677 625 nisi
704 567 994 624 immundi
1022 564 1265 633 spiritus
1287 560 1684 629 designantur,
1710 561 1809 631 qui
1833 565 2075 614 cunctos

359 680 509 736 quos
534 660 644 717 Sibi
671 657 997 728 subjiciunt
1021 654 1076 706 in
1100 650 1502 706 inﬁdelitatem
1528 650 1783 719 captivos
1807 651 2029 705 ducunt
2048 649 2075 703 ?

359 755 465 819 Qui
498 758 553 807 et
578 765 786 822 pueros
808 745 998 817 gladio
1025 743 1261 809 feriunt,
1296 740 1435 811 quia
1465 755 1561 794 eos
1592 740 1924 795 tentationis
1955 756 2073 793 sua

361 844 616 915 graviter
667 837 882 908 jaculis
928 832 1261 900 vulnerant,
1307 845 1453 900 quos
1512 830 1760 885 necdum
1795 830 2073 898 juxenilis

361 927 694 987 constantia
725 926 938 979 liberos
968 921 1057 975 vel
1091 921 1358 975 robustos
1387 926 1597 973 servat.
1622 919 1727 984 Qui
1762 920 1907 973 bene
1939 917 2073 989 qui-

362 1024 494 1076 dem
529 1022 683 1074 bona
711 1015 1019 1085 incipiunt,
1054 1013 1152 1067 sed
1188 1013 1245 1065 in
1276 1010 1405 1080 ipsa
1451 1009 1642 1063 adhuc
1685 1010 2072 1064 inchoatiouis

363 1126 482 1166 sua:
511 1104 901 1163 teneritudine
932 1099 1359 1171 captivantibus
1409 1099 1732 1155 immundis
1772 1098 2071 1169 spiritibus

361 1200 841 1256 substernuntur.
860 1194 1015 1258 Quos
1037 1191 1232 1263 gladio
1251 1188 1434 1245 hostis
1462 1190 1733 1260 percutit,
1757 1188 1893 1260 quia
1913 1199 2070 1245 aeter-

362 1288 561 1345 nitatis
592 1283 995 1356 desperatione
1026 1280 1340 1351 transﬁgit.

434 1380 595 1448 [Ριεο.
645 1374 813 1444 XIX.]
844 1373 932 1427 50.
981 1371 1300 1440 Prophetia,
1341 1368 1548 1424 caeteris
1597 1369 1977 1436 pereuntibus,
2010 1370 2069 1424 in

358 1478 631 1527 aeternum
662 1466 866 1519 manet.
890 1492 957 1503 —
988 1461 1133 1525 Quid
1161 1468 1249 1515 est
1276 1464 1471 1514 autem
1506 1458 1613 1513 hoc
1638 1460 1790 1530 quod
1826 1459 2069 1514 nuntius

358 1558 536 1624 venit,
589 1555 690 1627 qui
736 1554 954 1608 diceret
996 1567 1009 1606 :
1056 1552 1218 1605 Evasi
1259 1565 1352 1620 ego
1387 1549 1535 1605 solus
1564 1551 1592 1602 ?
1631 1549 1771 1613 Quis
1823 1554 1913 1605 est
1961 1549 2069 1605 iste

360 1648 626 1713 nuntius,
653 1645 772 1714 qui,
797 1643 928 1696 aliis
962 1639 1360 1712 pereuntibus,
1386 1639 1546 1694 solus
1568 1639 1780 1706 evadit,
1806 1639 1915 1693 nisi
1942 1654 2071 1709 pro-

358 1737 628 1811 pheticus
653 1750 867 1798 sermo,
893 1732 1013 1801 qui,
1037 1732 1175 1784 dum
1200 1730 1345 1783 ﬁunt
1377 1729 1570 1783 omnia
1594 1729 1745 1783 mala
1776 1745 1898 1798 quse
1924 1746 2068 1800 pra:-

359 1823 706 1895 dixit,quasi
734 1838 913 1878 sanus
933 1821 1000 1873 ad
1019 1818 1324 1874 Dominum
1349 1818 1506 1871 solus
1530 1816 1715 1871 redit?
1736 1817 1884 1871 Dum
1909 1818 2065 1872 enim

358 1932 496 1971 vera
526 1915 745 1969 dixisse
791 1912 862 1966 de
894 1910 1251 1980 perditorum
1301 1922 1437 1961 casu
1473 1906 1867 1976 cognoscitur,
1900 1907 2067 1977 quasi

359 2008 508 2061 inter
542 2012 797 2058 mortuos
827 2000 1040 2054 vixisse
1071 2001 1449 2052 monstratur.
1485 1995 1630 2050 Hinc
1657 2000 1763 2062 est,
1797 1995 1952 2067 quod
1993 1997 2063 2051 ad

359 2096 675 2153 Rebeccam
708 2093 767 2146 in
802 2094 963 2146 Isaac
995 2089 1265 2159 coujugio
1306 2088 1706 2142 deducendam
1752 2104 1896 2159 puer
1927 2087 2063 2141 mit-

360 2188 501 2240 titur
521 2184 732 2253 (Genes.
760 2198 910 2248 xxw,
932 2181 1013 2250 9),
1037 2181 1169 2249 quis
1200 2176 1463 2231 vidi-licet
1491 2177 1558 2231 ad
1593 2178 2063 2247 desponsandam

361 2276 673 2330 Ecclesium
711 2271 978 2338 Domino,
1013 2269 1357 2341 interposita
1387 2268 1690 2338 prepbetia
1722 2268 2064 2323 famulatur.

358 2366 577 2421 Sabaeis
628 2379 759 2435 ergo
803 2360 1186 2424 irruentibus,
1229 2358 1388 2413 solus
1437 2373 1573 2427 puer
1623 2360 1719 2426 qui
1771 2360 2068 2413 nuntiaret

354 2456 560 2521 evasit,
584 2453 724 2525 quia
744 2451 1017 2523 malignis
1041 2448 1341 2518 spiritibus
1366 2448 1733 2503 inﬁrmorum
1760 2456 1983 2503 mentes
2007 2450 2065 2502 in

356 2544 746 2616 captivitatem
791 2540 1160 2605 ducentibus,
1193 2539 1477 2592 sententia
1513 2539 1825 2607 prophetiae
1858 2554 2067 2592 conva-

356 2636 498 2701 luit;
538 2631 642 2689 58
667 2647 792 2703 quae
836 2632 1101 2685 eamdem
1126 2628 1517 2697 captivitatem
1563 2628 1961 2699 praenuntians
1988 2628 2069 2681 di-

359 2728 432 2782 cit
464 2743 478 2781 :
516 2726 822 2792 Propterra
851 2723 1098 2791 captivus
1127 2720 1322 2773 ductus
1358 2724 1440 2772 est
1467 2720 1699 2787 populus
1731 2734 1902 2785 meus,
1934 2720 2068 2789 quia

359 2832 468 2872 non
517 2815 708 2869 habuit
759 2810 1046 2866 scientiam
1095 2810 1260 2879 (Is-ai.
1312 2826 1368 2877 ν,
1422 2809 1533 2879 13).
1587 2808 1890 2877 Prophetia
1932 2824 2067 2880 ergo

361 2905 526 2975 Quasi
552 2900 830 2967 salvalur,
855 2900 993 2953 dum
1018 2899 1345 2968 captivitas,
1370 2912 1547 2967 quam
1572 2896 1857 2967 praedixit,
1881 2902 2070 2952 osten-

358 2978 538 3047 ditur.
571 2989 881 3059 Sequitur:

653 3115 893 3171 CAPUT
942 3113 1115 3169 XXXI
1144 3112 1279 3185 [νει.
1313 3113 1482 3178 XXVI,
1518 3115 1635 3169 Rec.
1660 3114 1781 3185 XX].

428 3227 603 3283 Vens.
641 3227 726 3280 16.
772 3255 837 3265 —
890 3224 1125 3293 Cumque
1176 3222 1354 3277 adhuc
1392 3224 1489 3279 ille
1538 3225 1871 3294 loqueretur,
1917 3230 2067 3283 venit

357 3320 527 3386 alter,
561 3326 611 3374 et
631 3317 775 3372 dixit
797 3335 815 3370 :
850 3317 993 3386 Ignis
1028 3316 1121 3370 Dei
1139 3315 1333 3370 cecidit
1363 3315 1427 3370 de
1455 3316 1605 3381 cado,
1640 3318 1690 3368 et
1721 3324 1895 3371 tactas
1925 3334 2064 3385 oves,

356 3424 663 3483 puerosque
708 3404 1063 3476 consumpsit,
1097 3410 1145 3459 et
1188 3406 1355 3477 cﬂugi
1396 3422 1493 3476 ego
1531 3406 1699 3474 solus,
1733 3414 1797 3461 ut
1842 3411 2068 3464 nuntia-

356 3520 475 3558 rem
509 3499 628 3556 tibi.

426 3626 515 3679 51.
562 3624 710 3693 Ignis
768 3637 889 3677 oves
931 3626 983 3676 et
1028 3636 1224 3690 pueros
1270 3619 1368 3676 Job
1410 3636 1751 3690 consumens,
1798 3623 2063 3677 invidiam

356 3718 706 3771 sacerdotum
754 3716 943 3767 contra
994 3711 1269 3766 Christum
1335 3714 1636 3782 signiﬁcat.
1690 3712 1866 3769 Malos
1920 3716 2065 3784 ignis

357 3820 507 3860 nunc
526 3806 733 3859 cruciat
745 3818 842 3873 per
863 3801 1106 3867 livorem,
1120 3804 1305 3871 postea
1321 3819 1418 3871 per
1430 3802 1743 3857 vindictam.
1759 3832 1828 3843 —
1849 3804 2064 3860 Omnes

359 3897 454 3967 qui
498 3891 925 3965 praedicationis
974 3891 1228 3945 ofﬁcium
1279 3891 1337 3947 in
1390 3908 1682 3963 synagoga
1729 3898 2065 3962 tenuerunt,

356 3985 569 4043 cmlum
606 3988 757 4039 recte
806 3980 992 4037 vocati
1025 3986 1182 4046 sunt,
1217 3983 1356 4051 quia
1404 3982 1677 4035 nimirum
1720 3999 1921 4053 sapere
1965 4000 2065 4038 su-

359 4092 539 4146 perna
569 4074 974 4128 credebantur.
1010 4070 1174 4125 Unde
1203 4076 1259 4126 et
1291 4075 1537 4141 Moyses,
1571 4087 1702 4125 cum
1736 4073 2065 4129 sacerdotes

359 4182 425 4220 ac
471 4162 755 4235 populum
794 4161 864 4215 ad
910 4159 1083 4215 verba
1133 4175 1251 4215 sua:
1297 4158 1719 4214 admonitionis
1766 4161 2062 4233 excitaret,

357 4254 540 4310 dixit:
575 4251 824 4318 Attende,
847 4251 1064 4315 coelum,
1088 4256 1140 4305 et
1172 4250 1405 4321 loquar;
1436 4257 1484 4305 et
1514 4249 1713 4305 audiat
1737 4258 1887 4306 terra
1903 4253 2064 4308 verba

357 4360 427 4398 ex
484 4358 576 4399 ore
620 4357 734 4397 meo
783 4343 967 4413 (Deut.
1019 4357 1197 4409 XXXII,
1234 4344 1282 4410 1,
1316 4356 1419 4397 sec.
1470 4342 1651 4413 LXX);
1702 4358 1804 4412 per
1851 4343 2062 4399 cmlum

356 4429 627 4484 videlicet
658 4431 895 4500 signans
927 4431 1373 4501 praepositorum
1406 4431 1691 4498 ordinem,
1716 4447 1819 4503 per
1846 4438 2060 4489 terram

354 4534 487 4574 vero
509 4516 587 4588 (ὁ)
614 4517 909 4573 subditam
946 4517 1185 4588 plebem.
1224 4518 1339 4574 Hoc
1373 4519 1693 4591 igiturloco
1724 4520 1957 4591 ccelum,
1978 4540 2062 4578 sa-

356 4608 639 4673 cerdotes,
664 4605 750 4661 vel
783 4606 1124 4672 Phatismos,
1146 4606 1233 4662 vel
1268 4608 1407 4678 legis
1429 4612 1694 4665 doctores
1726 4626 1839 4665 non
1866 4612 2062 4667 incon-

351 4697 652 4754 venienter
682 4694 1026 4766 accipimus,
1052 4694 1151 4766 qui
1184 4702 1318 4751 ante
1349 4698 1546 4753 oculos
1572 4698 1879 4754 hominum
1911 4701 2052 4756 dum

354 4785 694 4847 caelestibus
742 4784 949 4841 ofﬁciis
980 4784 1345 4855 inservirent,
1378 4788 1545 4859 quasi
1584 4789 1834 4862 desuper
1863 4789 2056 4846 lucere

424 4954 523 5029 (α’)
554 4953 640 5009 Ita
670 4965 875 5029 omnes
907 4948 1049 5005 Mss.
1070 4950 1380 5029 nostrinln
1414 4950 1808 5029 Edit._.Yatic._,
1832 4952 1944 5029 alta
1972 4968 2056 5029 sa:

349 5020 532 5101 pere;
570 5024 724 5097 quod
774 5023 951 5079 etiam
999 5021 1237 5077 retinuit
1292 5020 1673 5089 Gussanvill.,
1724 5023 1934 5092 rejecto
1983 5025 2055 5079 ad

351 5098 697 5171 marginem,
720 5111 934 5171 capere.

424 5163 514 5241 (by
535 5163 708 5241 Editi,
727 5163 1073 5241 subditorum
1099 5166 1328 5241 plebem.
1362 5163 1564 5241 Melius
1587 5164 1751 5234 Mss.,
1782 5165 2057 5222 subditam

352 5238 547 5311 plQSic
580 5240 754 5305 infra,
780 5256 942 5295 num.
975 5240 1068 5309 53,
1096 5238 1741 5311 legimus,prsetlicantes
1771 5241 2054 5308 apostolos,

356 5320 407 5366 et
436 5311 612 5377 plebes
643 5312 911 5366 subditas.

428 5381 501 5452 (c)
551 5381 740 5452 Corb.,
791 5384 978 5437 Germ.
1031 5390 1083 5437 et
1140 5382 1324 5447 Colb.,
1369 5381 1428 5436 in
1491 5380 1891 5437 adversitatem.
1941 5381 2058 5437 Hoc

356 5449 553 5509 autem
573 5449 701 5525 loco
734 5453 1053 5525 adversitas
1078 5471 1187 5510 non
1221 5455 1374 5508 idem
1406 5454 1703 5525 signiﬁcat
1724 5470 1789 5508 ac
1818 5454 2061 5509 calami-

356 5530 467 5593 tas,
492 5521 591 5577 sed
614 5526 699 5575 est
724 5523 951 5597 proprie
974 5526 1401 5597 adversantium
1424 5521 1710 5597 oppositio
1745 5528 1868 5593 Quo
1883 5542 2060 5580 sensu

356 5597 462 5652 lib.
499 5608 600 5668 _Iu,
632 5608 759 5668 cap.
802 5594 966 5668 olim.
1012 5596 1097 5659 15,
1131 5612 1309 5651 nunc.
1339 5594 1649 5668 ‘26,'num.
1681 5597 1771 5664 52,
1807 5597 2057 5668 legitur:

358 5664 625 5740 protinus
655 5664 712 5740 in
745 5666 1131 5740 adversitgtem
1177 5666 1503 5735 prosiliunt.
1542 5668 1687 5726 Vide
1715 5664 1893 5725 etiam
1926 5670 1964 5724 l.
1999 5684 2060 5735 ιι,

366 5733 424 5793 n.
456 5736 544 5803 38,
580 5737 636 5788 et
669 5734 705 5787 l.
740 5734 828 5797 16,
856 5748 913 5788 n.
947 5733 1034 5786 45.

2185 472 2266 526 ris
2301 470 2478 526 nostri
2511 470 2583 539 (c)
2637 468 2981 523 adversitate
3013 470 3287 524 commoti
3333 475 3492 538 sunt,
3526 471 3696 542 quasi
3743 472 3895 543 ignis

2185 560 2254 614 de
2286 559 2426 614 coelo
2455 558 2685 626 cecidit,
2711 558 2851 612 dum
2886 559 2954 612 ad
2990 559 3392 629 decipiendum
3422 560 3754 628 imperitum
3786 578 3889 632 po-

2185 650 2412 721 pulum,
2447 650 2520 704 ab
2570 649 2662 704 bis
2710 650 2883 703 etiam
2936 650 3035 720 qui
3083 666 3217 704 vera
3255 650 3461 706 docere
3510 652 3891 722 putabantur,

2184 741 2421 796 ﬂamma
2442 740 2671 796 invidiae
2703 740 2937 796 exarsit.
2963 741 3136 796 Teste
3159 740 3370 812 quippe
3395 740 3700 812 Evangelia
3732 743 3896 798 novi-

2182 848 2315 887 mus
2346 832 2500 902 quod
2548 830 2820 885 doctrinas
2853 830 3113 884 veritatis
3156 831 3501 899 invidentes,
3535 833 3893 904 opportuni-

2180 927 2354 975 tatem
2379 919 2694 974 Dominicaa
2712 918 3042 974 traditionis
3064 918 3475 989 exquirebant;
3503 922 3605 976 sed
3635 927 3898 977 metuen-

2178 1014 2266 1064 tes
2300 1010 2601 1081 populum,
2635 1026 2761 1080 quae
2798 1008 3188 1064 moliebantur
3234 1009 3603 1066 innotescere
3638 1029 3752 1066 non
3786 1029 3897 1067 au-

2179 1101 2412 1155 debant.
2440 1099 2585 1155 Hinc
2607 1100 2778 1154 etiam
2817 1100 2875 1153 in
2907 1116 2972 1155 eo
3013 1100 3295 1170 scriptum
3327 1106 3434 1169 est,
3467 1101 3625 1173 quod
3658 1103 3737 1173 (tt)
3765 1103 3895 1156 dis-

2178 1190 2499 1246 suadendis
2551 1188 2779 1260 populis
2806 1188 3009 1244 dicunt
3043 1206 3054 1243 :
3088 1190 3346 1262 Nunquid
3385 1190 3596 1262 aliquis
3623 1208 3693 1247 ex
3714 1195 3897 1264 prin-

2176 1279 2389 1350 cipibus
2420 1277 2653 1334 credidit
2684 1277 2741 1333 in
2788 1296 2932 1346 eum,
2967 1287 3061 1334 aut
3094 1294 3161 1334 ex
3206 1280 3547 1335 Pharisaeis?
3577 1280 3677 1336 Sed
3717 1282 3901 1337 turba

2177 1371 2289 1425 hac
2317 1386 2436 1442 quae
2482 1385 2594 1423 non
2634 1370 2783 1424 novit
2832 1370 3011 1441 legem
3060 1369 3348 1425 maledicti
3387 1379 3515 1426 sunt
3558 1372 3732 1443 (Joan.
3779 1388 3899 1438 vu,

2179 1460 2289 1531 48).
2317 1460 2463 1525 Quid
2487 1468 2676 1513 autem
2712 1458 2772 1513 in
2805 1459 3010 1514 ovibus
3041 1465 3218 1530 atque
3250 1460 3308 1514 in
3346 1461 3558 1528 pueris,
3580 1459 3695 1515 nisi
3727 1460 3899 1517 inno-

2178 1561 2371 1605 centes
2420 1564 2705 1620 quosque,
2740 1547 2842 1602 sed
2875 1554 3067 1603 tamen
3120 1549 3310 1603 adhuc
3344 1549 3635 1617 inﬁrmos,
3670 1551 3898 1621 accipi-

2179 1642 2357 1697 mus?
2380 1640 2478 1711 qui
2512 1640 2646 1692 dum
2677 1639 3079 1693 adversitatem
3114 1640 3543 1694 Pharisaeorum
3573 1656 3641 1695 ac
3671 1640 3896 1710 princi-

2179 1749 2312 1804 pum
2348 1729 2592 1786 tolerare
2625 1727 2968 1795 timuerunt,
3001 1728 3361 1784 inﬁdelitatis
3410 1730 3897 1785 concrematione

2176 1822 2504 1890 consumpti
2557 1822 2717 1872 sunt.
2767 1817 3001 1872 Dicatur
3050 1835 3223 1890 ergo:
3271 1820 3418 1887 Ignis
3456 1819 3552 1874 Dei
3600 1819 3788 1875 cecidit
3826 1820 3897 1877 de

2175 1913 2325 1979 ctelo,
2375 1919 2425 1965 et
2469 1913 2642 1963 tactas
2690 1923 2832 1977 oves,
2875 1924 3177 1979 puerosque
3223 1908 3579 1979 consumpsit,
3623 1910 3675 1964 id
3706 1914 3820 1979 est,
3864 1928 3898 1966 a

2177 2004 2615 2074 praepositorum
2669 2000 2941 2055 cordibus
2992 1998 3231 2052 ﬂamma
3279 1998 3504 2053 invidiae
3557 1999 3801 2065 corruit,
3837 2004 3898 2055 et

2176 2094 2459 2164 quidquid
2504 2094 2638 2149 boni
2669 2094 2728 2147 in
2760 2090 3028 2163 plebibus
3068 2089 3381 2157 oriebatur,
3418 2088 3709 2156 incendit;
3744 2090 3895 2159 quia

2175 2186 2316 2238 dum
2350 2183 2488 2239 mali
2520 2181 2813 2255 praepositi
2844 2196 3013 2235 suum
3047 2188 3245 2234 contra
3274 2179 3568 2234 veritatem
3602 2179 3903 2236 honorem

2174 2274 2434 2346 exigunt,
2467 2276 2538 2329 ab
2583 2275 2742 2330 omni
2792 2271 3140 2328 rectitudine
3182 2270 3357 2326 corda
3400 2270 3763 2341 sequentium
3805 2272 3896 2341 (c)

2176 2369 2544 2422 subvertunt.
2580 2365 2682 2421 Ubi
2733 2370 2787 2420 et
2826 2364 2967 2419 bene
3016 2363 3397 2433 adjungitur:
3451 2363 3513 2416 Et
3560 2360 3732 2433 effugi
3787 2378 3895 2433 ego

2175 2458 2344 2523 solus,
2365 2461 2424 2511 ut
2450 2459 2762 2511 nuntiarem
2792 2453 2928 2521 tibi;
2963 2452 3101 2522 quia
3133 2454 3266 2506 dum
3299 2451 3575 2521 impletur
3606 2450 3897 2522 praedicta

2177 2564 2349 2603 causa
2381 2547 2637 2613 malitiae,
2671 2543 2909 2599 fallaciae
2955 2542 3255 2596 interitum
3290 2540 3481 2595 evadit
3521 2556 3713 2595 sermo
3746 2556 3900 2610 pro-

2178 2639 2408 2709 phetite,
2442 2638 2541 2709 qui
2578 2637 2693 2691 ait:
2748 2636 2810 2688 Et
2860 2649 3007 2687 nunc
3038 2631 3185 2703 ignis
3225 2630 3567 2686 adversarios
3615 2633 3906 2686 consumit

2177 2730 2327 2799 (1ςαὶ.
2359 2745 2510 2795 xxv1,
2549 2726 2650 2793 11).
2684 2728 2760 2779 Ac
2794 2723 2840 2777 si
2875 2729 3071 2794 aperte
3102 2722 3293 2775 dicat:
3330 2720 3513 2775 Malos
3546 2737 3659 2775 non
3692 2719 3898 2775 solum

2177 2818 2330 2889 ignis
2362 2834 2462 2888 per
2493 2816 2807 2870 vindictam
2834 2819 2963 2884 post
2993 2811 3232 2878 cruciat,
3255 2811 3352 2865 sed
3387 2826 3543 2865 nunc
3574 2810 3752 2865 etiam
3792 2827 3903 2882 per

2176 2909 2416 2965 livorem
2451 2910 2686 2971 cremat,
2712 2905 2847 2976 quia
2882 2902 2981 2974 qui
3007 2908 3137 2973 post
3165 2900 3444 2973 puniendi
3478 2905 3616 2955 sunt
3639 2899 3903 2955 retribu-

2178 2998 2352 3053 tionis
2398 2995 2704 3068 supplicio,
2746 3010 2903 3049 nunc
2952 2991 3293 3062 semetipsos
3342 2991 3602 3046 afﬁciunt
3651 2990 3902 3045 invidiae

2179 3093 2485 3144 tormento.
2523 3092 2668 3142 Puer
2716 3101 2851 3157 ergo
2884 3082 3045 3139 solus
3096 3082 3325 3154 fugiens
3375 3086 3615 3149 remeat,
3641 3084 3701 3135 et
3746 3082 3905 3154 igne

2182 3179 2424 3252 periisse
2473 3194 2607 3232 oves
2654 3190 2975 3246 puerosque
3016 3173 3342 3239 denuntiat,
3389 3172 3525 3225 dum
3583 3169 3906 3242 prophetia

2172 3269 2479 3325 Judaicum
2537 3266 2817 3339 p0pulum
2867 3266 3162 3329 deserens,
3186 3280 3321 3317 vera
3369 3279 3428 3317 se
3457 3261 3668 3316 dixisse
3701 3265 3904 3317 mani-

2177 3362 2367 3424 festat,
2399 3375 2522 3429 qua:
2569 3358 2683 3413 ait:
2717 3357 2783 3427 (Ι)
2813 3357 2975 3410 Zelus
3013 3354 3371 3425 apprehendit
3400 3352 3666 3423 papulum
3698 3353 3910 3408 ineru-

2174 3450 2373 3505 ditum.
2407 3454 2483 3505 Ac
2513 3450 2562 3504 si
2612 3455 2809 3519 aperte
2841 3447 3035 3501 dicat:
3071 3450 3211 3499 Dum
3255 3444 3429 3499 verba
3468 3442 3903 3514 prophetarum

2176 3540 2340 3614 plebs
2372 3541 2663 3595 discutere
2697 3537 2904 3601 noluit,
2928 3539 3022 3592 sed
3058 3534 3462 3591 credulitatem
3497 3548 3666 3588 suam
3704 3534 3906 3589 verbis

2176 3630 2564 3687 invidentium
2616 3629 2795 3695 dedit,
2836 3627 2939 3682 zeli
2995 3625 3129 3695 igne
3174 3625 3360 3690 periit,
3394 3622 3532 3693 quia
3577 3623 3636 3676 in
3686 3622 3905 3679 alienae

2176 3720 2405 3776 invidus
2439 3736 2499 3774 se
2531 3720 2766 3773 ﬂamma
2796 3717 3206 3771 concremavit.
3241 3714 3552 3781 Sequitur:

2563 3808 2801 3865 CAPUT
2844 3805 3062 3860 XXXII
3096 3806 3226 3877 [νει.
3262 3802 3484 3873 XXVII].

2246 3899 2419 3953 Vens.
2454 3897 2539 3951 17.
2572 3928 2641 3935 —
2665 3895 2763 3949 Sed
2792 3898 2841 3949 et
2880 3893 2985 3947 illo
3014 3892 3200 3947 adhuc
3240 3891 3512 3962 loquente,
3534 3891 3687 3945 venit
3718 3892 3901 3957 alius,

2175 3999 2223 4046 et
2253 3988 2432 4043 dixit:
2466 3985 2713 4041 Chaldaei
2758 3986 3005 4051 fecerunt
3055 3987 3163 4037 tres
3203 3991 3434 4046 turmas,
3467 3984 3517 4035 et
3558 3979 3903 4036 invaserunt

2173 4079 2424 4142 camelos,
2452 4082 2501 4132 et
2547 4075 2797 4129 tulerunt
2826 4088 2934 4139 eos,
2965 4088 3173 4128 necnon
3202 4082 3251 4126 et
3280 4085 3476 4141 pueros
3496 4074 3903 4140 percusserunt

2173 4170 2385 4239 gladio,
2420 4175 2468 4222 et
2491 4166 2659 4237 eﬂugi
2687 4180 2781 4234 ego
2801 4164 2967 4229 solus,
3001 4170 3058 4216 ut
3088 4161 3555 4217 nuntiarem-tibi.

2245 4259 2345 4315 59
2394 4259 2482 4311 52.
2539 4254 2785 4311 Chaldaei
2834 4258 2944 4309 tres
2991 4263 3199 4308 turmas
3262 4253 3527 4321 facientes
3578 4250 3902 4315 Phariszi,

2173 4347 2480 4405 Herodiani
2510 4355 2559 4402 et
2607 4344 2917 4403 Sadduceei.
2962 4343 3190 4413 Cameli,
3238 4340 3599 4408 Samaritani,
3631 4346 3729 4395 aut
3778 4345 3905 4397 Ju-

2173 4440 2277 4497 dzi
2300 4457 2462 4496 mem
2503 4441 2638 4508 legis
2674 4440 2872 4494 litterae
2902 4436 3261 4492 adhaerentes.
3296 4466 3361 4476 —
3406 4435 3549 4500 Quia
3580 4431 3905 4489 Cbaldmos

2094 4510 2141 4576 D
2176 4530 2546 4601 interpretari
2570 4530 2787 4586 feroces
2811 4525 3214 4595 novimus,qui
3239 4524 3335 4579 alii
3351 4522 3764 4578 Chaldaeorum
3800 4539 3905 4579 no-

2170 4621 2327 4677 mine
2340 4620 2745 4691 designantur.
2762 4615 2875 4672 nisi
2892 4613 3312 4688 persecutionis
3325 4618 3590 4668 auctores
3609 4626 3808 4682 usque
3824 4612 3901 4668 ad

2163 4715 2396 4781 apertos
2417 4710 2701 4763 clamores
2720 4705 2957 4761 malitiae
2979 4707 3452 4777 prorumpentes.
3474 4717 3607 4756 cum
3634 4700 3900 4756 dicunt:

2166 4798 2452 4869 Cruciﬁge,
2485 4796 2746 4865 cruciﬁge
2788 4795 2942 4867 (Luc.
2966 4810 3128 4860 XXIII,
3160 4793 3225 4846 21
3256 4808 3270 4857 ;
3301 4792 3469 4845 Marc.
3503 4805 3590 4857 ιιι,
3620 4790 3680 4859 6)
3710 4788 3739 4842 ?
3778 4790 3907 4852 Qui

2233 4952 2311 5025 (ά)
2334 4953 2497 5024 Reg.,
2520 4950 2925 5009 succendendis.
2950 4954 3070 5005 Duo
3100 4949 3328 5015 Rbem.,
3350 4946 3750 5025 Bemig.,__Val.
3780 4947 3907 5012 CL,

2163 5017 2358 5089 Corb.,
2391 5017 2609 5081 eum"
2635 5042 2668 5080 a
2702 5026 2882 5091 prima
2918 5038 3120 5091 manu,
3143 5025 3207 5076 de
3238 5017 3553 5076 suadendis.
3587 5017 3799 5076 Norm.
3840 5024 3904 5075 et

2165 5098 2389 5163 Germ.,
2418 5096 2713 5152 suadendis
2738 5136 2753 5151 .

2233 5170 2311 5239 (θ)
2356 5162 2551 5239 Antiq.
2606 5169 2769 5224 item.
2832 5171 2890 5223 et
2936 5165 3203 5235 Vindoc.,
3252 5164 3664 5221 subvertantur.
3710 5162 3899 5220 Corb.

2163 5244 2381 5307 Germ.,
2415 5242 2826 5296 subuerterant.

2236 5311 2310 5381 (1)
2341 5305 2473 5373 Quae
2506 5312 2579 5365 sit
2601 5312 2720 5366 haec
2755 5309 3051 5383 prophetia
3074 5324 3187 5363 non
3222 5308 3365 5383 satis
3386 5307 3597 5383 liquet.
3623 5305 3900 5383 Propbef

2169 5376 2270 5437 ua;
2292 5376 2489 5437 tamen
2539 5376 2777 5438 nomine
2826 5376 3019 5436 omnis
3065 5396 3231 5434 sacra
3278 5376 3581 5449 Scriptura
3627 5376 3898 5449 intelligi

2168 5459 2375 5525 potest.
2412 5454 2585 5509 Porro
2622 5456 2785 5509 Rom.
2813 5470 2870 5519 ι,
2896 5455 2953 5521 2,
2978 5448 3501 5525 Αροεὶοὶυξεὶῐςόθ
3535 5448 3748 5525 ρορυιεε
3783 5448 3902 5525 λῃ-

2166 5515 2352 5590 deice,
2387 5542 2520 5580 eum
2554 5527 2768 5582 habere
2817 5515 3240 5579 aemulationem
3274 5523 3372 5578 Dei
3405 5515 3631 5592 (Urtece'
3658 5515 3900 5591 ζῆλον),

2168 5598 2264 5652 sed
2301 5613 2413 5652 non
2446 5601 2769 5653 secundum
2821 5596 3168 5661 scientiam;
3202 5595 3349 5665 quod
3394 5600 3484 5647 est
3516 5594 3636 5665 fere
3661 5592 3903 5661 dicere,

2168 5668 2369 5750 zelum.
2400 5670 2850 5750 apprehendisse
2880 5665 3166 5740 populum
3213 5664 3594 5731 ineruditum,
3628 5664 3730 5719 hoc
3767 5670 3903 5734 est,

2168 5740 2421 5796 scientiae
2453 5745 2762 5812 expertem.
