4086 6166
240 233 353 295 581
1158 233 1581 297 MORALIUM
1628 231 1771 294 LIB.
1816 232 1892 296 ιι.
1939 267 2017 279 -
2059 233 2138 294 1N
2184 236 2435 301 CAPUT
2477 240 2500 300 1
2538 240 2608 301 B.
2654 242 2817 303 JOB.
3641 268 3759 330 δε,

240 378 313 477 de
330 374 653 476 semetipsis
672 377 793 477 tres
810 374 1436 477 turmasnf-aciuntmum
1454 392 1515 434 se
1530 378 1598 477 ad
1621 388 1945 477 proponen-
1974 372 2026 440 Α
2056 374 2207 429 tutor
2235 374 2391 477 colit.
2425 378 2864 477 Yenius‘autem‘
2897 384 3207 477 vehemens
3256 394 3333 469 (ὁ)
3381 400 3520 472 quid
3569 405 3752 477 aliud,

239 466 341 523 das
375 472 723 538 quaestiones
745 467 989 562 Domino
1031 467 1327 535 Pharisaei,
1362 469 1669 523 Herodiam
1701 472 1757 522 et
1802 465 1943 520 Sad-
2053 479 2229 533 quam
2261 468 2499 523 testatio
2534 470 2698 526 fortis
2746 474 3081 544 accipitur?
3127 465 3350 541 Ventus
3397 465 3533 562 ergo
3580 465 3755 550 veho-'-

235 558 411 611 (ἰυοωί
435 555 1007 621 diviserunt.Quiore
1026 558 1258 627 quidem
1276 558 1585 629 Sapientiae
1605 558 1735 611 victi
1761 560 1936 610 sunt:
2049 558 2516 626 mensaregione
2545 562 2753 616 deserti
2788 563 2994 631 irruit;
3030 569 3169 637 quia
3217 572 3273 627 in
3322 555 3594 645 passione
3636 588 3753 641 Re-

232 649 333 703 sed
368 647 509 719 quia
541 647 750 702 stultus
767 648 1049 719 quosdam
1080 654 1292 717 postse
1316 665 1414 704 eos
1437 648 1679 704 traxisse
1702 646 1936 702 creden-
2046 644 2364 715 dcmptoris
2395 650 2567 703 nostri
2602 657 2801 707 contra
2824 654 3023 711 ﬁdeles
3053 661 3201 726 ejus,
3238 644 3400 722 fortis
3435 675 3682 729 ιρηιαιίο
3716 692 3749 731 α

229 737 369 792 dum
394 744 501 804 est,
524 738 689 791 iactis
712 738 924 834 turmis
948 738 1197 793 camelos
1221 738 1493 794 tulerunt.
1525 738 1935 834 Unusquisque
2044 736 2317 834 cordibus
2340 738 2670 834 .ludaeorum
2696 743 2871 797 venit.
2901 744 3093 802 Potest
3114 750 3288 806 etiam
3313 755 3525 814 deserti
3563 764 3745 834 regio,

228 843 481 898 namque
504 844 706 883 eorum
740 828 878 882 ordo
912 829 969 882 in
1012 845 1186 898 prava
1234 846 1359 901 quae
1410 830 1620 901 sapuit,
1654 830 1936 900 insipien-
2041 824 2314 881 derelicta
2345 827 2779 886 immundorum
2812 834 3130 904 spirituum
3162 842 3474 903 multitudo
3509 824 3742 908 nonuin;

226 918 372 973 tium
405 920 583 975 corda
613 919 903 989 corrupit;
939 928 990 973 et
1023 921 1158 975 dum
1194 921 1592 991 persuadendo
1624 921 1691 974 ad
1728 917 1931 974 interi-
2038 916 2447 970 convenienter
2476 918 2741 988 intelligi.
2776 923 2819 975 A
2847 938 2962 992 qua
2993 935 3198 983 ventus
3222 933 3396 1001 venit,
3419 942 3473 991 et
3495 938 3737 1000 domum

226 1014 351 1063 tum
386 1012 686 1081 pertraxit,
716 1011 883 1080 quasi
934 1014 1220 1065 tortuosae
1255 1018 1477 1066 mentes
1500 1010 1925 1066 infirmantium
2035 1003 2315 1096 ροηϐυῐὶῐ,
2350 1006 2483 1096 qnia
2508 1008 2578 1061 ab
2610 1009 2712 1063 60
2735 1012 2817 1065 eis
2841 1013 3083 1069 tentatio
3111 1019 3345 1089 prodiit,
3372 1028 3427 1079 et
3463 1042 3743 1096 persecu-

223 1100 295 1154 ad
330 1100 723 1170 captivitatem
758 1098 939 1154 duxit.
968 1099 1316 1155 Prmdicante
1348 1100 1561 1172 quippe
1583 1101 1638 1155 in
1663 1100 1927 1155 Samaria
2036 1094 2228 1148 torum
2261 1094 2442 1150 corda
2464 1100 2799 1154 commovit.

222 1188 488 1257 Domino,
524 1189 691 1244 multi
723 1206 794 1244 ex
823 1189 1214 1245 Samaritanis
1247 1191 1481 1246 fuerunt
1511 1192 1567 1246 in
1603 1190 1924 1261 possessio-

217 1296 350 1335 nem
380 1281 643 1351 ejusdem
668 1280 1076 1351 Redemptoris
1106 1279 1288 1335 nostri
1310 1281 1497 1337 asciti.
1520 1281 1628 1335 Sed
1654 1282 1919 1352 nunquid

214 1369 256 1424 ii
283 1370 384 1440 qui
410 1387 512 1441 pro
537 1376 761 1442 septem
786 1370 922 1425 viris
946 1371 1117 1425 unius
1151 1370 1411 1426 mulieris
1442 1370 1708 1437 mortuis,
1734 1372 1803 1425 de
1825 1387 1919 1426 re-

214 1460 597 1516 surrectionis
645 1458 1044 1530 desperatione
1091 1459 1401 1515 Dominum
1450 1463 1678 1515 tentant
1710 1460 1917 1531 (Matth.

211 1565 351 1618 xm,
383 1549 499 1621 25).
530 1565 898 1621 nequaquam
933 1551 1124 1604 conati
1158 1556 1297 1604 sunt
1325 1551 1626 1605 credentes
1659 1550 1916 1605 Samari-

208 1642 389 1696 tinos
427 1657 461 1693 a
492 1639 603 1694 fide
635 1640 930 1708 reducere,
963 1655 1110 1709 quos
1143 1644 1367 1694 constat
1407 1656 1569 1710 spem
1620 1656 1916 1696 resurrec-

2102 1202 2194 1297 ὃς.
2228 1204 2356 1273 Ejus
2375 1204 2567 1260 domus
2595 1222 2809 1274 eversa,
2841 1218 2923 1266 est
2948 1227 3248 1284 synagoga,
3272 1224 3513 1290 quatuor
3555 1242 3736 1297 angu-

2033 1292 2119 1360 lis,
2153 1293 2250 1349 hoc
2293 1305 2369 1351 est
2423 1302 2659 1369 quatuor
2711 1299 3001 1357 ordinibus
3030 1311 3310 1364 concussis
3340 1312 3550 1371 diruta.
3588 1292 3736 1379 Unde

2030 1387 2080 1437 et
2109 1386 2353 1455 oppressi
2384 1387 2561 1443 liberi.
2594 1419 2662 1430 -—
2692 1390 2800 1445 Sed
2828 1390 2949 1447 huic
2976 1393 3209 1463 domus,
3246 1400 3301 1454 in
3337 1418 3449 1474 qua
3470 1410 3735 1468 conviva-

2027 1473 2239 1529 bantur
2270 1476 2394 1543 filii,
2430 1477 2498 1548 (υ)
2532 1478 2589 1533 in
2622 1484 2872 1549 quatuor
2902 1484 3130 1552 angulis
3162 1473 3374 1549 stabat.
3406 1496 3539 1551 Tres
3572 1500 3726 1558 enim

2026 1566 2347 1634 regentium
2371 1567 2605 1623 ordines
2628 1567 2687 1623 in
2711 1586 3006 1642 synagoga
3036 1578 3436 1648 cognovimus,
3470 1594 3734 1646 sacerdo-

2028 1654 2407 1718 tumscilicet.
2433 1658 2755 1713 scribarum
2788 1666 2961 1731 atque
2989 1666 3283 1722 seniorum
3328 1674 3548 1743 populi.
3586 1679 3733 1743 Qui-

208 1728 394 1783 tionis
422 1729 684 1800 ignorare
706 1728 733 1782 ‘?
760 1727 866 1790 Qui
899 1729 1036 1782 dum
1070 1745 1136 1783 ex
1163 1731 1279 1795 lege
1298 1730 1577 1783 nonnulla
1602 1731 1913 1802 recipiunt,
1948 1751 1997 1817 Β
2029 1745 2134 1798 bus
2164 1744 2212 1798 si
2240 1749 2297 1799 et
2328 1727 2986 1816 Pharismosjunginius,
3019 1761 3270 1823 quatuor
3300 1727 3359 1813 in
3403 1727 3510 1818 hac
3534 1727 3731 1825 ‘dbm‘o

209 1818 476 1873 nonnula
507 1822 912 1884 contemnunt,
947 1818 1116 1888 quasi
1148 1818 1499 1873 camelorum
1548 1836 1725 1885 more,
1759 1822 1917 1876 velut

198 1908 500 1962 'muudutn
534 1909 747 1961 animal
775 1909 1092 1971 ruminant,
1118 1912 1214 1962 sed
1244 1909 1693 1964 utimmundum
1722 1926 1913 1981 ungu-

210 1996 324 2053 lam
361 2014 730 2068 nequaquam
763 1997 1013 2052 ﬁndunt.
1048 2000 1323 2063 Quamvis
1352 2005 1407 2054 et
1438 2015 1536 2053 eos
1567 1998 1773 2054 cameli
1816 2016 1914 2054 ru-

208 2089 643 2153 minantes,sed
668 2099 861 2142 tamen
888 2090 1167 2158 ungulam
1196 2106 1307 2144 non
1333 2089 1915 2157 ﬁndentes,indicant

214 2180 303 2249 qui
325 2177 384 2232 in
408 2178 794 2248 Judmajuxta
817 2176 1093 2243 litteram,
1122 2178 1426 2234 historiam
1458 2180 1787 2245 audierant,
1812 2182 1913 2235 sed

216 2268 478 2322 virtutem
504 2271 630 2335 ejus
655 2267 983 2322 discernere
1008 2268 1354 2338 spiritaliter
1384 2270 1736 2323 nesciebant.
1762 2270 1915 2333 Quos

217 2360 399 2413 tribus
429 2357 636 2412 turmis
668 2357 917 2411 Chaldaei
952 2357 1220 2426 rapiunt;
1255 2359 1392 2412 dum
1421 2358 1713 2425 Pharisaei,
1741 2358 1909 2413 Hero.

226 2446 370 2500 diani
400 2454 452 2501 et
476 2448 779 2503 Sadduczei
812 2447 883 2500 ab
915 2448 1072 2501 omni
1107 2464 1317 2502 sensus
1341 2450 1685 2502 rectitudine
1715 2449 1910 2519 iniqua

228 2540 590 2608 persuasione
624 2544 978 2609 pervertunt.
1016 2540 1319 2609 Simulque
1351 2556 1560 2608 pueros
1591 2540 1782 2610 gladio
1830 2542 1908 2593 fe-

233 2630 399 2690 riunt,
431 2628 557 2699 quia
589 2628 695 2683 etsi
730 2628 829 2699 qui
867 2630 921 2682 in
956 2628 1170 2698 populo
1204 2628 1283 2681 uti
1309 2629 1428 2697 jam
1477 2629 1697 2683 ratione
1750 2635 1907 2699 pote-

236 2724 370 2783 rant,
398 2720 477 2773 eis
528 2718 635 2789 ipsi
691 2734 806 2772 non
866 2718 1078 2773 virtute
1129 2718 1386 2785 rationis,
1446 2718 1541 2772 sed
1606 2720 1908 2790 potestatis

237 2810 550 2864 auctoritate
572 2809 963 2873 contraibant;
1002 2809 1261 2880 dumque
1284 2825 1344 2862 se
1368 2809 1536 2880 quasi
1570 2809 1908 2880 praepositos

236 2895 429 2951 imitari
457 2916 488 2951 a
518 2897 771 2953 subditis
801 2898 1022 2963 volunt,
1050 2898 1157 2952 etsi
1191 2898 1517 2968 intelligere
1549 2898 1769 2969 aliquid
1812 2914 1907 2954 se-

236 2993 449 3055 quentes
472 2992 735 3059 possunt,
776 3003 841 3042 ex
879 2986 1219 3041 auctoritate
1259 2993 1450 3042 tamen
1478 2988 1730 3059 suscepti
1763 2989 1908 3057 regi-

234 3076 382 3131 miuis
412 3094 507 3132 eos
538 3078 612 3132 ad
658 3077 970 3147 perniciem
1014 3077 1374 3147 pertrahunt.
1408 3080 1451 3131 A
1500 3078 1712 3148 quibus
1757 3078 1905 3134 bene

229 3164 368 3220 solus
400 3183 535 3236 puer
565 3167 665 3238 qui
700 3167 926 3220 nuntiet
958 3167 1105 3236 fugit
1139 3183 1151 3221 :
1184 3167 1321 3237 quia
1367 3167 1689 3232 Pharisazis,
1725 3168 1901 3225 Hero-

227 3253 417 3322 dianis,
465 3265 637 3327 atque
694 3256 1030 3310 Sadducalis
1087 3255 1289 3327 iniqua
1360 3258 1745 3327 patrantibus,
1806 3275 1903 3314 eos

223 3344 479 3402 nimirum
498 3348 773 3403 deserens
793 3346 1165 3417 prOpheticus
1189 3362 1380 3402 sermo
1404 3348 1776 3416 convalescit,
1801 3352 1900 3420 qui

214 3435 327 3490 ait:
362 3438 418 3492 Et
453 3445 696 3494 tenentes
745 3438 914 3509 legem
962 3436 1274 3492 nescierunt
1313 3453 1398 3493 me
1424 3440 1556 3509 (Jer.
1592 3455 1655 3507 ιι,
1688 3441 1764 3511 8).
1800 3442 1898 3495 Se-

209 3526 445 3595 quitur:

401 3654 627 3711 CAPUT
667 3654 897 3710 XXXIII
930 3654 1065 3726 [ναι.
1100 3654 1319 3719 XXVIII,
1348 3656 1465 3709 Rec.
1500 3655 1659 3723 XXI].

200 3802 221 3815 ς
270 3765 438 3820 Vens.
473 3768 559 3833 18,
596 3766 680 3820 19.
715 3796 781 3804 —-
812 3766 895 3837 (a)
949 3766 1256 3836 Loquebatu
1336 3763 1467 3832 ille,
1524 3775 1574 3820 et
1603 3781 1721 3822 ecce
1751 3768 1896 3823 alius

188 3854 437 3919 ἰηιναυὶι,
463 3865 515 3911 et
542 3857 694 3911 dixit
723 3874 741 3911 :
774 3856 932 3911 Filiis
962 3857 1079 3910 tuis
1108 3858 1159 3910 et
1205 3856 1429 3924 ﬁliabus
1476 3858 1813 3913 vescentz'bus
1842 3864 1893 3914 et

186 3940 491 4000 bibentibus
525 3947 716 4001 vinum
748 3948 807 4000 in
835 3947 991 4001 domo
1020 3947 1220 4015 fratris
1249 3946 1339 3999 sui
1377 3946 1758 4016 primogeniti,
1803 3963 1892 4003 re-

174 4041 343 4101 pente
375 4043 565 4091 ventus
594 4035 877 4091 vehemens
906 4036 1078 4091 irruit
1112 4053 1147 4091 α
1177 4039 1395 4106 regione
1424 4036 1646 4105 deserti,
1679 4045 1733 4092 et
1763 4054 1891 4093 con-

172 4129 343 4180 cussit
374 4133 611 4198 quatuor
628 4127 868 4198 angulos
898 4128 1113 4181 domus.
1164 4128 1297 4194 Quae
1340 4142 1600 4182 corruens
1622 4131 1889 4199 oppressit

173 4212 382 4271 liberos
410 4222 549 4281 tuos,
576 4221 627 4272 el
658 4218 860 4271 mortui
886 4218 1032 4270 sunt.

244 4342 341 4396 53.
376 4344 634 4399 Iudaicus
661 4344 895 4413 populus
938 4342 999 4398 in
1027 4343 1393 4413 primogenita
1445 4343 1540 4398 Job
1588 4344 1885 4414 ﬁguratus.

165 4459 241 4470 —
276 4431 456 4487 Paulo
488 4442 617 4488 ante
644 4433 767 4504 jam
792 4433 1041 4487 diximus
1083 4434 1230 4502 quod
1276 4431 1425 4487 filios
1449 4437 1505 4487 et
1538 4432 1710 4502 tilias,
1743 4451 1886 4506 prte-

2026 1835 2269 1904 angulos
2304 1835 2655 1893 invenimus.
2692 1844 2736 1891 A
2772 1841 3000 1903 regione
3040 1843 3220 1913 igitur
3268 1849 3479 1907 deserti
3525 1864 3730 1916 ventus

2024 1927 2198 1988 venit,
2233 1931 2287 1979 et
2315 1934 2565 1997 quatuor
2597 1928 2809 1984 domus
2854 1932 3097 2001 angulos
3153 1942 3433 2010 concutit,
3469 1947 3608 2016 quia
3657 1950 3728 2005 ab

2025 2014 2350 2071 immundis
2365 2016 2672 2088 spiritibus
2690 2020 2931 2075 tentatio
2950 2025 3130 2091 irruit,
3158 2032 3213 2079 et
3236 2034 3463 2086 mentes
3486 2014 3731 2101 quatuor

2024 2106 2308 2174 ordinum,
2353 2108 2411 2161 in
2462 2108 2743 2164 malitiam
2796 2113 3217 2179 persecutionis
3262 2121 3552 2178 excitavit.
3590 2129 3727 2192 Quae

2022 2196 2230 2251 domus
2267 2214 2564 2263 corruens,
2600 2202 2890 2269 oppressit
2925 2202 3156 2270 liberos,
3182 2209 3317 2277 quia
3354 2212 3490 2268 dum
3522 2216 3725 2277 Judaza

2022 2284 2078 2337 in
2099 2300 2196 2341 cru
2233 2286 2526 2340 delitatern
2547 2288 2857 2342 Dominicae
2879 2294 3297 2359 persecutionis
3320 2303 3548 2365 cecidit,
3581 2322 3722 2377 apo-

2019 2374 2301 2429 stolorum
2328 2375 2501 2430 {idem
2526 2377 2945 2446 desperationis
2960 2378 3271 2438 formidine
3286 2388 3501 2447 obruit.
3516 2374 3721 2453 Teneri

2018 2464 2174 2517 enim
2226 2468 2627 2520 tantummodo
2680 2471 3025 2538 magistrum
3060 2472 3344 2543 viderunt,
3379 2484 3435 2533 et
3459 2483 3581 2549 jam
3619 2502 3721 2539 ne-

2018 2561 2223 2623 gantes
2258 2571 2356 2623 per
2402 2556 2628 2610 diversa
2682 2559 2998 2626 fugiebant.
3055 2561 3116 2615 Et
3167 2569 3431 2633 quamvis
3486 2573 3713 2631 interna

2018 2659 2226 2697 manus
2257 2660 2455 2699 eorum
2492 2645 2762 2715 spiritum
2798 2646 2855 2700 in
2893 2650 3249 2718 praescientia
3282 2657 3351 2710 ad
3404 2660 3583 2717 vitam
3636 2673 3719 2718 le-

2017 2735 2159 2797 nuit,
2192 2754 2223 2787 a
2255 2737 2367 2789 vita
2397 2743 2587 2791 tamen
2633 2737 2764 2792 fidei
2818 2754 2916 2794 eos
2975 2743 3201 2798 interim
3250 2749 3495 2805 carnalis
3541 2756 3719 2811 timor

2017 2824 2311 2879 exstinxit.
2346 2826 2450 2890 Qui
2481 2843 2616 2896 ergo
2648 2834 2943 2883 auctorem
2977 2847 3168 2897 suum,
3201 2835 3397 2892 Judaea
3428 2844 3712 2915 saeviente,

2017 2914 2399 2985 reliquerunt,
2433 2919 2601 2985 quasi
2650 2918 2953 2972 concussis
3000 2920 3231 2990 angulis
3288 2926 3461 2983 domo
3518 2947 3718 2989 eversa

2014 3002 2199 3058 necati
2248 3012 2404 3058 sunt.
2430 3005 2577 3070 Quid
2629 3011 2822 3059 autem
2868 3008 2964 3061 illo
2988 3014 3247 3080 tempore
3267 3015 3337 3069 de
3368 3032 3538 3089 grege
3570 3021 3713 3077 iide-

2014 3091 2156 3147 lium
2185 3095 2395 3149 factum
2422 3094 2863 3166 credimus,quo
2887 3096 3105 3167 fugisse
3128 3100 3284 3168 ipsos
3306 3105 3478 3161 etiam
3504 3108 3714 3168 arietes

2014 3182 2275 3238 scimus?
2296 3182 2402 3238 Sed
2429 3183 2579 3237 inter
2602 3182 2720 3237 haec
2752 3201 2905 3238 unus
2947 3187 3045 3255 qui
3078 3190 3306 3245 nuntiet
3328 3196 3539 3260 evadit,
3576 3200 3717 3270 quia

2013 3272 2372 3328 convaluisse
2403 3288 2464 3327 se
2495 3289 2683 3327 sermo
2732 3274 3126 3342 prepheticus,
3160 3284 3257 3348 qui
3319 3281 3438 3339 hac
3485 3286 3715 3344 denun-

2010 3362 2269 3431 tiaverat,
2332 3364 2602 3431 ostendit,
2662 3363 2862 3418 dicens
2911 3366 2982 3419 de
3041 3375 3407 3437 persecutore
3447 3378 3712 3445 populo:

2011 3454 2247 3509 Dilectus
2276 3469 2427 3509 meus
2457 3456 2512 3508 in
2553 3453 2711 3507 domo
2739 3470 2858 3507 mea
2889 3456 3017 3524 fecit
3046 3458 3247 3512 scelera
3279 3463 3455 3519 multa
3484 3468 3711 3532 (Jerem.

2008 3560 2086 3614 x1,
2116 3545 2239 3611 15);
2274 3544 2473 3598 dicens
2503 3544 2572 3597 de
2621 3544 2790 3598 bonis
2834 3547 3335 3616 praedicatoribus,
3361 3555 3461 3608 sed
3513 3560 3710 3617 tamen

2008 3633 2066 3687 in
2104 3634 2370 3705 passione
2398 3633 2752 3703 fugientibus
2787 3636 3059 3689 :Proximi
3095 3640 3205 3691 mei
3250 3656 3282 3693 (ι
3330 3642 3495 3715 longe
3543 3653 3710 3704 stete-

2006 3734 2135 3779 runt
2165 3726 2336 3795 (Psal.
2372 3740 2582 3789 xxxv",
2622 3725 2746 3793 12);
2773 3724 2970 3779 dicens
3002 3728 3073 3781 de
3103 3731 3329 3786 cunctis
3378 3735 3542 3791 valde
3591 3738 3712 3795 for-

2006 3814 2361 3871 midantibus
2389 3829 2400 3866 :
2438 3815 2749 3867 Percutinm
2793 3824 3088 3882 pastorem,
3119 3825 3175 3869 et
3209 3820 3286 3889 (ιι)
3318 3820 3710 3892 dispergentur

2002 3920 2123 3960 oves
2152 3902 2334 3973 gregis
2365 3901 2548 3970 (Zuch.
2583 3917 2705 3969 xm,
2744 3902 2814 3967 7;
2869 3902 3051 3958 Matth.
3113 3922 3260 3972 xxvi,
3324 3910 3437 3975 31).
3498 3916 3705 3986 Sequi-

2002 3997 2099 4048 tur
2133 4010 2144 4047 :

2238 4110 2471 4166 CAPUT
2514 4110 2688 4166 XXlV
2726 4111 2831 4167 Vel.
2866 4111 3102 4182 [XXXIX,
3138 4114 3255 4169 Rev.
3291 4116 3464 4189 XXII].

2070 4221 2242 4276 Vsus.
2276 4222 2364 4276 20.
2400 4251 2465 4260 ——
2498 4221 2638 4275 Tunc
2666 4221 2909 4275 surrexit
2937 4220 3054 4286 Job,
3082 4229 3133 4277 et
3178 4224 3344 4280 scidit
3382 4230 3702 4288 vestimenta

1998 4328 2117 4373 sua.

2065 4428 2156 4484 55.
2184 4428 2277 4483 Job
2308 4443 2531 4497 surgens
2560 4430 2611 4482 et
2642 4433 2839 4481 vestem
2868 4426 3127 4482 scindens
3174 4428 3451 4488 Christum
3490 4436 3703 4494 adum-

161 4519 444 4578 dicantes
466 4503 756 4594 apostolos
780 4530 831 4578 et
858 4523 1055 4592 plebes
1079 4522 1344 4577 subditas
1383 4523 1703 4579 sentiamus
1739 4503 1887 4597 iqui
1924 4503 1966 4568 θ
1998 4518 2141 4573 brat.
2175 4548 2242 4559 -
2271 4517 2493 4572 ﬂuente
2522 4517 2693 4570 domo
2725 4516 3025 4572 θΧείίοοιίε
3060 4516 3218 4583 mils.
3256 4519 3366 4575 δοῦ
3419 4528 3699 4599 surrexit,

162 4607 228 4663 in
256 4611 434 4668 domo
457 4615 650 4669 fratris
671 4611 1046 4685 primogeniti
1069 4612 1359 4667 convivari
1384 4611 1730 4678 referuntur,
1752 4616 1888 4685 quia

165 4698 224 4753 in
254 4700 617 4759 habitatione
653 4703 844 4758 adhuc
890 4701 1120 4757 Judaici
1148 4700 1345 4772 populi
1376 4717 1554 4756 sacris
1596 4702 1881 4774 praedica-

168 4787 359 4846 tionis
388 4792 610 4847 deliciis
640 4792 1041 4848 vescebantur.
1078 4795 1308 4862 Repente
1350 4797 1539 4845 autem
1590 4792 1880 4849 vehemens

172 4888 371 4936 ventus
391 4883 559 4938 irruit
589 4899 622 4938 a
656 4883 875 4953 regione
905 4880 1131 4936 deserti.
1168 4880 1346 4951 Regio
1380 4880 1593 4935 deserti
1643 4886 1731 4936 est
1780 4899 1881 4939 cor

174 4965 518 5036 infidelium,
553 4974 708 5045 quod
743 4974 882 5028 dum
906 4972 1141 5027 Creator
1161 4971 1397 5039 deserit,
1427 4970 1628 5028 nullus
1652 4971 1879 5028 inhabi-

254 5156 327 5221 (a)
358 5155 504 5210 Editi
549 5154 643 5209 hic
682 5157 739 5209 et
797 5154 966 5220 infra,
998 5152 1175 5208 adhuc
1226 5152 1566 5223 loquebatur,
1620 5168 1754 5208 cum
1814 5154 1872 5209 in

188 5221 315 5280 Mss.
350 5228 692 5297 simpliciter
725 5227 1009 5295 legamus,
1045 5221 1381 5296 loquebatur.

252 5297 402 5365 (biln
466 5301 588 5369 Lyr.
643 5302 701 5353 et
758 5298 944 5367 Bigot.
1006 5297 1096 5351 hic
1157 5296 1407 5363 additur,
1441 5296 1539 5366 qui
1592 5300 1874 5367 aregione

192 5365 370 5423 deserti
400 5365 589 5439 irruit,
621 5369 768 5440 quid.

254 5445 317 5511 (ε)
351 5442 484 5498 Mss.
517 5438 742 5507 Norm.,
774 5443 1070 5504 German.,
1119 5454 1270 5493 unus
1321 5438 1544 5510 Remig.
1600 5439 1726 5497 Val.
1762 5441 1869 5510 CL,

193 5526 427 5568 concussa
457 5513 669 5568 dicitur
699 5515 757 5567 in
788 5517 1022 5584 quatuor
1050 5512 1288 5584 angulis.
1340 5511 1483 5566 Tres.
1511 5511 1751 5569 Stamus
1777 5528 1870 5568 re-

195 5593 346 5655 ceptae
376 5588 531 5643 lect..
558 5602 682 5657 quae
713 5583 804 5657 est
834 5584 1106 5657 Codicum
1152 5583 1474 5637 meliorum.

251 5654 315 5725 id)
332 5657 496 5735 ἐφ’.)
520 5654 725 5735 Bi‘got,
760 5654 1428 5735 Utic.,-et.dispergentur
1454 5670 1670 5735 greges,

251 5674 315 5725 ta)
346 5674 496 5784 Lgn,
522 5674 725 5728 blgo:.,
763 5674 931 5723 Utlc.,
963 5674 1018 5709 et
1046 5674 1428 5735 atspergemur
1454 5674 1670 5727 greges.
1777 5727 1787 5736 .

251 5734 312 5801 (ej
332 5728 370 5783 Ε
419 5729 504 5798 iti,
526 5733 763 5800 excepto
806 5724 1082 5797 Barthol.,
1116 5743 1175 5781 in
1201 5741 1401 5796 pavore
1423 5730 1632 5782 mortis.
1660 5726 1864 5783 Melius

1999 4608 2131 4679 quia
2153 4608 2355 4663 Judma
2385 4606 2440 4660 in
2484 4605 2825 4661 infidelitate
2865 4606 3109 4675 perdita,
3145 4611 3615 4677 praedicatoribus
3641 4617 3697 4673 in

1993 4686 2068 4766 (ὲ)
2092 4696 2319 4767 pavoris
2352 4701 2535 4752 morte
2557 4696 2918 4751 cadentibus.
2954 4696 3299 4769 Redemptor
3321 4699 3562 4758 humani
3594 4722 3697 4777 ge-

1994 4786 2149 4842 neris
2181 4786 2250 4859 (f)
2280 4785 2658 4857 semetipsum
2690 4802 2721 4840 a
2752 4786 2945 4842 carnis
2974 4802 3094 4842 sua:
3135 4793 3318 4844 morte
3344 4792 3641 4849 suscitavit
3678 4811 3692 4851 :

1992 4880 2211 4948 quanto
2242 4876 2457 4947 judicio
2490 4883 2886 4948 persecutores
2944 4891 3079 4931 suos
3136 4878 3414 4945 deseruit,
3449 4879 3693 4936 demon-

1990 4966 2214 5023 stravit.
2240 4969 2485 5037 Surgere
2508 4965 2721 5037 quippe
2743 4966 2872 5036 ejus
2893 4974 2980 5020 est
3003 4981 3119 5037 qua
3140 4964 3505 5023 districtione
3554 4985 3690 5040 pec-

1989 5152 2217 5215 Rhem.,
2252 5149 2497 5217 Remig,.
2530 5148 2680 5215 Cor.,
2732 5146 2947 5220 Germ.,
2983 5142 3531 5220 t,__Yindoe.,Yal.
3579 5148 3685 5220 Cl.,

1988 5240 2128 5294 quos
2152 5213 2213 5279 se
2233 5213 2565 5293 quimur,in
2584 5213 3002 5291 pavorismorte.
3036 5213 3183 5270 Utic.
3217 5213 3390 5271 habet
3413 5216 3471 5272 in
3490 5213 3691 5292 pavore

1985 5298 2195 5351 mortis.

2054 5368 2123 5438 (f)
2159 5371 2277 5420 Duo
2301 5363 2621 5438 Rbem.,_i_,
2656 5359 2896 5438 Reini_g.,
2946 5357 3149 5438 φοι-ῥη-
3182 5359 3397 5438 Germ._,
3454 5365 3682 5438 Norm.,

1980 5429 2117 5492 Va'l'.’
2139 5438 2244 5501 CL,
2274 5435 2512 5508 omissis
2544 5432 2634 5487 bis
2664 5430 2875 5508 verbis,
2917 5430 3001 5508 sic
3058 5429 3276 5485 habent
3308 5447 3321 5485 :
3360 5429 3684 5508 Redemptor

1981 5509 2214 5564 humani
2241 5507 2481 5575 generis,
2514 5510 2722 5574 quanto
2755 5504 2955 5570 judicio
3003 5517 3125 5557 suos
3170 5504 3681 5571 persecutores'de-

1977 5574 2255 5647 seruerit,
2274 5578 2692 5632 demonstravit.
2729 5577 2791 5629 In
2823 5574 3009 5641 Colb.,
3044 5578 3539 5647 post,isuscitavit,
3593 5591 3679 5638 at-

1978 5646 2323 5719 texitur,rvel
2354 5653 2498 5724 certe
2530 5648 2860 5724 resurrexit,
2892 5646 3107 5724 quando
3128 5646 3355 5724 iudicio,
3378 5654 3513 5717 etc.,
3550 5670 3675 5724 quae

1975 5740 2078 5795 pro
2103 5718 2455 5796 glOssemate
2482 5718 2685 5779 haberi
2719 5719 2961 5776 fortasse
2990 5718 3221 5775 debent.
