4086 6166
297 263 419 322 583

1572 245 1854 307 SANCTI
1901 241 2267 305 GREGORII
2316 239 2421 301 MA
2435 239 2568 302 GNI

3686 248 3816 307 584

303 403 528 455 catores
545 393 909 464 derelinquat
930 391 1253 456 ostendere,
1289 390 1363 461 (α)
1397 386 1560 457 quasi
1603 383 1758 440 enim
1802 385 1995 454 jacere
2029 383 2078 450 Α
2114 381 2372 449 abstulit,
2398 382 2462 437 ad
2492 379 2749 436 notitiam
2789 382 3051 453 gentium
3092 384 3265 441 venit.
3306 385 3558 458 Capillos
3588 387 3742 444 enim
3782 406 3823 446 a

302 492 430 559 ejus
463 493 551 543 est
595 488 877 556 patienter
925 481 1077 536 mala
1127 479 1390 534 tolerare.
1424 475 1621 545 Surgit
1661 490 1818 544 ergo,
1865 489 2000 527 cum

306 588 503 634 contra
558 579 833 645 reprobus
882 570 1167 640 judicium
1214 565 1451 637 justitias
1509 564 1709 619 exerit.
1745 563 1905 618 Unde
1950 569 2004 617 et

305 679 458 725 recte
489 667 836 722 vestimenta
868 661 1111 716 scidisse
1138 657 1495 728 perhibetur.
1536 655 1682 719 Quid
1706 654 1860 708 enim
1907 668 2002 706 ve-

307 762 645 815 stimentum
673 751 902 809 Domini
936 748 1044 802 nisi
1070 750 1372 818 Synagoga
1418 745 1656 809 exstitit,
1697 758 1823 812 quas
1871 757 2002 812 pro-

307 850 495 922 phetis
519 839 968 917 praedicantibus
990 834 1367 906 expectationi
1399 832 1815 887 incarnationis
1848 831 2004 922 illius

308 918 542 994 adhesit
567 935 593 987 Ἰ
623 935 784 987 Sicut
805 929 960 983 enim
988 928 1075 980 his
1100 941 1254 980 nunc
1275 926 1533 989 vestitur,
1564 939 1597 976 a
1627 922 1840 992 quibus
1871 918 2006 974 dili-

307 1033 480 1099 gitur,
505 1022 676 1078 Paulo
699 1022 1005 1074 attestante
1027 1016 1128 1088 qui
1160 1015 1277 1070 ait:
1316 1015 1379 1070 Ut
1427 1012 1711 1066 exhiberet
1753 1010 1860 1064 sibi
1891 1009 2008 1078 glo-

306 1115 510 1168 riosam
544 1109 858 1175 Ecclesium,
890 1122 1000 1161 non
1031 1105 1318 1159 habentem
1347 1101 1621 1156 maculam
1668 1104 1762 1154 aut
1810 1114 2005 1165 rugam

307 1205 516 1274 (Ephes.
552 1219 606 1268 v,
636 1200 750 1266 27).
785 1201 918 1264 Qua:
950 1196 1105 1251 enim
1152 1193 1442 1248 maculam
1485 1197 1586 1246 aut
1635 1205 1836 1262 rugam
1889 1202 2007 1244 non

306 1295 520 1350 habere
578 1291 811 1357 dicitur,
873 1287 1126 1359 profecto
1191 1284 1371 1339 vestis
1429 1281 1734 1337 rationalis
1793 1283 1849 1335 et
1909 1293 2009 1350 per

308 1387 593 1442 actionem
630 1381 865 1447 munda,
898 1384 954 1433 et
987 1394 1084 1447 per
1115 1391 1275 1446 spem
1319 1381 1483 1428 tensa
1511 1377 1887 1426 monstratur.
1927 1370 2010 1424 Ita

308 1493 440 1535 cum
474 1471 899 1530 incarnandum
935 1483 1067 1523 eum
1109 1466 1310 1522 Judrea
1359 1462 1620 1521 credidit.
1657 1459 2008 1516 adhaerendo

307 1566 690 1630 nihilominus
724 1562 896 1619 vestis
930 1560 1055 1613 fuit.

375 1662 468 1713 56.
502 1658 788 1726 Synagoga
829 1654 948 1721 ejus
985 1649 1146 1703 vestis
1203 1646 1392 1714 scissa,
1427 1643 1564 1700 aliis
1609 1642 1984 1709 credentibus,

2107 473 2294 544 capite
2318 472 2476 541 rasit,
2509 475 2648 543 quia
2680 480 3042 530 sacramenta
3075 476 3216 548 legis
3247 478 3318 533 ab
3351 478 3451 534 illo
3484 479 3672 550 primo
3707 497 3822 538 suo

2107 564 2428 618 sacerdotio
2459 562 2727 629 sustulit;
2759 568 2817 616 et
2856 563 2914 617 in
2966 569 3179 621 terram
3230 568 3469 634 corruit,
3504 570 3642 639 quia
3694 572 3826 626 sal-

2109 654 2313 708 vandis
2344 670 2405 709 se
2439 653 2835 724 peccatoribus
2865 656 3053 722 dedit;
3089 657 3350 728 dumque
3391 674 3487 714 eos
3537 662 3632 730 qui
3695 659 3819 716 sibi

2103 741 2250 811 justi
2280 741 2622 798 videbantur
2651 743 2926 809 deseruit,
2962 744 3065 800 hos
3097 746 3193 816 qui
3229 762 3291 801 se
3323 747 3573 816 injustas
3611 754 3663 802 et
3707 765 3820 804 no-

2111 838 2329 900 verant,
2361 839 2417 888 et
2461 833 2811 897 fatebantur,
2870 835 3208 903 assumpsit.
3244 836 3388 891 Hinc
3447 842 3504 892 et
3566 838 3687 909 ipse
3744 839 3813 893 in

2112 919 2416 993 Evangelio
2450 923 2590 977 dicit
2623 939 2635 975 :
2669 923 2775 992 Ego
2802 921 2862 977 in
2881 923 3160 993 judicium
3202 926 3328 980 veni
3366 927 3423 979 in
3459 926 3605 981 hunc
3652 945 3828 982 mun-

2111 1014 2262 1078 dum,
2325 1018 2387 1065 ut
2446 1014 2539 1082 qui
2594 1027 2702 1067 non
2759 1013 2945 1068 vident
2988 1012 3205 1069 videant
3263 1020 3315 1069 et
3355 1018 3449 1086 qui
3478 1016 3665 1072 vident
3693 1018 3832 1074 ια’σί

2113 1102 2250 1171 ﬁant
2283 1103 2458 1170 (Joan.
2491 1118 2568 1169 Ix,
2604 1101 2717 1173 39).
2753 1102 2896 1158 Hinc
2924 1106 2980 1158 et
3027 1101 3297 1158 columna
3347 1103 3540 1173 nubis,
3583 1122 3711 1177 quas
3760 1108 3828 1164 in

2115 1208 2307 1248 eremo
2344 1191 2622 1263 populum
2676 1192 2915 1262 praeibat
2961 1192 3153 1264 (Exod.
3206 1210 3332 1261 xm,
3365 1195 3480 1266 21),
3511 1196 3832 1267 splendore

2115 1281 2264 1351 ignis
2289 1298 2402 1336 non
2436 1281 2491 1336 in
2517 1282 2630 1348 die,
2663 1283 2763 1338 sed
2799 1283 2856 1337 in
2885 1288 3052 1339 nocte
3082 1283 3362 1348 radiabat,
3397 1285 3535 1356 quia
3555 1287 3836 1344 videlicet

2116 1373 2446 1442 redemptor
2480 1377 2693 1440 noster,
2727 1389 2844 1428 suae
2888 1375 3341 1431 conversationis
3390 1377 3674 1448 exemplo,
3705 1379 3826 1433 du-

2116 1467 2306 1515 catum
2342 1459 2722 1529 scquentibus
2754 1465 3056 1531 praestans,
3097 1459 3169 1515 de
3205 1460 3438 1532 justitia
3487 1479 3594 1518 sua
3635 1465 3825 1519 conﬁ-

2115 1548 2392 1604 dentibus
2427 1547 2588 1604 nulla
2609 1548 2735 1604 luce
2756 1549 2998 1616 claruit;
3026 1558 3396 1621 peccatorum
3420 1568 3554 1607 vero
3577 1570 3825 1611 suorum

2115 1641 2386 1696 tenebras
2417 1641 2894 1711 agnoscentibus,
2924 1642 2995 1712 (e)
3027 1644 3161 1713 igne
3193 1642 3281 1697 sui
3322 1643 3540 1698 amoris
3572 1644 3824 1701 inlulsit.

308 1750 438 1805 aliis
465 1763 573 1802 non
596 1741 959 1800 credentibus.
995 1767 1062 1778 —
1091 1738 1197 1792 Sed
1234 1736 1372 1807 quia
1411 1738 1783 1805 exspectatus
1831 1732 2008 1798 venit,
2044 1776 2089 1841 B
2118 1729 2230 1784 Nec
2260 1730 2414 1841 quod
2457 1745 2734 1841 corrugareI
2756 1729 2867 1784 Job
2898 1731 3133 1797 dicitur,
3167 1730 3478 1841 iLndignum
3513 1748 3681 1789 mens
3713 1734 3830 1790 hoc

421 1838 430 1841 _
756 1832 770 1841 .
894 1829 925 1841 ι.
999 1828 1014 1841 ς
1263 1826 1298 1841 γ’
1423 1822 1668 1841 -,_-,,___:L
1727 1821 1868 1841 ...:__
1927 1821 1973 1841 ι’-
2121 1817 2269 1841 -ε....;
2299 1817 2548 1841 ---ιξηηιι
2674 1833 2697 1841 ,ι
2749 1817 3024 1841 ....._L--_!_
3110 1835 3174 1841 __
3219 1819 3423 1841 :a_-a.-_
3525 1820 3664 1841 n-n!,
3697 1828 3822 1841 ιυᾼ-

308 1838 545 1896 veniens
567 1849 714 1888 nova
740 1829 954 1892 docuit,
984 1828 1199 1881 docens
1223 1826 1370 1878 mira
1416 1822 1692 1882 exercuit,
1727 1821 1877 1875 mira
1927 1821 2009 1874 fa-

306 1931 464 1984 ciens
498 1939 670 1996 prava
711 1918 998 1983 toleravit;
1046 1927 1258 1970 vestem
1306 1929 1478 1983 quam
1528 1910 1769 1965 indutus
1828 1910 2013 1965 fuerat

305 2016 497 2080 scidit,
529 2015 666 2067 dum
700 2010 758 2064 in
800 2008 998 2064 Judaaa
1047 2005 1191 2060 alios
1233 2003 1303 2056 ab
1353 2000 1696 2056 inﬁdelitate
1741 1999 2002 2067 sustulit,

304 2107 380 2177 (bl
400 2105 543 2160 alios
566 2102 626 2156 in
651 2097 989 2154 inﬁdelitate
1005 2094 1337 2165 dereliquit.
1362 2093 1510 2157 Quid
1529 2098 1618 2147 est
1637 2091 1819 2163 igitur
1835 2091 2012 2147 vestis

306 2194 513 2260 scissa,
539 2189 874 2245 nisiJudaaa
899 2187 955 2240 in
989 2183 1298 2240 contrariis
1344 2181 1648 2236 sententiis
1687 2180 1920 2236 divisa?
1951 2179 2011 2236 Si

305 2284 461 2340 enim
486 2280 660 2335 vestis
683 2281 813 2347 ejus
834 2277 1020 2331 scissa
1042 2290 1156 2328 non
1180 2277 1355 2337 esset,
1388 2269 1746 2341 evangelista
1779 2286 1892 2325 non
1929 2270 2014 2326 di-

305 2376 459 2429 ceret
489 2371 639 2441 quod
675 2366 1020 2439 praedicante
1072 2362 1318 2418 Domino
1367 2361 1663 2416 contentio
1717 2360 2012 2416 oriebatur

304 2464 364 2519 in
401 2460 634 2534 populo,
672 2459 733 2514 Ut
763 2455 868 2510 alii
923 2454 1184 2518 dicerent,
1238 2456 1420 2506 Bonus
1477 2456 1584 2511 est;
1641 2449 1747 2505 alii
1803 2454 2008 2514 autem,

304 2557 448 2617 Non,
477 2549 569 2606 sed
597 2546 810 2603 seducit
841 2545 1029 2599 turbas
1068 2543 1245 2612 (Joan.
1296 2558 1396 2606 vn,
1449 2540 1557 2608 12).
1610 2539 1780 2605 Quasi
1831 2539 2012 2594 scissa

308 2641 488 2699 vestis
513 2639 669 2694 illius
693 2637 950 2706 fuitquas
969 2631 1151 2686 divisa
1173 2631 1264 2685 61
1303 2646 1402 2702 per
1442 2629 1768 2684 sententias
1813 2627 2007 2684 unita-

305 2739 422 2792 tem
457 2727 780 2788 concordia-
813 2723 1086 2796 perdidit.
1122 2722 1195 2792 (ε)
1227 2719 1506 2790 Sequitur
1539 2736 1550 2774 :

910 2812 1144 2869 CAPUT
1187 2809 1406 2867 XXXV.

376 2913 520 2969 Isin.
552 2941 617 2951 -
651 2908 712 2962 Et
744 2910 897 2961 tonso
927 2904 1106 2973 capite
1160 2914 1417 2955 corruens
1467 2899 1526 2952 in
1579 2903 1812 2967 terram,
1872 2898 2008 2953 ado-

338 3004 471 3057 avit.

305 3022 471 3060 ravu.

375 3090 464 3144 57.
501 3088 672 3156 Quasi
703 3092 853 3139 tonso
884 3082 1060 3151 capite
1083 3079 1142 3133 in
1174 3087 1378 3134 terram
1411 3076 1547 3142 ruit,
1595 3076 1725 3130 dum
1781 3074 2010 3133 Iudaico

2120 1817 2551 1889 signiﬁcatione
2621 1817 3024 1887 Redemptoris
3109 1819 3444 1875 arbitretur.
3525 1820 3835 1893 Scriptum

2122 1922 2375 1977 namque
2406 1915 2486 1961 est
2521 1924 2533 1961 :
2580 1907 2812 1961 Verbum
2843 1910 2986 1962 misit
3021 1908 3283 1964 Dominus
3305 1912 3360 1963 in
3392 1911 3580 1977 Jacob,
3608 1918 3661 1967 et
3678 1911 3848 1967 ceci-

2119 1996 2197 2052 dit
2229 1999 2284 2050 in
2317 1997 2488 2051 Israel
2513 1997 2664 2067 (Isai.
2699 2014 2772 2061 Ix,
2808 1999 2885 2068 8).
2917 1997 3093 2054 Jacob
3127 2001 3339 2071 quippe
3387 2000 3841 2074 supplantator,

2121 2086 2296 2142 Israel
2333 2103 2463 2142 vero
2494 2088 2694 2143 videns
2725 2088 2900 2143 Deum
2936 2089 3168 2146 dicitur.
3212 2090 3280 2145 Et
3309 2090 3451 2161 quid
3485 2108 3583 2163 per
3619 2093 3839 2161 Jacob,

2121 2177 2226 2232 nisi
2249 2177 2530 2232 Judaicus
2553 2178 2829 2249 pepulus;
2856 2179 2995 2250 quid
3018 2195 3118 2249 per
3137 2179 3309 2236 Israel
3336 2181 3448 2236 nisi
3471 2183 3701 2254 gentilis
3725 2202 3840 2256 po-

2121 2267 2290 2338 pulus
2313 2267 2650 2337 designatur
2671 2270 2700 2323 ?
2725 2270 2871 2334 Quia
2905 2285 3074 2340 quem
3098 2271 3273 2326 Jacob
3307 2289 3407 2342 per
3437 2275 3622 2330 carnis
3656 2291 3819 2330 mor-

2121 2366 2232 2411 tem
2266 2356 2636 2428 supplantare
2679 2358 2916 2426 studuit,
2955 2360 3106 2414 hunc
3153 2361 3430 2417 nimirum
3482 2379 3575 2432 per
3618 2364 3830 2422 oculos

2122 2445 2255 2502 ﬁdei
2287 2445 2579 2517 gentilitas
2617 2449 2792 2502 Deum
2826 2449 2990 2504 vidit.
3017 2451 3104 2505 Ad
3147 2451 3321 2507 Jacob
3378 2468 3514 2524 ergo
3574 2456 3828 2511 missum

2121 2534 2386 2604 verbum,
2416 2537 2471 2589 in
2506 2537 2676 2592 lsrael
2708 2537 2940 2606 cecidit,
2969 2538 3108 2610 quia
3137 2554 3268 2594 eum
3297 2556 3472 2611 quem
3505 2544 3575 2598 ad
3612 2560 3673 2600 se
3715 2562 3831 2602 ve—

2122 2624 2379 2680 nientem
2422 2626 2700 2682 Judaicus
2751 2627 2996 2698 respuit,
3053 2629 3202 2684 hunc
3257 2636 3492 2702 repente
3538 2635 3832 2692 conﬁtens

2124 2715 2372 2787 populus
2393 2715 2625 2785 gentilis
2657 2717 2893 2774 invenit.
2953 2719 3034 2776 De
3091 2725 3293 2776 sancto
3343 2721 3557 2794 quippe
3603 2724 3829 2795 Spiritu

2122 2807 2406 2878 scriptum
2439 2812 2527 2864 est
2561 2825 2574 2863 :
2603 2808 2806 2866 Cecidit
2851 2813 3082 2882 spiritus
3113 2813 3330 2870 Domini
3366 2831 3536 2887 super
3563 2831 3647 2872 eos
3676 2817 3824 2887 (Act.

2121 2913 2178 2961 x,
2211 2896 2320 2967 44).

2189 2987 2279 3042 58.
2312 2987 2512 3043 Cadere
2540 2991 2635 3060 qui
2663 2989 2887 3045 dicatur
2917 2993 3138 3048 verbum
3172 2993 3267 3049 Dei
3293 2998 3389 3050 aut
3413 2994 3644 3064 Spiritus
3671 3011 3828 3050 san-

2118 3081 2256 3130 ctus.
2291 3107 2355 3116 —
2385 3077 2604 3134 Idcirco
2657 3084 2852 3135 autem
2906 3081 2989 3136 vel
3021 3084 3260 3138 verbum
3294 3082 3417 3153 Dei,
3449 3084 3530 3140 vel
3563 3085 3831 3154 Spiritus

305 3152 608 3238 sacerdotio
637 3177 860 3240 reiecto,
918 3171 986 3226 ad
1040 3178 1221 3240 gentes
1277 3167 1569 3223 descendit.
1602 3198 1670 3206 —
1699 3166 1847 3230 Quid
1908 3182 2010 3236 per
2037 3152 2082 3217 C
2122 3171 2362 3221 sanctus
2385 3167 2442 3221 in
2476 3183 2643 3222 sacra
2666 3168 2964 3242 Scriptura
2994 3176 3197 3227 cadere
3245 3172 3476 3242 dicitur,
3510 3179 3573 3229 ut
3608 3152 3828 3246 inopi-

307 3271 532 3328 decisos
555 3263 818 3336 capillos,
847 3261 956 3316 nisi
991 3263 1492 3314 sacramentorum
1513 3257 1844 3320 subtilitas;
1869 3257 2006 3326 quid

305 3378 405 3433 per
423 3363 617 3427 caput,
643 3353 750 3410 nisi
775 3367 1006 3409 summa
1029 3348 1331 3404 sacerdotii
1355 3348 1428 3418 (d)
1449 3348 1784 3418 designatur
1800 3348 1828 3402 ?
1849 3346 2009 3402 Unde

305 3456 360 3506 et
381 3448 452 3503 ad
479 3443 831 3501 Ezechielem
858 3438 1198 3513 prophetam
1251 3437 1463 3492 dicitur
1497 3453 1510 3491 :
1553 3437 1645 3500 Tu,
1697 3436 1785 3504 ﬁli
1823 3436 2008 3490 homi-

305 3543 414 3607 nis,
443 3552 595 3591 sume
635 3535 738 3590 tibi
756 3531 1006 3604 gladium
1053 3535 1296 3595 acutum,
1331 3527 1611 3582 radentem
1647 3527 1806 3598 pilos,
1839 3536 1889 3581 et
1919 3542 2012 3580 as-

303 3645 480 3688 sumes
502 3643 647 3691 eum,
678 3634 730 3680 et
760 3625 928 3677 duces
959 3637 1054 3691 per
1075 3628 1237 3690 caput
1259 3622 1413 3674 tuum
1446 3626 1496 3673 et
1529 3618 1754 3672 barbam
1786 3615 2008 3688 (Ezech.

304 3735 359 3786 v,
397 3721 469 3788 1),
499 3725 556 3770 ut
587 3712 853 3768 videlicet
883 3709 1175 3782 prophetae
1207 3709 1355 3762 facto
1382 3707 1667 3776 judicium
1721 3706 2010 3775 Redemp-

299 3809 440 3864 toris
465 3807 840 3876 exprimatur,
866 3798 964 3871 qui
991 3800 1049 3853 in
1090 3814 1263 3852 carne
1305 3813 1590 3869 apparens
1635 3804 1805 3866 caput
1844 3795 2007 3862 rasit,

303 3892 757 3969 quianudaico
790 3891 1111 3946 sacerdotio
1157 3894 1574 3958 praeceptorum
1626 3902 1863 3942 suorum
1915 3902 2008 3941 sa-

303 3990 601 4044 cramenta
625 3980 900 4045 abstulit;
931 3980 1168 4033 barbam
1192 3977 1354 4043 rasit,
1390 3977 1524 4046 quia
1555 3992 1795 4046 regnum
1823 3975 2006 4030 Israe-

297 4079 527 4135 liticum
559 4075 856 4132 deserens.
889 4072 1151 4125 decorem
1204 4069 1442 4122 virtutis
1489 4067 1616 4137 ejus
1665 4066 2002 4135 amputavit.

299 4163 639 4242 [Vet.X.\’X.]
699 4162 847 4227 Quid
896 4175 1028 4214 vero
1089 4158 1197 4212 hoc
1255 4157 1377 4210 loco
1436 4173 1537 4226 per
1595 4160 1832 4222 terram,
1894 4155 2004 4210 nisi

299 4258 471 4310 homo
506 4259 768 4325 peccator
816 4247 1204 4320 exprimitur?
1254 4248 1443 4302 Primo
1485 4245 1699 4316 quippe
1743 4244 2005 4316 peccanti

296 4343 524 4399 homini
550 4343 772 4396 dictum
804 4345 889 4395 est
921 4355 932 4394 :
969 4340 1130 4392 Terra
1162 4354 1238 4402 es,
1272 4345 1323 4392 et
1357 4339 1412 4390 in
1442 4345 1643 4392 terram
1664 4336 1768 4389 ibis
1791 4334 2004 4406 (Cenes.

297 4450 382 4497 III,
420 4432 525 4500 19).
553 4431 740 4484 Terras
781 4445 916 4498 ergo
977 4427 1208 4482 nomine
1261 4427 1550 4498 peccatrix
1597 4424 1889 4497 gentilitas
1913 4425 2006 4480 de-

2120 3260 2290 3309 natus
2309 3257 2436 3326 ejus
2463 3259 2744 3315 adventus
2775 3261 3150 3329 exprimatur.
3185 3263 3346 3328 Quod
3371 3264 3526 3319 enim
3566 3265 3679 3319 ruit
3728 3265 3829 3320 vel

2118 3347 2294 3411 cadit,
2328 3349 2397 3402 ad
2433 3348 2549 3402 ima
2581 3355 2814 3419 repente
2846 3351 3020 3406 venit.
3056 3352 3356 3408 Mediatori
3398 3369 3532 3425 ergo
3591 3355 3649 3408 in
3697 3357 3830 3409 ter-

2121 3450 2242 3488 ram
2272 3435 2441 3505 quasi
2465 3437 2750 3492 corruisse
2772 3443 2878 3504 est,
2904 3439 3081 3494 nullis
3104 3440 3286 3512 signis
3328 3440 3829 3511 praeurrentibus

2119 3524 2416 3596 inopinate
2441 3528 2505 3582 ad
2533 3533 2736 3598 gentes
2759 3529 3006 3583 venisse.
3037 3530 3188 3585 Bene
3211 3535 3407 3587 autem
3431 3531 3643 3586 dicitur
3660 3532 3826 3602 quod

2119 3631 2395 3671 corruens
2419 3618 2698 3683 adoravit,
2723 3617 2860 3689 quia
2880 3619 3019 3673 dum
3044 3619 3169 3690 ipse
3193 3621 3574 3677 humilitatem
3625 3622 3832 3678 carnis

2119 3708 2469 3778 suscepit,in
2497 3724 2558 3762 se
2589 3710 2963 3764 credentibus
3013 3715 3140 3765 vota
3187 3711 3530 3767 humilitatis
3579 3713 3832 3773 infudit.

2117 3796 2271 3852 Fecit
2301 3799 2479 3862 enim,
2513 3799 2648 3868 quia
2693 3799 2815 3853 ﬁeri
2871 3800 3102 3868 docuit;
3132 3802 3283 3857 sicut
3313 3812 3363 3856 et
3397 3802 3466 3857 de
3509 3803 3634 3874 ejus
3681 3803 3835 3874 Spi-

2118 3885 2230 3939 ritu
2266 3885 2475 3941 dicitur
2508 3903 2520 3941 :
2547 3891 2666 3956 Ipse
2683 3888 2926 3958 Spiritus
2943 3893 3188 3960 postulat
3207 3890 3324 3947 62
3341 3909 3440 3961 pro
3460 3893 3610 3947 nobis
3637 3896 3828 3963 gemi-

2116 3979 2260 4031 tibus
2292 3978 2769 4033 inenarrabilibus
2825 3982 2996 4049 (Rom.
3054 3997 3177 4049 VIII,
3237 3983 3350 4053 26).
3415 3983 3610 4056 Neque
3653 3986 3825 4040 enim

2117 4067 2282 4137 petit,
2307 4068 2407 4136 qui
2435 4067 2671 4136 aequalis
2693 4074 2802 4136 est,
2827 4071 2927 4125 sed
2956 4071 3239 4142 postulare
3286 4073 3532 4141 dicitur;
3565 4073 3702 4144 quia
3734 4074 3831 4128 ni-

2117 4156 2326 4211 mirum
2359 4173 2506 4227 quos
2549 4158 2873 4228 repleverit,
2927 4159 3288 4231 postulantes
3341 4163 3473 4218 facit
3504 4179 3516 4218 :
3553 4165 3830 4232 quamvis

2115 4246 2221 4301 hoc
2243 4256 2293 4301 et.
2321 4251 2376 4302 in
2418 4249 2732 4320 semetipso
2774 4249 3119 4321 Redemptor
3168 4257 3368 4307 noster
3405 4253 3677 4317 ostendit,
3712 4255 3829 4324 qui

2116 4335 2337 4393 Patrem
2365 4337 2562 4402 etiam,
2586 4341 2720 4394 dum
2753 4341 3010 4410 passioni
3053 4341 3487 4413 propinquaret,
3535 4345 3821 4399 exoravit.

2115 4428 2182 4499 (ί)
2214 4427 2360 4493 Quid
2395 4428 2548 4483 enim
2577 4429 2814 4496 mirum,
2849 4431 2894 4484 si
2927 4431 2984 4485 in
3020 4431 3202 4486 forma
3234 4433 3384 4488 servi
3432 4433 3720 4489 exorando
3755 4450 3830 4491 se

301 4522 587 4590 signatur.
614 4522 758 4573 Nam
784 4532 912 4571 cum
941 4517 1160 4585 justam
1204 4519 1402 4570 Judma
1441 4533 1500 4570 se
1550 4516 1831 4583 crederet,
1860 4531 2000 4571 con-
2034 4524 2080 4590 ι)
2115 4516 2267 4572 Patri
2326 4517 2609 4584 subdidit,
2653 4518 2712 4572 in
2771 4534 2889 4589 qua
2946 4518 3118 4574 etiam
3180 4536 3392 4576 manus
3451 4523 3830 4593 peccantium

298 4615 412 4667 stat
441 4623 613 4678 quam
647 4606 889 4676 reproba
916 4605 984 4659 de
1032 4605 1357 4675 gentilitate
1398 4606 1656 4674 sentiret,
1689 4604 1862 4661 Paulo
1913 4610 2004 4659 at-

295 4703 566 4761 testante,
599 4695 698 4766 qui
733 4695 848 4750 ait:
885 4694 987 4749 Nos
1018 4698 1217 4749 natura
1238 4695 1508 4756 Judxi,et
1556 4710 1667 4750 non
1716 4710 1785 4750 ex
1829 4695 2003 4766 genti-

298 4792 394 4845 bus
421 4794 728 4860 peccatores
752 4783 895 4856 (Gal.
940 4799 1005 4849 ιι,
1064 4785 1172 4845 15).
1227 4783 1510 4838 Mediator
1567 4785 1746 4855 igitur
1804 4789 2002 4839 noster

295 4879 465 4953 quasi
485 4877 723 4932 detonso
746 4874 930 4945 capite
953 4874 1011 4927 in
1054 4877 1270 4928 terram
1296 4873 1537 4938 corruit,
1572 4874 1709 4944 quia
1733 4873 1999 4929 Judaeam

297 4964 762 5032 deserens,dum
795 4964 1166 5017 sacramenta
1214 4975 1318 5014 sua
1375 4960 1446 5014 ab
1492 4960 1619 5030 ejus
1678 4961 2001 5017 sacerdotio

367 5169 445 5236 (α)
477 5165 604 5218 Haec
639 5162 830 5236 verba,
857 5159 1032 5236 quasi,
1057 5162 1189 5236 et_c.,
1225 5172 1411 5236 usque
1452 5155 1518 5211 ad
1560 5157 1820 5236 tolerare,
1857 5158 2005 5236 desi-

298 5227 650 5290 dera'nturin
687 5227 826 5287 Mss.
861 5227 1054 5292 (λη-ιι..
1088 5227 1504 5296 (ΞεναιηΡιθιιη
1567 5227 1738 5294 Utic.,
1772 5235 1828 5285 et
1887 5232 2003 5285 for-

297 5318 496 5361 tas~ee
531 5322 708 5363 mare.
745 5307 800 5358 in
855 5310 1073 5358 textum
1109 5305 1485 5370 irrepserunt.

367 5379 443 5444 (b)
479 5377 646 5440 Edit.,
671 5376 1134 5443 repugnantibus
1161 5374 1325 5439 Mss,
1351 5377 1486 5428 alios
1511 5374 1566 5424 in
1591 5371 2002 5430 incredulitate.

370 5450 441 5517 lc)
478 5447 532 5500 ιη
566 5447 714 5510 Elii,
742 5448 917 5501 Paris.
959 5448 1115 5502 1518.
1148 5461 1198 5499 ei
1231 5447 1450 5498 omnib.
1473 5461 1618 5514 seq.,
1647 5446 1757 5500 huc
1781 5446 2004 5501 immis-

297 5537 428 5574 sum
463 5525 572 5584 est,
604 5533 728 5570 cum
759 5525 813 5569 et
847 5529 963 5583 post
993 5519 1453 5570 resurrectionem
1493 5533 1652 5570 suam
1681 5518 2005 5586 quibusdam

295 5590 592 5647 credituris
625 5587 907 5655 apparuit,
935 5597 984 5640 et
1013 5588 1341 5656 quibusdam
1367 5605 1480 5641 non
1510 5590 1809 5642 credituris
1835 5606 1888 5642 se
1907 5591 2008 5643 ab-

295 5661 531 5718 scondit.
565 5659 807 5728 Mermn
841 5666 1268 5716 assumentum,
1329 5660 1482 5728 quod
1533 5662 2010 5716 antecedentibus

301 5741 396 5789 aut
432 5727 928 5799 subsequentibus
961 5744 1076 5784 non
1104 5727 1373 5789 cohaeret.
1430 5729 1659 5800 Legitur
1707 5735 1903 5788 tamen
1948 5732 2006 5787 in

2115 4622 2302 4678 usque
2333 4608 2400 4661 ad
2438 4607 2638 4662 mortis
2669 4617 2924 4663 extrema
2945 4608 3259 4664 toleravit?
3295 4610 3565 4682 Sequitur
3593 4626 3607 4665 :

2355 4696 2594 4753 CAPUT
2633 4697 2856 4753 xxxvr
2890 4699 3023 4770 [νει.
3057 4700 3229 4766 XXXI,
3265 4700 3385 4757 Rec.
3414 4701 3615 4773 XXIII].

2180 4787 2354 4842 Vsas.
2385 4788 2474 4841 21.
2510 4819 2576 4827 —
2600 4788 2822 4844 Nandus
2873 4804 3118 4857 egressus
3147 4804 3270 4845 sum
3299 4789 3364 4847 de
3409 4794 3561 4847 utero
3613 4793 3823 4846 matris

2111 4893 2270 4945 mem,
2304 4879 2488 4934 nudus
2520 4888 2764 4934 revertar
2795 4879 2945 4937 illuc.

2178 4968 2268 5024 59.
2306 4968 2557 5026 Christus
2589 4969 2658 5024 ad
2689 4969 2908 5025 Judaeos
2928 4971 3167 5040 equibus
3196 4970 3390 5038 exivit,
3421 4973 3475 5026 in
3507 4974 3616 5042 ﬁne
3647 4989 3834 5027 mun-

2112 5175 2296 5231 marg.
2331 5159 2578 5215 Colbert.
2629 5161 2794 5230 Cod.,
2847 5163 3010 5218 abest
3064 5178 3194 5219 vero
3225 5181 3256 5218 a
3287 5164 3509 5221 caeteris
3563 5165 3706 5223 Mss.
3773 5177 3833 5225 et

2113 5233 2538 5301 antiquioribus
2572 5233 2672 5287 Ed.

2183 5304 2259 5372 (tl)
2293 5304 2353 5382 _ln
2376 5303 2876 5382 _Edi_tis,_exceptis
2901 5310 3094 5363 tamen
3119 5307 3572 5380 antiquioribus,
3610 5310 3835 5382 legitur

2113 5374 2408 5430 sacerdotii
2441 5375 2701 5444 dignitas.

2185 5449 2253 5514 (et
2290 5449 2401 5505 AL.
2433 5447 2683 5516 ignem...
2721 5448 2959 5519 infulsit,
2995 5453 3058 5504 ut
3088 5449 3333 5506 habetur
3362 5451 3419 5507 in
3452 5452 3780 5510 nonnullis.

2187 5519 2256 5594 (Ι)
2279 5519 2339 5572 In
2368 5519 2505 5594 Mss.
2535 5519 2766 5594 Rhcm.,
2799 5521 3052 5591 Remtg.,
3085 5521 3212 5576 Val.
3245 5523 3351 5591 CL,
3388 5524 3596 5594 legitur
3631 5544 3641 5580 :
3677 5527 3838 5594 Quid

2115 5589 2264 5642 enim
2301 5589 2505 5667 mirum
2534 5590 2593 5667 si‘
2614 5593 2672 5644 in
2700 5597 2882 5661 [arma
2908 5589 3060 5667 servi
3094 5597 3315 5667 Patrem
3340 5589 3648 5654 exoravit?
3679 5589 3840 5667 Quid

2115 5665 2346 5724 mirum,
2378 5664 2427 5715 si
2465 5679 2525 5717 in
2553 5663 2741 5734 forma
2769 5665 2915 5720 servi
2943 5665 3248 5734 exorando,
3280 5673 3383 5723 etc.
