4156 6178
296 182 412 242 585

1252 175 1660 237 MORALIUM
1716 172 1862 233 LIB.
1908 170 1985 232 ΙΙ.
2032 203 2108 215 —
2152 172 2228 233 IN
2275 174 2446 234 CAP.
2496 176 2517 237 Ι
2563 177 2634 237 Β.
2680 177 2845 239 JOB.

3700 177 3819 241 586

296 315 356 373 di
380 324 461 373 est
506 329 843 372 reversurus.
901 343 968 357 --
1018 312 1418 385 Redemptoris
1469 314 1652 369 mater
1690 310 1858 381 juxta
1884 321 2007 365 car-
2038 309 2084 375 Α
2119 308 2289 379 gellis
2321 311 2493 381 positi
2515 312 2853 370 benedicere
2876 316 3112 372 Domino
3129 315 3342 384 sciant,
3362 331 3493 373 cum
3512 317 3787 375 subditur
3816 334 3834 376 :

296 420 428 462 nem
465 405 773 477 Synagoga
805 403 1040 472 exstitit,
1073 419 1139 460 ex
1172 419 1289 475 qua
1319 402 1389 458 ad
1414 417 1520 459 nos
1552 417 1653 472 per
1680 414 1891 470 corpus
1921 397 2003 452 vi-

297 496 487 552 sibilis
519 494 826 566 processit.
858 495 967 550 Sed
1012 492 1166 549 hunc
1212 493 1363 549 intra
1408 509 1469 549 se
1502 490 1759 563 tegmine
1801 488 2005 544 littera

296 587 643 659 adapertum
668 584 876 651 tenuit,
908 584 1050 639 dum
1076 584 1149 639 ad
1177 581 1489 652 spiritalem
1519 582 1646 652 ejus
1676 576 2001 649 intelligen-

294 678 433 733 tiam
484 675 699 731 mentis
745 672 948 732 oculos
998 673 1223 744 aperire
1268 670 1544 744 neglexit.
1580 670 1743 725 IIunc
1773 666 1911 739 quia
1940 666 2001 722 in

294 783 468 823 carne
495 765 735 821 humani
771 765 1028 835 corporis
1052 763 1325 819 latentem
1356 762 1549 818 ridere
1578 759 1761 816 Deum
1794 756 2000 825 noluit,

291 855 531 927 quasiin
545 854 846 911 divinitate
866 855 1130 910 nundum
1151 852 1228 924 (α)
1249 852 1618 908 considerare
1634 846 1997 916 contempsit.

289 947 397 1003 Sed
432 946 627 1002 nudus
649 945 722 1001 de
742 950 900 1001 utero
925 944 1124 1000 matris
1153 942 1324 998 exiit:
1356 941 1429 1012 (b)
1460 939 1595 1010 quia
1626 956 1659 994 a
1686 941 1997 1010 Synagogas

291 1052 465 1093 carne
507 1020 789 1108 prodiens‘
810 1034 1157 1105 conspicuus
1210 1033 1281 1088 ad
1331 1034 1532 1103 gentes
1597 1030 1774 1084 venit.
1834 1024 1996 1093 Quod

288 1127 436 1183 bene
481 1124 700 1195 Joseph
751 1123 951 1180 relicto
1026 1122 1200 1195 pallio
1264 1120 1519 1194 fugiente
1568 1119 1861 1190 signatum
1908 1119 2000 1170 est

284 1214 497 1287 (Cenes.
546 1229 737 1276 xxxxx,
784 1212 892 1283 12).
939 1217 1090 1269 Dum
1130 1210 1284 1267 enim
1320 1207 1528 1266 mulier
1555 1207 1817 1265 adultera
1849 1202 2000 1260 male

284 1303 388 1360 illo
422 1303 507 1360 uti
544 1302 845 1370 voluisset,
891 1301 1091 1359 relicto
1115 1300 1288 1374 pallio
1317 1301 1464 1372 fugit
1495 1300 1667 1365 foras,
1698 1295 1833 1369 quia
1855 1295 1997 1351 dum

287 1394 597 1466 Synagoga
626 1392 941 1449 Dominum
966 1407 1177 1465 purum
1208 1390 1505 1446 hominem
1533 1388 1793 1455 credens,
1826 1384 1996 1457 quasi

288 1481 617 1539 adulterino
665 1479 967 1554 complexu
1013 1479 1415 1551 constringere
1460 1476 1663 1543 voluit,
1704 1476 1824 1545 ipse
1862 1478 1995 1544 teg-

284 1585 424 1626 men
454 1568 657 1625 littera
687 1570 818 1641 ejus
848 1567 1032 1625 oculis
1055 1566 1313 1639 reliquit,
1346 1572 1404 1622 et
1432 1566 1502 1621 ad
1526 1562 1991 1637 cognoscendam

287 1658 612 1715 divinitatis
660 1675 779 1714 suae
828 1658 1145 1730 potentiam
1183 1658 1563 1725 conspicuum
1612 1670 1674 1711 se
1720 1653 1991 1751 gentibus
2024 1685 2077 1751 Β

282 1748 553 1819 prebuit.
587 1746 751 1803 Unde
778 1750 835 1804 et
865 1746 1081 1803 Paulus
1112 1746 1259 1801 dixit
1291 1762 1304 1802 :
1342 1747 1515 1817 Usque
1544 1745 1724 1811 hodie,
1757 1744 1888 1798 dum
1919 1741 1994 1796 le-

278 1836 441 1906 gitur
467 1839 710 1906 Moyses,
746 1835 996 1890 velamen
1024 1838 1101 1889 est
1138 1834 1210 1905 (c)
1240 1850 1400 1905 super
1441 1849 1534 1889 cor
1562 1848 1749 1889 earum
1770 1831 1843 1902 (ιι
1866 1829 1990 1884 Cor.

277 1942 369 1996 ιιι,
405 1927 515 1998 15),
553 1925 691 1997 quia
722 1924 986 1981 videlicet
1014 1924 1277 1980 adultera
1317 1923 1525 1979 mulier
1572 1921 1729 1994 apud
1778 1924 1993 1976 semet-

276 2015 472 2085 ipsam
524 2013 768 2087 pallium
810 2014 1066 2074 retinuit,
1121 2018 1178 2068 et
1209 2029 1380 2084 quem
1413 2012 1565 2067 male
1594 2011 1842 2076 tenebat,
1872 2027 1989 2065 nu-

278 2104 423 2160 dum
459 2103 677 2160 amisit.
710 2103 815 2170 Qui
847 2119 981 2175 ergo
1011 2106 1366 2175 aSynagoga
1398 2102 1658 2170 veniens,
1684 2101 1818 2155 ﬁdei
1851 2114 1990 2172 gen-

272 2195 432 2251 tium
472 2193 829 2265 conspicuus
877 2194 1166 2265 apparuit,
1216 2208 1281 2248 ex
1325 2197 1489 2247 utero
1541 2193 1747 2247 matris
1803 2192 1992 2246 nudus

274 2283 473 2340 exivit.
508 2283 617 2339 Sed
650 2282 916 2353 nunquid
949 2282 1095 2337 hanc
1126 2282 1465 2337 omnimodo
1497 2281 1760 2336 deserit?
1790 2281 1860 2336 Et
1891 2280 1990 2335 ubi

270 2377 371 2429 est
400 2374 551 2444 quod
586 2389 689 2445 per
730 2371 1075 2443 prophetam
1126 2371 1339 2426 dicitur
1370 2386 1384 2425 :
1420 2369 1479 2425 Si
1518 2372 1689 2438 fuerit
1730 2385 1992 2424 numerus

262 2462 519 2534 ﬁliarum
550 2462 724 2517 Israel
752 2464 909 2534 quasi
936 2476 1109 2516 arena
1145 2464 1334 2529 maris,
1385 2461 1635 2532 reliquie
1663 2461 1829 2514 salvae
1860 2459 1992 2527 ﬁent

265 2552 427 2623 (Isai.
464 2567 522 2619 x,
571 2551 661 2616 22,
696 2551 848 2607 Rom.
880 2566 956 2613 ix,
988 2550 1130 2619 27)?
1174 2549 1280 2605 Ubi
1330 2549 1484 2620 quod
1534 2550 1815 2620 scriptum
1861 2553 1987 2603 est:

273 2642 456 2697 Donec
482 2639 769 2712 plenitudo
798 2641 1046 2709 gentium
1078 2641 1361 2706 introiret,
1413 2643 1463 2693 et
1493 2640 1573 2693 sic
1601 2640 1779 2693 omnis
1816 2639 1990 2693 Israel

265 2732 457 2788 salvus
486 2731 639 2801 ﬁeret
664 2732 843 2801 (Rom.
870 2746 949 2797 xi,
978 2729 1112 2799 25)?
1141 2729 1262 2785 Erit
1282 2744 1418 2801 ergo
1449 2728 1525 2799 (ά)
1556 2730 1788 2800 quando
1822 2721 2004 2783 cons?

271 2822 482 2894 pictius
542 2822 718 2877 etiam
785 2821 1097 2893 Synagogm
1162 2823 1455 2891 appareat.
1538 2818 1662 2872 Erit
1738 2818 1796 2872 in
1874 2817 1989 2873 fine

270 2911 485 2968 mundi
520 2909 713 2981 procul
737 2910 935 2978 dubio,
970 2910 1204 2981 quando
1235 2909 1429 2980 gentis
1460 2925 1578 2963 sua:
1610 2906 1873 2979 reliquiis
1905 2924 1989 2964 se-

268 3000 620 3072 metipsum,
665 3001 818 3054 sicut
847 3004 934 3054 est
966 2998 1139 3066 Deus,
1171 2998 1516 3053 innotescat.
1565 2996 1727 3053 Unde
1756 3006 1809 3053 et
1842 2997 1988 3054 bene

2117 397 2269 453 Sicut
2292 399 2525 456 Domino
2579 402 2817 473 placuit,
2865 404 2943 458 ita
2990 406 3196 474 [aetum
3226 412 3348 467 est;
3397 407 3470 461 sit
3495 422 3689 462 nomen
3725 408 3827 464 Do-

2116 486 2261 542 mini
2307 488 2662 547 benedictum.
2718 492 2881 548 Unde
2947 498 3002 547 et
3046 500 3191 550 teste
3240 494 3552 567 Evangelio
3606 495 3826 561 (Matth.

2116 594 2266 638 xxvr,
2313 579 2428 648 26),
2477 597 2610 637 cum
2659 582 2759 637 03
2820 584 3213 656 propinquare
3272 584 3528 654 passioni
3586 585 3824 655 dicitur,

2115 674 2350 739 accepto
2382 686 2529 741 pane
2550 672 2767 742 gratias
2789 673 2976 744 egisse
2996 674 3353 744 perhibetur.
3379 675 3607 733 Gratias
3628 676 3823 747 itaque

2116 758 2254 829 agit,
2289 760 2389 829 qui
2439 759 2668 831 ﬂagella
2711 761 2911 817 alienae
2962 764 3291 835 iniquitatis
3329 765 3589 836 suscipit.
3625 766 3690 821 Et
3720 765 3819 837 qui

2114 848 2261 903 nihil
2317 850 2552 917 dignum
2631 856 3005 923 percussione
3070 854 3350 921 exhibuit,
3410 856 3708 912 humiliter
3760 857 3821 912 in

2111 936 2180 1007 (ί)
2205 939 2578 1007 percussione
2614 941 2929 998 benedicit:
2969 949 3031 998 ut
3077 943 3207 998 hinc
3254 944 3521 1000 videlicet
3550 945 3822 1001 ostendat

2112 1027 2247 1096 quid
2276 1030 2677 1101 unusquisque
2699 1031 2757 1086 in
2783 1032 3009 1100 ﬂagello
3032 1032 3211 1103 culpes
3245 1032 3487 1103 propriae
3512 1033 3698 1089 facere
3720 1034 3818 1090 de-

2111 1115 2265 1184 beat,
2288 1116 2335 1173 si
2355 1117 2481 1190 ipse
2496 1121 2903 1192 aequanimiter
2924 1122 3153 1194 ﬂagella
3174 1123 3355 1195 culpes
3371 1127 3558 1194 portat
3576 1122 3777 1180 alienis
3798 1137 3814 1179 :

2113 1210 2175 1261 ut
2204 1208 2339 1264 hinc
2373 1212 2642 1266 ostendat
2665 1210 2799 1282 quid
2829 1212 2888 1265 in
2920 1214 3286 1284 correptione
3315 1212 3488 1269 faciat
3519 1212 3817 1283 subditus,

2109 1296 2155 1351 si
2186 1297 2245 1354 in
2278 1298 2505 1371 ﬂagello
2558 1301 2776 1372 positus
2809 1300 2959 1356 Patri
3007 1303 3227 1374 gratias
3276 1302 3393 1375 agit
3423 1302 3689 1375 aequalis.
3727 1307 3823 1360 Sec

2109 1387 2309 1459 quitur
2336 1406 2349 1444 :

2676 1516 2905 1572 CAPUT
2946 1517 3245 1574 XXXVIII.

2180 1624 2354 1680 Vens.
2386 1625 2476 1679 22.
2512 1656 2583 1664 —
2628 1626 2691 1680 In
2721 1626 2974 1680 omnibus
3031 1626 3115 1681 his
3164 1642 3271 1681 non
3327 1630 3571 1698 peccavit
3603 1626 3698 1682 Job
3737 1626 3815 1696 (ρ)

2109 1728 2279 1784 neque
2306 1716 2536 1769 stultum
2568 1714 2785 1784 aliquid
2823 1722 3011 1770 contra
3043 1719 3221 1771 Deum
3254 1715 3472 1771 locutus
3496 1719 3592 1771 est.

2172 1840 2262 1895 62.
2295 1840 2454 1895 Dolus
2481 1840 2626 1911 apud
2666 1843 2915 1896 homines
2944 1842 3264 1911 prudentia,
3298 1842 3443 1914 apud
3482 1844 3649 1898 Deum
3677 1841 3815 1897 stul-

2102 1931 2231 1986 titia
2272 1934 2370 1986 est.
2402 1962 2473 1971 —-
2502 1931 2662 1995 Quod
2699 1948 2801 1987 nec
2834 1948 3121 2002 peccasse,
3170 1950 3274 1988 nec
3308 1934 3551 1988 stultum
3593 1931 3815 2004 aliquid

2101 2025 2305 2078 contra
2334 2023 2507 2077 Deum
2553 2020 2783 2077 locutus
2827 2021 3144 2091 asseritur;
3176 2022 3285 2077 hoc
3338 2023 3408 2078 de
3457 2022 3556 2079 illo
3586 2026 3817 2079 Petrus.

2101 2111 2399 2181 sicutjam
2456 2111 2848 2182 praediximus,
2884 2117 3080 2181 aperte
3124 2115 3385 2177 testatur,
3437 2112 3672 2168 dicens:
3703 2112 3819 2181 Qui

2098 2210 2375 2272 peccatum
2405 2218 2513 2256 non
2549 2203 2697 2271 fecit,
2744 2217 2846 2255 nec
2892 2201 3049 2257 dolus
3096 2202 3351 2257 inventus
3380 2207 3455 2257 est
3490 2204 3546 2255 in
3576 2216 3667 2256 ore
3694 2204 3816 2271 ejus

2100 2293 2145 2362 (I
2188 2293 2304 2345 Pet.
2358 2307 2423 2356 ιι,
2476 2290 2587 2361 22).
2648 2290 2824 2345 Dolus
2871 2291 3088 2363 quippe
3144 2291 3200 2345 in
3245 2307 3363 2359 ore,
3404 2299 3621 2362 quanto
3659 2290 3811 2360 apud

2099 2381 2368 2436 homines
2403 2379 2753 2451 prudentius
2786 2379 2972 2448 callet,
3005 2384 3167 2435 tanto
3194 2381 3343 2450 apud
3368 2380 3545 2435 Deum
3572 2378 3811 2435 stultius

2100 2469 2328 2539 desipit,
2372 2466 2547 2523 Paulo
2601 2472 2927 2534 attestante,
3003 2468 3096 2536 qui
3148 2468 3265 2522 ait:
3318 2467 3599 2537 Sapientia
3646 2467 3811 2539 hujus

2099 2558 2298 2613 mundi
2331 2556 2568 2612 stultitia
2598 2566 2677 2611 est
2727 2556 2872 2624 apud
2920 2558 3089 2610 Deum
3122 2557 3167 2628 (Ι
3226 2557 3347 2612 Cor.
3396 2572 3482 2626 ιιι,
3523 2556 3629 2623 19).
3665 2556 3810 2620 Quia

2100 2663 2235 2718 ergo
2255 2649 2424 2702 dolus
2455 2645 2512 2700 iu
2547 2661 2643 2699 ore
2675 2646 2800 2714 ejus
2833 2661 2945 2699 non
2985 2644 3110 2711 fuit,
3144 2644 3387 2700 stultum
3421 2644 3806 2717 proculdubio

2100 2737 2253 2793 nihil
2294 2736 2459 2791 dixit.
2492 2735 2659 2791 Hunc
2692 2740 2891 2790 contra
2934 2734 3112 2789 Deum
3144 2735 3474 2790 sacerdotes
3515 2742 3567 2790 et
3599 2734 3809 2804 princi-

2099 2844 2200 2900 pes
2246 2827 2508 2883 locutum
2555 2823 2730 2880 stulte
2778 2824 3169 2890 crediderant,
3215 2839 3348 2878 cum
3416 2825 3808 2895 interrogatus

2097 2916 2391 2990 passionis
2422 2919 2702 2986 tempore,
2726 2913 2826 2969 Dei
2878 2930 2940 2970 se
2973 2912 3153 2968 lilium
3194 2916 3523 2968 testaretur.
3557 2912 3721 2969 Unde
3752 2916 3811 2968 et

2098 3004 2511 3075 conquirentes
2533 3004 2737 3057 dicunt
2759 3019 2774 3059 :
2796 3001 2937 3071 Quid
2963 3001 3141 3055 adhuc
3164 3015 3383 3068 egemus
3402 2999 3629 3055 testibus
3648 3000 3676 3054 ’ἶ
3694 3015 3810 3056 ecce

265 3091 371 3146 hic
393 3046 642 3145 dicitur}:
692 3088 877 3145 Nudus
918 3046 1169 3144 reverldr
1214 3087 1369 3143 illuc.
1414 3087 1617 3143 Nudus
1666 3087 1883 3159 quippe
1913 3088 1984 3142 ad
2027 3046 2071 3113 Ο
2098 3046 3667 3165 v63):
3694 3046 3809 3143 Sed

268 3185 510 3235 uterum
542 3178 751 3235 matris
782 3178 1111 3247 revertitur,
1151 3193 1286 3234 cum
1320 3179 1379 3232 in
1416 3177 1620 3233 mundi
1655 3177 1831 3246 hujus
1862 3183 1986 3232 ter-

267 3267 545 3336 minosis,
567 3267 667 3338 qui
701 3267 759 3321 in
791 3264 1004 3321 saculo
1030 3267 1216 3320 iactus
1240 3264 1413 3320 homo
1431 3264 1772 3334 despicitur,
1806 3265 1984 3336 Syna-

262 3373 433 3430 gogss
466 3372 587 3413 suae
635 3354 843 3423 oculis,
891 3354 1044 3411 Deus
1088 3360 1222 3410 ante
1251 3354 1462 3410 saecula
1504 3354 1857 3409 declaratur.
1891 3353 1988 3409 Se-

267 3446 503 3518 quitur:

644 3532 879 3589 CAPUT
926 3532 1173 3590 XXXVII
1216 3534 1361 3606 [Βϐσ.
1394 3532 1600 3603 XXIV].

341 3625 482 3680 Isin.
535 3625 796 3680 Dominus
842 3623 1013 3691 dedit,
1070 3624 1331 3679 Dominus
1374 3622 1649 3677 abstulit:
1688 3624 1827 3676 sicut
1877 3622 1979 3676 Do-

261 3716 420 3771 mino
446 3714 683 3785 placuit,
713 3715 798 3769 ita
814 3715 1026 3784 factum
1063 3722 1180 3769 est:
1212 3715 1283 3768 sit
1330 3727 1528 3767 nomen
1567 3711 1785 3765 Domini
1818 3711 1980 3765 bene-

259 3804 498 3862 dictum.

344 3894 431 3950 60.
464 3893 603 3949 Deus
653 3892 866 3950 Christo
904 3892 1149 3949 Iudaeam
1195 3891 1342 3948 dedit
1384 3899 1434 3948 et
1477 3890 1719 3946 abstulit.
1770 3919 1835 3931 -ο
1867 3889 1981 3944 Re-

263 3984 540 4052 demptor
580 3986 776 4038 noster
825 3998 926 4054 per
974 3982 1082 4037 hoc
1128 3983 1283 4055 quod
1317 3987 1467 4037 Deus
1498 3984 1605 4039 est.
1649 3996 1782 4036 cum
1815 3983 1981 4034 Patre

261 4074 366 4130 dat
395 4073 593 4131 omnia
619 4093 633 4142 ;
660 4090 760 4145 per
807 4073 911 4130 hoc
943 4089 1073 4130 vero
1102 4076 1259 4144 quod
1293 4072 1464 4128 homo
1508 4075 1611 4139 est,
1646 4088 1678 4126 a
1720 4078 1876 4141 patre
1907 4070 1980 4141 (θ)

258 4165 474 4235 accipit
503 4166 658 4221 inter
686 4164 898 4221 omnia.
929 4164 1088 4219 Dicat
1112 4164 1294 4235 igitur
1326 4164 1395 4218 de
1423 4162 1646 4228 .ludms,
1680 4178 1811 4217 cum
1846 4176 1983 4216 ven-

265 4263 467 4312 turum
518 4254 945 4311 incarnationis
976 4254 1103 4324 ejus
1152 4252 1495 4324 mysterium
1546 4253 1979 4307 crederet:Do-

2100 3192 2297 3239 contra
2316 3184 2492 3237 Deum
2529 3180 2701 3235 stulte
2722 3178 2863 3234 nihil
2884 3177 3221 3250 dixitzquia
3254 3193 3382 3232 vera
3414 3177 3676 3248 loquens,
3698 3176 3809 3232 hoc

2098 3274 2168 3328 de
2200 3290 2260 3328 se
2292 3271 2631 3327 inﬁdelibus
2662 3269 2838 3325 etiam
2885 3268 3181 3323 moriendo
3214 3266 3428 3336 intulit,
3454 3266 3605 3339 quod
3641 3266 3807 3338 paulo

2096 3368 2226 3435 post
2258 3360 2569 3432 redemptis
2597 3358 2868 3414 omnibus
2899 3358 3255 3425 resurgendo
3288 3356 3649 3412 monstravit.

2166 3452 2302 3523 [Vet.
2362 3451 2579 3518 ΧΧΧΙΙ.)
2619 3448 2707 3502 63.
2749 3452 2971 3501 Sstus
3020 3462 3287 3501 MORALIS.
3348 3476 3412 3486 —
3472 3445 3641 3500 Satan
3700 3446 3803 3501 Deo

2092 3559 2217 3598 cum
2265 3542 2469 3594 sanctis
2516 3538 2728 3608 angelis
2773 3537 2999 3602 assistit,
3044 3537 3390 3605 cogitationes
3426 3535 3604 3589 malas
3648 3534 3800 3589 bonis

2091 3630 2482 3687 interserendo.
2514 3657 2581 3668 —
2604 3627 2733 3681 Hac
2764 3628 2819 3680 in
2852 3623 3343 3695 significationem
3377 3623 3559 3679 nostri
3590 3623 3799 3694 capitis

2092 3721 2336 3775 breviter
2366 3715 2611 3771 tractata
2651 3712 3143 3769 transcurrimus:
3177 3728 3335 3767 nunc
3372 3714 3430 3767 in
3469 3711 3801 3768 aediﬁcatio-

2092 3826 2221 3867 nem
2246 3809 2374 3877 ejus
2392 3803 2668 3874 corporis,
2692 3820 2752 3857 ea
2786 3800 3083 3856 moraliter
3102 3801 3401 3856 tractanda
3423 3800 3794 3871 replicemus,

2091 3905 2156 3954 ut
2185 3898 2336 3969 quod
2369 3900 2561 3951 actum
2594 3893 2734 3947 foris
2767 3893 3033 3944 narratur
3063 3890 3121 3943 in
3154 3904 3346 3960 opere,
3374 3888 3625 3945 sciamus
3658 3904 3800 3960 quo-

2092 3988 2264 4045 modo
2298 3988 2456 4041 intus
2479 3986 2686 4054 agatur
2714 3980 2772 4035 in
2802 3988 3010 4034 mente.
3047 3977 3188 4034 Nam
3222 3994 3354 4032 cum
3389 3975 3493 4032 filii
3523 3976 3624 4032 Dei
3656 3977 3803 4033 assi-

2091 4083 2256 4134 stunt
2279 4091 2471 4134 coram
2508 4077 2643 4141 Deo,
2678 4071 2829 4127 inter
2877 4086 2975 4126 eos
3006 4085 3238 4141 quoque
3268 4068 3493 4124 assistit
3514 4072 3569 4122 et
3597 4069 3799 4137 Setan,

2093 4170 2232 4241 quia
2263 4167 2604 4240 plerumque
2637 4164 2807 4219 bonis
2833 4161 3047 4216 nostris
3079 4158 3553 4231 cogitationibus,
3587 4174 3713 4230 quas
3736 4158 3799 4216 in

2092 4260 2265 4317 corde
2296 4263 2515 4325 nostro,
2549 4257 2795 4311 adventu
2836 4250 3023 4307 sancti
3073 4250 3325 4321 Spiritus
3373 4253 3670 4321 operante,
3703 4265 3797 4305 se-

261 4342 455 4399 minus
480 4341 654 4397 dedit.
705 4341 869 4398 Dicat
916 4344 984 4397 de
1031 4341 1253 4408 Judaaa,
1286 4356 1419 4395 cum
1467 4344 1855 4411 exspectatam
1889 4338 1979 4394 in-

2105 4350 2414 4415 ninantur,
2438 4344 2714 4416 antiquus
2736 4341 2831 4396 ille
2857 4340 3063 4396 callide
3085 4356 3142 4395 se
3166 4337 3461 4394 interserit
3482 4344 3535 4393 et
3556 4338 3806 4410 subjun-

267 4432 625 4489 carnationis
655 4432 785 4503 ejus
810 4430 1173 4503 praecutiunt
1204 4429 1685 4500 contempsisset:
1722 4430 1981 4485 Dominus

263 4522 523 4580 abstulit.
561 4522 696 4577 Data
727 4522 945 4593 quippe
992 4524 1096 4584 est,
1139 4536 1273 4575 cum
1324 4536 1426 4591 per
1455 4519 1741 4590 quosdam
1784 4519 1982 4574 futura

265 4610 557 4677 credidit;
586 4611 690 4666 sed
747 4610 1010 4682 exigente
1055 4611 1259 4667 merito
1309 4626 1427 4665 suas
1472 4608 1748 4668 emcitatis
1787 4608 1981 4664 ablata

266 4708 384 4769 est,
415 4716 547 4757 cum
579 4698 800 4756 credita
841 4716 943 4772 per
974 4701 1255 4773 quosdam
1308 4697 1563 4755 venerari
1612 4698 1975 4768 contempsit.

338 4790 432 4847 61.
482 4789 732 4846 Christus
775 4791 1024 4861 exemplo
1065 4790 1249 4847 docuit
1297 4791 1404 4845 Deo
1452 4788 1513 4844 in
1555 4788 1794 4860 ﬂagellis
1827 4789 1979 4845 bene-

268 4879 471 4938 dicere.
497 4910 564 4923 —
598 4880 663 4936 In
694 4896 758 4937 se
804 4885 999 4937 autem
1051 4883 1351 4937 credentes
1387 4881 1645 4947 edoceat,
1677 4884 1743 4935 ut
1782 4878 1841 4935 in
1874 4880 1980 4935 ﬂa-

339 5084 421 5152 (a)
448 5080 623 5148 Editi,
654 5084 984 5152 conspicere.

338 5152 415 5223 (b)
434 5224 439 5225 ί
460 5151 737 5225 Nonnulli
772 5152 935 5221 Mss,
968 5153 1101 5225 quia
1131 5169 1164 5207 a
1194 5152 1484 5225 Synagoga
1513 5167 1679 5225 carne
1702 5154 1979 5224 pradicas,

264 5240 397 5297 quas
431 5223 599 5281 lectio
630 5224 929 5281 videretur
970 5223 1348 5297 preferenda,
1374 5224 1420 5279 si
1464 5223 1712 5293 potiores
1750 5225 1985 5283 Codices

262 5295 754 5355 suﬂraaarentur.
971 5295 988 5297 ⁷

336 5365 420 5449 (ιε)⁸
444 5367 685 5423 Coccius
737 5366 962 5421 addidit
996 5370 1259 5437 positum,
1292 5367 1446 5438 quod
1485 5366 1542 5422 in
1576 5383 1697 5440 seq.
1726 5366 1873 5423 Edit.
1907 5369 1986 5424 ir-

264 5448 663 5636 Ξξὲὶὲιῶἒέἱ,
679 5511 1009 5582 quandoque
1022 5509 1366 5581 conspicuus,
1390 5516 1451 5565 ut
1471 5512 1659 5567 etiam.
1684 5510 1985 5585 Castigan-

293 5597 804 5719 υἳεῗΪΡὲ-ῗῗέυιιω
836 5654 989 5709 inter
1019 5652 1077 5708 in
1097 5651 1366 5724 Vulgatis
1388 5653 1668 5711 omissam
1693 5656 1985 5712 revocavi-

602 5751 867 5816 Psraos.
914 5751 1141 5816 LXXV.

2090 4438 2175 4509 git
2222 4436 2518 4500 inimicus,
2556 4441 2616 4488 ut
2678 4432 2826 4487 bene
2866 4429 3115 4500 cogitata
3166 4428 3488 4499 perturbet,
3532 4427 3797 4499 maleque

2090 4527 2425 4599 perturbata
2456 4522 2713 4579 dilaniet.
2737 4521 2847 4577 Sed
2868 4534 3238 4591 nequaquam
3275 4534 3375 4573 nos
3399 4518 3457 4573 in
3482 4518 3803 4575 tentatione

2091 4617 2324 4682 deserit,
2376 4613 2478 4687 qui
2527 4611 2759 4668 creavit.
2807 4610 2952 4665 Nam
3002 4609 3227 4664 hostem
3276 4611 3564 4675 nostrum,
3611 4607 3710 4680 qui
3739 4622 3804 4664 se

2091 4711 2294 4763 contra
2336 4720 2441 4760 nos
2471 4703 2528 4759 in
2580 4700 2811 4756 insidiis
2862 4698 3136 4770 contegit,
3170 4696 3562 4752 illustrations
3591 4696 3681 4751 sui
3712 4695 3803 4751 lu-

2091 4794 2267 4851 minis
2297 4793 2465 4849 nobis
2490 4788 3018 4863 deprehensibilem
3052 4785 3272 4846 reddit;
3312 4787 3546 4855 propter
3574 4783 3728 4854 quod
3750 4782 3803 4837 ei

2093 4900 2225 4940 mox
2258 4882 2399 4938 dicit
2422 4899 2436 4937 :

2094 5099 2225 5137 mus
2274 5096 2340 5137 ex
2382 5079 2520 5136 Mss.
2573 5079 2665 5134 Sic
2710 5077 2882 5133 intra,
2936 5073 3034 5125 lib.
3087 5086 3167 5136 ιχ,
3201 5082 3328 5139 cap.
3363 5067 3500 5121 olim
3536 5067 3806 5139 i6,nunc

2090 5156 2180 5222 30,
2215 5169 2379 5209 num.
2424 5153 2514 5215 48,
2565 5151 2707 5205 hunc
2755 5149 3129 5222 Deunisupra
3171 5138 3477 5222 omniauet
3528 5138 3807 5222 hominem

2093 5210 2245 5281 int'ra
2294 5227 2479 5280 omnia
2506 5210 2843 5291 agnoscunt.
2895 5210 3037 5269 Vide
3091 5214 3133 5268 Ι.
3168 5228 3259 5278 xv,
3294 5228 3350 5266 n.
3401 5210 3490 5279 20,
3526 5219 3579 5267 et
3615 5210 3656 5266 l.
3688 5229 3803 5278 xvi,

2094 5300 2405 5436 n.(ls'fLCocq
2456 5363 2652 5436 Gilot.,
2702 5359 2910 5422 Vatic.,
2962 5356 3272 5422 Gussanv.,
3306 5358 3364 5410 in
3408 5357 3802 5425 persecutione,

2095 5435 2291 5493 contra
2327 5437 2468 5491 Mss.
2514 5435 2710 5489 fidem.

2165 5512 2243 5581 (g)
2274 5509 2376 5581 Hic
2407 5506 2701 5572 additum,
2730 5505 2790 5558 in
2822 5501 2979 5557 labiis
3008 5504 3144 5570 suis,
3175 5518 3208 5555 a
3237 5500 3409 5558 Gilot.
3428 5501 3487 5556 et
3515 5496 3650 5554 aliis
3681 5512 3804 5565 seq.

2096 5579 2507 5650 expunximus.

2169 5642 2249 5725 (ἡ)
2271 5651 2465 5721 Antiq.
2502 5650 2670 5710 Rem.
2704 5656 2755 5709 et
2790 5646 3055 5715 Vindoc.,
3082 5642 3469 5714 blasphemas.

3416 5741 3487 5799 19
