4086 6166
269 245 391 305 587

865 369 1096 427 CAPUT
1126 368 1373 426 XXXIX.

339 467 512 522 Vens.
542 466 598 519 7.
630 495 699 507 -—
734 463 877 521 Unde
906 467 1056 519 venis
1077 470 1103 516 Ρ

339 559 430 614 64.
464 557 568 613 Cui
596 556 886 610 dicendum
918 554 1062 608 unde
1092 552 1244 607 venis
1273 555 1300 605 Σ)
1321 580 1388 591 -
1419 549 1702 605 Callidum
1733 562 1983 618 namque

268 649 499 705 hostem
545 647 855 716 requirere,
894 649 979 697 est
1012 643 1139 712 ejus
1185 643 1350 696 nobis
1380 641 1625 694 insidias
1664 640 1982 701 declarare,

278 744 344 793 ut
371 754 484 808 quo
518 751 649 790 eum
684 734 1015 790 subintrare
1049 749 1146 787 cor
1176 731 1488 795 cernimus,
1526 730 1654 783 forti
1686 733 1885 784 contra
1914 726 1984 780 il-

280 827 404 883 lum
436 823 956 896 circumspectione
988 820 1318 892 vigilemus.

938 928 1172 984 CAPUT
1204 928 1311 982 XL.

355 1025 497 1080 IBID.
531 1054 598 1065 —
621 1024 726 1091 Qui
746 1020 1072 1093 respondens
1104 1023 1183 1074 ait
1211 1017 1488 1076 :Circuivi
1523 1020 1751 1083 terram,
1783 1021 1836 1070 et
1862 1030 1991 1086 per-

279 1115 561 1173 ambulavi
581 1131 725 1170 eum.

285 1229 294 1238 ·
350 1208 439 1262 65.
475 1206 579 1273 Qui
607 1204 838 1260 insidias
867 1204 985 1274 ejus
1030 1204 1167 1258 Deus
1197 1201 1351 1257 nobis
1396 1203 1628 1268 detegat.
1668 1229 1733 1238 —
1767 1198 1990 1252 Satanas

279 1302 494 1353 terram
529 1295 796 1362 circuire,
819 1300 904 1349 est
934 1292 1191 1348 carnalia
1215 1291 1390 1346 corda
1417 1288 1788 1359 perscrutari,
1811 1291 1868 1341 et
1891 1302 1990 1340 un-

280 1387 351 1442 de
383 1385 746 1441 occasionem
779 1381 1157 1437 accusationis
1189 1380 1447 1435 invenire
1496 1378 1694 1448 possit,
1728 1375 1992 1446 exquire-

277 1491 360 1532 re.
393 1477 630 1531 Terram
665 1472 894 1540 circuit,
930 1471 1068 1542 quia
1098 1471 1359 1526 humana
1389 1469 1561 1524 corda
1591 1464 1993 1532 circumvenit,

279 1571 346 1622 ut
377 1566 531 1621 bona
565 1563 751 1632 tollat,
785 1567 849 1618 ut
891 1562 1047 1617 mala
1078 1561 1372 1617 mentibus
1413 1560 1657 1626 inserat,
1691 1562 1754 1612 ut
1781 1556 1997 1611 inserta

285 1654 555 1720 cumulet,
607 1657 671 1709 ut
720 1651 1018 1708 cumulata
1058 1650 1338 1722 perﬁciat,
1372 1652 1435 1704 ut
1484 1647 1766 1718 perfectos
1798 1645 1856 1699 in
1887 1646 1997 1699 ini-

1537 234 1818 297 SANCTI
1861 230 2229 294 GREGORII
2280 227 2534 298 MAGNI

2007 368 2066 433 Α
2095 366 2151 420 in
2181 368 2348 425 bonis
2382 371 2451 424 de
2483 367 2694 440 quibus
2735 366 3019 438 gaudebat
3047 368 3394 434 concutitur,
3427 368 3802 427 imbecillita-

3674 241 3791 300 588

2091 457 2163 510 tis
2193 475 2311 512 suae
2347 459 2643 514 debilitate
2673 458 2924 527 cognita,
2956 455 3014 510 in
3047 473 3150 526 spe
3189 458 3367 511 divini
3399 460 3678 528 adjutorii
3704 478 3802 516 ro-

2093 547 2319 603 bustius
2348 549 2639 604 solidetur.
2666 549 2864 616 Fitque
2903 549 3049 600 mira
3080 546 3514 616 dispensatione
3548 551 3802 618 pietatis,

2094 643 2157 692 ut
2187 643 2338 692 unde
2372 638 2655 708 malignus
2678 637 2862 691 hostis
2886 653 2983 690 cor
3005 641 3210 704 tentat,
3239 639 3630 704 utinterimat,
3663 640 3804 694 inde

2095 727 2424 783 misericors
2473 726 2735 782 conditor
2773 726 2878 780 hoc
2915 726 3162 793 erudiat,
3219 731 3282 781 ut
3329 728 3498 782 vivat.
3552 727 3715 784 Unde
3745 733 3805 785 et

2097 815 2238 872 bene
2261 818 2681 889 subjungitur:

2718 926 2950 982 CAPUT
2980 926 3171 984 XLIV.

2166 1016 2338 1072 Vens.
2377 1018 2460 1074 12.
2492 1048 2561 1060 --
2610 1018 2738 1072 Ecce
2767 1019 3024 1073 universa
3054 1034 3175 1089 qua:
3213 1018 3395 1086 habet,
3426 1021 3488 1074 in
3510 1037 3682 1078 manu
3713 1026 3810 1077 tua

2094 1116 2240 1176 sunt,
2281 1112 2496 1162 tantum
2525 1110 2580 1162 in
2612 1123 2737 1162 eum
2772 1123 2839 1162 ne
2867 1107 3125 1163 extendas
3155 1126 3382 1164 manum
3410 1115 3586 1167 tuam.

2168 1197 2258 1254 69.
2293 1199 2397 1251 Deo
2438 1197 2906 1268 perseverantiam
2953 1199 3247 1255 tribuente.
3304 1231 3368 1240 —
3417 1202 3494 1255 Ac
3526 1202 3572 1255 si
3613 1211 3812 1274 aperte

2101 1285 2297 1342 dicat:
2348 1286 2523 1342 Electi
2577 1286 3043 1358 uniuscujusque
3082 1288 3237 1344 bona
3267 1289 3348 1344 sic
3393 1289 3499 1345 tibi
3530 1295 3810 1350 tentanda

2100 1377 2352 1433 exterius
2382 1377 2597 1446 tribuo,
2631 1380 2695 1431 ut
2724 1381 2919 1431 tamen
2945 1376 3069 1447 ipse
3103 1379 3351 1445 noveris,
3383 1380 3519 1450 quia
3547 1397 3814 1452 perseve-

2103 1473 2330 1525 rantem
2364 1468 2504 1524 mihi
2535 1468 2703 1524 illum
2733 1469 2792 1524 in
2826 1469 3038 1524 mentis
3068 1471 3261 1526 radice
3291 1487 3587 1530 conservo.
3624 1474 3728 1529 Ubi
3753 1478 3814 1530 et

2103 1559 2249 1614 bene
2280 1557 2550 1614 subditur
2576 1576 2588 1615 :

2731 1665 2960 1720 CAPUT
3001 1665 3170 1721 XLV.

287 1745 612 1814 quitatibus
656 1744 726 1797 ad
762 1758 990 1813 poenam
1023 1740 1205 1797 socios
1247 1739 1524 1809 acquirat.
1557 1738 1625 1792 Et
1675 1735 1993 1790 notandum
2028 1737 2076 1802 Β
2177 1755 2318 1811 18m.
2351 1787 2421 1796 _
2451 1756 2812 1826 Egressum,“
2841 1765 2915 1811 εει
2937 1755 3111 1810 suum
3137 1772 3170 1810 α
3198 1755 3348 1826 facta
3377 1758 3635 1814 οονηίηίε

290 1835 442 1904 quod
477 1849 588 1888 non
621 1832 1032 1895 transvolasse,
1066 1831 1161 1884 sed
1213 1829 1646 1900 perambulasse
1677 1840 1737 1880 se
1771 1826 1999 1893 asserit,

290 1924 430 1994 quia
462 1923 738 1978 nimirum
784 1937 1151 1992 nequaquam
1195 1935 1365 1989 quem
1396 1921 1576 1974 tentet
1605 1915 1875 1970 velociter
1904 1915 2002 1968 de-

289 2014 466 2081 serit;
519 2014 618 2068 sed
667 2012 767 2068 ubi
801 2011 974 2067 molle
1004 2028 1104 2067 cor
1146 2010 1384 2075 invenit,
1419 2009 1496 2062 ibi
1543 2007 1745 2076 pedem
1781 2005 2002 2059 miserae

288 2104 685 2176 persuasionis
717 2104 859 2173 ﬁgit,
896 2107 962 2157 ut
1001 2101 1368 2156 immorando
1415 2098 1661 2154 actionis
1694 2112 1881 2166 prava
1914 2110 2003 2149 ve-

287 2195 464 2264 stigia
494 2194 815 2264 imprimat,
855 2197 912 2247 et
957 2209 1025 2247 ex
1066 2207 1180 2246 suae
1213 2189 1539 2260 iniquitatis
1590 2185 2003 2250 similitudine,

291 2300 438 2354 quos
457 2283 627 2349 valet,
665 2283 937 2353 reprobos
975 2282 1197 2337 reddat.
1233 2281 1343 2335 Sed
1377 2284 1577 2334 contra
1613 2277 1768 2331 hunc
1800 2276 2003 2330 beatus

285 2373 394 2429 Job
422 2371 717 2439 laudatur,
748 2377 804 2428 et
834 2373 1048 2427 dicitur
1075 2389 1087 2426 :

950 2479 1186 2534 CAPUT
1223 2478 1355 2532 LXI.

360 2570 535 2625 Vens.
569 2571 623 2624 8.
656 2603 724 2612 —
753 2569 1012 2639 Nunquid
1041 2568 1391 2623 considerasti
1428 2581 1645 2620 servum
1677 2579 1855 2618 meum
1887 2564 2002 2629 Job,

295 2662 435 2734 quod
474 2661 578 2717 Μ
614 2678 722 2717 non
752 2664 821 2716 sit
861 2661 915 2715 ei
952 2660 1151 2714 similis
1182 2674 1343 2728 super
1373 2661 1600 2723 terram,
1632 2655 1718 2709 vir
1746 2655 2004 2725 simplex,

293 2759 348 2807 et
381 2760 578 2816 rectus,
610 2767 676 2807 ac
714 2753 915 2806 timens
951 2752 1140 2817 Deum,
1166 2749 1418 2802 recedens
1448 2764 1478 2799 (ι
1502 2745 1644 2799 malo
1668 2747 1694 2796 ?

364 2841 450 2893 66.
492 2840 737 2894 Laudare
769 2841 870 2893 Dei
906 2848 981 2894 est
1003 2844 1147 2893 bona
1177 2837 1329 2901 dare,
1363 2851 1425 2888 ac
1455 2835 1579 2888 data
1609 2832 1904 2887 custodire.
1939 2863 2005 2871 —

293 2927 474 2990 Quem
509 2928 704 2981 divina
735 2926 1043 2997 inspiratio
1075 2931 1276 2979 contra
1308 2924 1525 2977 hostem
1564 2923 1815 2988 roborat,
1851 2919 2005 2974 hunc

293 3016 461 3084 quasi
490 3015 546 3068 in
581 3015 808 3069 Satanae
840 3016 1080 3069 auribus
1115 3017 1261 3068 Deus
1292 3013 1510 3066 laudat.
1546 3011 1805 3065 Laudare
1838 3014 2004 3079 quip-

291 3118 362 3172 pe
392 3102 519 3172 ejus
560 3110 667 3170 est,
699 3103 933 3171 etprius
965 3103 1116 3156 bona
1157 3101 1491 3164 concedere,
1526 3103 1582 3152 et
1621 3103 1750 3167 post
1780 3114 2008 3152 conces-
2036 3106 2078 3174 α

291 3207 355 3247 sa
395 3191 707 3246 custodire.
749 3191 861 3246 Sed
906 3192 1183 3260 antiquus
1226 3188 1409 3244 hostis
1457 3204 1521 3242 eo
1579 3192 1780 3241 contra
1819 3186 2002 3241 bonos

293 3279 527 3352 gravius
557 3280 742 3347 saevit,
767 3296 880 3351 quo
901 3279 1099 3334 vallari
1123 3294 1222 3334 eos
1249 3278 1455 3332 divinas
1489 3274 1859 3345 protectionis
1881 3292 2004 3328 mu-

295 3385 432 3424 nere
461 3369 763 3440 conspicit.
797 3368 958 3424 Unde
990 3373 1047 3424 et
1077 3368 1441 3436 subjungens
1478 3366 1646 3420 dicit:

936 3476 1168 3532 CAPUT
1189 3475 1362 3531 XLII.

373 3565 548 3621 Vens.
571 3566 624 3620 9.
650 3596 718 3606 -—
743 3566 1002 3638 Nunquid
1030 3569 1250 3637 frustra
1279 3564 1377 3618 Job
1410 3562 1563 3617 timet
1585 3563 1749 3616 Deum
1768 3565 1792 3614 .9
1825 3560 2011 3617 Nonne

297 3661 356 3713 tu
386 3657 612 3713 vallasti
638 3673 781 3724 eum,
801 3672 864 3711 ac
893 3658 1108 3712 domum
1137 3658 1274 3726 ejus,
1307 3655 1734 3722 universamque
1764 3651 2011 3706 substan-

301 3748 438 3801 tiam
465 3762 562 3817 per
587 3747 877 3802 circuitum
898 3750 922 3798 .9
961 3745 1222 3816 Operibus
1252 3759 1478 3798 manum
1517 3743 1634 3810 eius
1669 3741 2010 3808 benedixisti,

308 3843 359 3890 et
387 3835 648 3905 possessio
680 3835 831 3890 illius
853 3839 1019 3890 crevit
1041 3836 1098 3887 in
1129 3841 1298 3889 terra.

371 3925 461 3980 67.
491 3925 614 3980 Suis
644 3926 853 3980 viribus
887 3926 1042 3980 homo
1072 3939 1181 3979 non
1210 3927 1336 3978 stat.
1370 3951 1439 3962 —
1490 3925 1566 3974 Ac
1598 3921 1646 3974 si
1711 3924 1907 3991 aperte
1927 3921 2011 3975 di-

302 4021 435 4083 cat:
477 4017 592 4071 Cur
620 4015 824 4070 laudas
872 4030 1040 4085 quem
1086 4012 1432 4084 protegendo
1481 4009 1760 4063 roboras?
1791 4010 2011 4073 Desine-

302 4108 396 4159 cto
414 4104 572 4158 enim
607 4119 718 4172 me,
747 4103 960 4174 dignus
982 4105 1101 4156 tuis
1125 4100 1395 4154 laudibus
1420 4098 1592 4152 homo
1621 4103 1795 4164 esset,
1821 4098 1863 4151 si
1892 4098 2012 4152 suis

303 4198 508 4247 contra
551 4208 642 4246 me
673 4193 891 4246 viribus
922 4195 1121 4245 staret.
1157 4188 1317 4243 Unde
1352 4201 1481 4240 mox
1526 4195 1578 4238 et
1611 4185 1900 4239 malitiose
1940 4185 2010 4239 de

305 4281 543 4336 homino
591 4282 828 4352 expetit,
863 4282 1013 4351 quod
1055 4285 1244 4334 tamen
1287 4278 1572 4346 protector
1614 4274 1868 4329 hominis
1909 4275 2009 4328 be-

305 4372 482 4439 nigne
512 4371 792 4424 concedit.
826 4370 969 4424 Nam
999 4369 1267 4424 subditur
1302 4382 1316 4422 :

742 4476 975 4531 CAPUT
1009 4474 1174 4530 XLIII
1207 4476 1349 4545 [Rea
1382 4473 1546 4543 XXV].

375 4565 550 4619 Vens.
587 4565 672 4618 11.
696 4593 764 4604 -
804 4564 915 4618 Sed
936 4563 1161 4618 extende
1183 4563 1471 4633 paululum
1506 4577 1732 4616 manum
1766 4569 1937 4627 tuam,
1961 4566 2010 4616 et

302 4667 470 4725 tange
489 4656 683 4708 cuncta
707 4669 826 4723 qua
856 4652 1108 4724 possidet,
1132 4652 1244 4705 nisi
1267 4653 1318 4705 in
1340 4651 1416 4722 (a)
1448 4650 1647 4721 faciem
1671 4651 2011 4706 benedz’xeril

305 4746 427 4803 tibi.

371 4837 464 4892 68.
485 4834 655 4890 Elecli
670 4834 724 4888 in
742 4835 1044 4889 tentatione
1055 4829 1371 4902 proﬁciunt.
1391 4861 1454 4870 —
1469 4830 2008 4900 Plerumqueenim,

304 4931 445 4985 dum
478 4927 760 4982 virtutum
794 4921 1281 4980 fructusl‘ccunde
1312 4921 1633 4988 reddimus,
1661 4921 1800 4974 dum
1831 4921 2010 4976 contio

299 5035 418 5074 nua
440 5017 818 5092 prosperitate
839 5012 1144 5086 pollemus,
1178 5007 1604 5080 aliquantulum
1643 5025 1807 5063 mens
1839 5009 2011 5079 erigi-

302 5115 421 5177 tur,
456 5114 569 5163 uta
600 5109 914 5181 semetipsa
945 5104 1051 5159 sibi
1087 5103 1331 5159 existere
1366 5103 1515 5156 bona
1545 5115 1671 5171 quae
1704 5100 1891 5170 habet,
1926 5119 2014 5156 ar-

316 5199 575 5254 bitretur.
598 5197 732 5260 Quas
765 5197 1044 5253 nimirum
1069 5195 1223 5250 bona
1245 5192 1522 5262 antiquus
1556 5190 1741 5247 hostis
1767 5189 2016 5246 malitio-

303 5301 366 5340 se
396 5291 699 5341 attrectare
743 5288 1002 5358 appetit;
1049 5287 1146 5341 sed
1175 5286 1294 5340 baac
1345 5285 1554 5339 tentari
1586 5283 1741 5338 Deus
1780 5284 2013 5338 nonnisi

307 5373 559 5445 benigne
583 5376 878 5445 permittit,
913 5380 975 5430 ut
1008 5377 1147 5430 dum
1179 5391 1343 5431 mens
1365 5374 1685 5430 tentatione
1717 5373 2009 5444 pulsante,

379 5556 451 5623 (a)
473 5550 640 5624 Corb.
675 5550 889 5624 Germ.,
922 5553 1035 5624 nisi
1056 5556 1110 5607 in
1144 5554 1290 5624 facie
1321 5563 1435 5609 tua.

377 5621 450 5696 (ὁ)
472 5623 578 5678 Ubi
611 5621 819 5690 legitur
845 5623 903 5676 in
925 5623 1108 5678 Editis
1130 5621 1427 5693 profectus,
1447 5626 1506 5680 in
1540 5627 1677 5682 Mss.
1709 5626 1825 5681 fere
1855 5642 2012 5682 sem-

305 5713 404 5768 per
436 5696 702 5758 habetur,
743 5700 1034 5760 provectus.
1084 5697 1266 5755 Quam
1298 5711 1493 5752 vocem
1543 5697 1636 5753 hic
1669 5698 2003 5755 curavimus

2181 1855 2270 1908 70.
2306 1856 2418 1923 Quo
2461 1853 2800 1921 moderante,
2847 1854 3095 1909 diabolus
3148 1854 3411 1911 bonorum
3449 1856 3617 1912 corda
3653 1875 3821 1929 usque

2111 1944 2183 1999 ad
2214 1945 2500 1998 interitum
2536 1959 2646 1998 non
2669 1944 2943 1999 vulnerat.
2977 1974 3045 1984 -—
3072 1944 3217 2007 Quia
3249 1961 3349 2016 per
3381 1946 3511 2012 hoc,
3535 1949 3688 2018 quod
3726 1966 3824 2004 us-

2113 2050 2226 2104 que
2257 2034 2326 2087 ad
2361 2033 2648 2088 defectum
2689 2033 2880 2088 cordis
2921 2033 3227 2103 praevalere
3282 2050 3653 2107 nequaquam
3689 2054 3826 2108 per-

2113 2123 2380 2188 mittitur,
2417 2123 2686 2178 exclusus
2728 2122 2798 2178 ab
2837 2123 3085 2190 intimis,
3131 2124 3379 2179 exterius
3409 2132 3669 2197 vagatur.
3714 2130 3826 2193 Qui

2112 2213 2286 2268 etiam
2321 2213 2364 2266 si
2416 2213 2654 2266 virtutes
2705 2213 2915 2267 mentis
2958 2213 3298 2283 plerumque
3343 2215 3556 2277 turbat,
3587 2232 3651 2271 eo
3692 2218 3822 2288 ipso

2113 2301 2250 2354 foris
2279 2306 2388 2368 est,
2424 2317 2534 2370 quo
2569 2300 2864 2355 resistente
2894 2299 3029 2368 Deo,
3066 2315 3244 2370 usque
3284 2302 3353 2355 ad
3389 2302 3686 2359 interitum
3717 2305 3827 2361 bo-

2114 2406 2316 2444 norum
2351 2390 2526 2444 corda
2575 2405 2689 2444 non
2729 2389 3014 2444 vulnerat.
3050 2389 3304 2445 Tantum
3354 2391 3567 2464 quippe
3621 2399 3829 2451 contra

2115 2479 2212 2533 illa
2249 2478 2446 2533 saevire
2497 2478 2874 2550 permittitur,
2924 2479 2981 2532 in
3034 2485 3320 2549 quantum
3371 2496 3609 2538 necesse
3649 2488 3742 2538 est
3769 2489 3826 2540 ut

2114 2569 2534 2624 tentationibus
2585 2569 2810 2624 erudita
2859 2566 3212 2635 solidentur;
3267 2585 3337 2624 no
3366 2584 3433 2624 ea
3483 2587 3611 2642 quin
3644 2578 3828 2644 agunt

2116 2659 2284 2719 bona,
2319 2659 2441 2713 suis
2463 2658 2686 2712 viribus
2718 2657 2993 2722 tribuant,
3029 2674 3100 2712 ne
3130 2658 3188 2712 in
3221 2659 3559 2715 securitatis
3591 2667 3827 2733 torpore

2116 2765 2175 2803 se
2206 2749 2499 2812 deserant,
2544 2755 2596 2801 et
2628 2765 2661 2802 a
2710 2747 3038 2802 formidinis
3071 2749 3426 2804 accinctione
3463 2751 3824 2808 dissolvent:

2116 2837 2190 2907 (ὁ)
2224 2838 2324 2892 sed
2354 2840 2423 2891 ad
2460 2841 2765 2907 provectus
2784 2836 2871 2890 sui
2906 2837 3222 2892 custodiam
3249 2844 3406 2893 tanto
3436 2838 3710 2895 solertius
3735 2842 3824 2896 in-

2115 2927 2374 2994 viligent,
2407 2940 2621 2996 quanto
2664 2942 2725 2980 se
2756 2932 2953 2980 contra
2983 2928 3377 2982 adversarium
3415 2939 3564 2984 stare
3595 2945 3826 3000 semper

2115 3017 2174 3070 in
2201 3016 2320 3070 acie
2351 3018 2732 3070 tentationum
2768 3015 2983 3070 vident.

2544 3122 2778 3178 CAPUT
2817 3123 2989 3178 XLVI
3023 3123 3160 3194 [Vet.
3194 3124 3432 3196 XXXIII].

2185 3225 2359 3276 Vens.
2393 3222 2477 3288 13,
2515 3221 2598 3283 lli,
2636 3223 2718 3276 15.
2756 3252 2821 3262 -
2858 3222 2992 3275 Cum
3023 3228 3212 3276 autem
3243 3223 3481 3293 quadam
3510 3224 3598 3280 die
3626 3227 3744 3290 ﬁlii
3773 3232 3827 3282 et

2113 3312 2248 3382 ﬁliae
2276 3313 2395 3381 ejus
2423 3315 2768 3366 comederent
2793 3317 2843 3364 et
2874 3311 3117 3365 biberent
3149 3310 3335 3366 vinum
3360 3315 3420 3367 in
3449 3313 3604 3368 domo
3624 3316 3831 3383 fratris

2116 3403 2205 3456 sui
2233 3403 2612 3471 primogeniti,
2642 3402 2876 3455 nuntius
2911 3401 3057 3455 venit
3078 3403 3146 3454 ad
3164 3401 3279 3467 Job,
3313 3405 3410 3472 qui
3436 3402 3639 3458 diceret
3669 3421 3688 3459 :
3717 3406 3826 3462 Bo.

2115 3506 2203 3544 ves
2234 3491 2494 3555 arabant,
2536 3496 2588 3544 et
2617 3489 2792 3545 asinae
2833 3490 3197 3560 pascebantur
3217 3492 3385 3559 juxta
3415 3507 3522 3555 eos,
3555 3497 3604 3548 et
3644 3496 3830 3550 irrue-

2119 3583 2247 3634 runt
2272 3580 2476 3646 Sabaei,
2514 3579 2864 3648 tuleruntque
2887 3581 3091 3646 omnia,
3123 3588 3176 3633 et
3203 3595 3401 3649 pueros
3442 3588 3834 3652 percusserunt

2120 3669 2303 3737 gladio
2334 3687 2354 3734 ;
2386 3670 2459 3740 (c)
2492 3678 2542 3724 et
2562 3670 2708 3724 evasi
2737 3685 2831 3739 ego
2861 3670 3026 3734 solus,
3061 3674 3116 3724 ut
3149 3672 3471 3725 nuntiarem
3497 3671 3620 3726 tibi.

2193 3759 2282 3811 7t.
2315 3760 2469 3813 Fides
2491 3760 2756 3811 virtutum
2777 3773 3024 3812 omnium
3052 3763 3257 3826 prima.
3291 3789 3358 3799 —
3398 3759 3462 3813 In
3510 3760 3832 3817 electorum

2123 3849 2292 3902 corde
2319 3846 2472 3916 prior
2507 3847 2788 3900 bonorum
2823 3849 3191 3916 sequentium
3227 3848 3510 3916 sapientia
3545 3855 3831 3917 nascitur,

2124 3942 2293 4006 atque
2346 3939 2461 3991 haec
2513 3953 2608 4005 per
2657 3935 2871 3989 donum
2934 3937 3184 4005 Spiritus
3232 3939 3398 4008 quasi
3447 3939 3831 4010 primogenita

2123 4026 2314 4098 proles
2339 4026 2644 4097 profertur.
2673 4025 2803 4087 Quin
2838 4027 3089 4093 profecto
3127 4027 3430 4096 sapientia,
3464 4034 3664 4083 nostra
3689 4030 3832 4086 ﬁdes

2121 4121 2225 4181 est,
2273 4116 2548 4186 propheta
2609 4120 2936 4180 attestante,
2986 4115 3081 4184 qui
3142 4117 3266 4170 ait:
3319 4117 3440 4170 Nisi
3486 4118 3836 4190 credideriti,

2121 4220 2228 4260 non
2283 4203 2601 4273 intelligetis
2635 4203 2787 4272 (lsai.
2835 4220 2931 4270 vn,
2975 4205 3030 4258 9.
3094 4220 3196 4259 sec.
3240 4206 3403 4275 LXX).
3455 4210 3618 4262 Tunc
3668 4210 3829 4263 enim

2120 4311 2252 4351 vere
2281 4296 2351 4349 ad
2385 4295 2824 4364 intelligendum
2850 4296 3127 4364 sapimus,
3160 4311 3294 4350 cum
3319 4297 3550 4352 cunctis
3571 4299 3664 4354 65
3693 4314 3828 4368 qua

2121 4387 2388 4442 conditor
2437 4385 2596 4452 dicit,
2639 4385 2999 4440 credulitatis
3033 4394 3243 4441 nostris
3280 4388 3446 4442 ﬁdem
3481 4392 3830 4458 praebemus.

2037 4475 2084 4538 D
2118 4479 2180 4533 In
2196 4476 2369 4530 domo
2392 4490 2528 4545 ergo
2555 4475 2742 4530 fratris
2766 4475 3134 4545 primogeniti
3157 4478 3536 4531 convivantur
3555 4478 3675 4545 lilii,
3695 4495 3834 4535 cum

2120 4566 2360 4621 virtutes
2394 4563 2630 4635 reliquas
2659 4564 2969 4634 epulantur
2999 4564 3055 4618 in
3091 4563 3222 4620 ﬁde.
3255 4568 3389 4628 Quae
3425 4567 3471 4620 si
3506 4582 3619 4620 non
3648 4567 3840 4635 prima

2120 4655 2179 4710 in
2213 4655 2385 4710 corde
2417 4659 2614 4708 nostro
2656 4652 2934 4724 gignitur,
2987 4653 3202 4721 reliqua
3252 4671 3496 4725 quisque
3526 4671 3650 4710 esse
3685 4656 3841 4713 bona

2121 4761 2235 4799 non
2271 4748 2536 4812 possunt,
2559 4742 2787 4797 etiamsi
2818 4741 2966 4796 bona
2991 4743 3313 4798 videantur.
3344 4747 3404 4799 lo
3433 4745 3605 4799 domo
3639 4747 3835 4803 fratri

2122 4832 2493 4905 primogeniti
2523 4831 2625 4886 ﬁlii
2657 4831 3054 4896 convivantur,
3087 4834 3227 4888 dum
3256 4834 3496 4889 virtutes
3537 4841 3746 4890 nostrae
3774 4839 3834 4893 in

2122 4921 2451 4977 habitaculo
2492 4921 2647 4985 ﬁdei,
2697 4922 2843 4976 sacri
2889 4919 3104 4993 eloquii
3150 4922 3276 4978 cibo
3317 4923 3620 4979 satiantur.
3675 4925 3834 4982 Scri-

2121 5021 2281 5084 ptum
2314 5012 2528 5083 quippe
2561 5017 2648 5065 est
2679 5028 2691 5065 :
2727 5013 2857 5068 Sine
2886 5011 2991 5080 ﬁde
3013 5013 3352 5082 impossibile
3377 5021 3458 5068 est
3483 5013 3704 5082 placere
3728 5016 3832 5070 Deo

2122 5103 2270 5172 (Ileb.
2300 5102 2476 5170 xt,6).
2530 5101 2693 5155 Tunc
2741 5116 2878 5172 ergo
2931 5100 3174 5155 virtutes
3233 5109 3442 5157 nostrae
3493 5118 3654 5158 veras
3702 5103 3831 5158 vita

2120 5193 2325 5265 epulas
2366 5197 2627 5256 sumunt,
2659 5208 2793 5246 cum
2836 5191 3042 5246 nutriri
3094 5191 3226 5246 ﬁdei
3267 5193 3650 5248 sacramentis
3690 5194 3835 5250 inci-

2123 5283 2306 5355 piunt.
2342 5282 2406 5337 In
2440 5283 2611 5338 domo
2655 5282 2847 5336 fratris
2879 5282 3245 5354 primogeniti
3285 5284 3664 5339 convivantur
3701 5285 3831 5352 ﬁlii,

2123 5374 2257 5448 quia
2288 5373 2396 5428 nisi
2416 5374 2659 5429 virtutes
2691 5372 2925 5446 relique
2950 5373 3248 5445 sapientiae
3271 5373 3462 5445 epulis
3491 5375 3745 5448 replete,
3767 5393 3836 5432 ea

2121 5553 2565 5612 restituendam.
2599 5568 2712 5607 non
2743 5555 2939 5608 autem
2962 5552 3021 5607 in
3043 5551 3319 5607 omnibus
3349 5551 3513 5621 locis,
3537 5568 3672 5608 cum
3698 5569 3833 5624 pro-

2120 5634 2290 5700 fectus
2320 5642 2424 5700 vox
2456 5641 2778 5700 synonyma
2809 5625 2902 5678 sit.

2193 5696 2267 5768 (c)
2299 5696 2402 5752 Hic
2435 5695 2830 5754 versus'abest
2860 5713 2891 5752 a
2925 5695 3030 5752 Ms.
3058 5695 3224 5752 Corb.
3259 5697 3448 5754 Germ.
