4086 6166
332 311 456 372 589

1296 308 1714 374 MORALIUM
1762 314 1908 377 LIB.
1955 316 2032 378 II.
2082 345 2157 360 —
2204 312 2281 373 IN
2325 312 2496 373 CAP.
2544 312 2566 373 Ι
2613 312 2682 373 Β.
2730 312 2895 372 JUB.

3742 325 3864 390 590

334 458 464 515 quas
496 441 785 513 appetunt
808 438 1125 507 prudenter
1154 444 1351 511 agant,
1382 442 1623 500 virtutes
1671 462 1799 503 esse
1830 464 2044 521 nequa-
2073 449 2128 517 Α
2158 445 2299 503 dum
2334 444 2528 500 subita
2560 444 2633 501 ad
2665 459 2768 500 nos
2803 445 3234 515 perturbatione
3284 451 3620 511 tentstionis
3672 457 3864 531 irruit,

329 548 509 601 quam
538 536 805 603 possunt.

2155 534 2708 606 circumspectiones
2740 533 2929 589 cordis
2961 534 3254 606 inopinate
3286 542 3663 612 praveniens,
3695 545 3866 616 quasi

402 624 492 678 72,
530 620 834 676 Virtutibus
862 620 1067 676 nostris
1107 638 1272 692 quam
1311 627 1461 680 varie
1516 625 1813 683 insidietur
1858 632 2048 687 άίαὺο-
2152 624 2315 695 ipsos
2345 622 2613 680 custodes
2638 638 2849 693 pueros
2871 622 3065 693 gladio
3091 626 3319 681 occidit.
3353 628 3464 684 Sed
3489 634 3681 689 tamen
3716 649 3867 690 unus

324 713 437 768 ius.
476 742 541 752 -—
565 711 675 767 Sed
706 726 839 765 ecce
869 711 1009 766 dum
1067 711 1219 767 bona
1269 730 1397 784 quae
1442 715 1696 786 agimus,
1749 720 2046 789 sapientiae
2154 713 2324 784 fugit.
2349 712 2447 784 (Ιιιί
2482 713 2551 779 (ο)
2585 711 2697 766 alia
2730 711 2974 781 periisse
3009 714 3255 781 nuntiet,
3290 716 3426 786 quia
3481 718 3540 775 in
3590 736 3656 776 eo
3711 723 3867 793 quod

324 802 519 872 epulis
541 800 799 871 fideique
820 804 1156 870 pascuntur,
1191 801 1376 857 hostis
1399 808 1597 859 noster
1619 812 1848 864 arentes
1867 809 2042 865 boves

324 897 386 949 et
413 894 723 963 pascentes
755 889 952 944 asinae
984 890 1299 962 subtrahit,
1333 897 1390 947 et
1422 909 1634 964 pueros
1664 898 1856 968 gladio
1887 899 2040 955 occi-

325 981 434 1037 dit.
476 981 623 1046 Quid
657 983 891 1035 arentes
926 978 1099 1034 boves
1119 980 1255 1048 nisi,
1288 981 1582 1053 graviores
1614 991 1839 1043 nostras
1883 989 2042 1061 cogi-

322 1070 582 1127 tationes
604 1067 963 1141 accipimus?
992 1084 1119 1140 quas
1151 1069 1291 1125 dum
1324 1087 1423 1126 cor
1466 1074 1729 1131 studiosa
1755 1079 2040 1134 exercita-

321 1161 488 1217 tione
509 1158 848 1225 conﬁciunt,
881 1159 1086 1215 uberes
1118 1163 1488 1228 provectuum
1512 1163 1735 1220 fructus
1767 1167 2034 1223 reddunt.

325 1249 481 1318 Quid
521 1251 828 1320 pascentes
866 1245 1253 1318 intelligimus
1311 1250 1530 1318 asinus,
1578 1253 1692 1308 nisi
1741 1253 2037 1324 simplices

323 1341 530 1393 motus
551 1335 738 1392 cordis
757 1334 784 1389 ?
800 1350 949 1406 quos
970 1336 1111 1390 dum
1134 1337 1393 1395 studiose
1415 1355 1448 1393 a
1470 1340 1827 1409 duplicitatis
1845 1361 2037 1402 errore

326 1425 780 1498 compescimus,
815 1427 984 1495 quasi
1016 1424 1075 1479 in
1098 1441 1303 1498 campo
1321 1426 1513 1485 libera:
1545 1431 1817 1501 puritatis
1850 1434 2036 1490 nutri-

324 1532 488 1574 mus.
511 1515 619 1572 Sed
652 1513 996 1586 plerumque
1028 1514 1209 1571 hostis
1239 1516 1509 1585 callidus,
1541 1535 1668 1575 cum
1700 1536 1905 1592 graves
1939 1540 2035 1579 co-

322 1604 645 1677 gitationes
669 1603 729 1658 in
753 1603 930 1659 corde
970 1603 1276 1674 conspicit,
1312 1622 1407 1662 eas
1445 1608 1553 1663 sub
1584 1609 1915 1669 introducta
1938 1630 2036 1669 vo-

319 1693 566 1766 luptatis
587 1692 967 1749 delectatione
999 1693 1348 1765 corrumpit;
1384 1700 1439 1751 et
1469 1698 1608 1752 dum
1636 1704 1820 1756 motus
1842 1703 2034 1759 cordis

325 1782 809 1856 simplicesvidet,
834 1781 1073 1838 subtilia
1111 1783 1512 1842 inventionum
1536 1790 1807 1846 acumina
1841 1798 2034 1850 osten-

322 1873 445 1927 dit:
478 1876 544 1927 ut
566 1872 706 1927 dum
738 1870 867 1926 laus
916 1871 986 1926 de
1034 1871 1357 1930 subtilitate
1416 1876 1717 1947 quaeritur,
1763 1882 2035 1950 puritatis

320 1960 674 2028 simplicitas
705 1960 1040 2029 amittatur;
1073 1965 1129 2017 et
1158 1962 1210 2017 si
1260 1979 1447 2035 usque
1487 1967 1558 2021 ad
1608 1983 1757 2039 opus
1790 1986 2037 2040 pravum

317 2049 663 2124 pertrahere
692 2065 808 2104 non
843 2049 1008 2117 valet,
1042 2052 1315 2106 tentando
1364 2056 1557 2110 tamen
1619 2056 1904 2113 booorum
1936 2076 2034 2115 co-

316 2138 801 2213 gitationibus(a)
822 2139 982 2194 subri
997 2138 1159 2211 piens
1184 2148 1377 2210 nocet;
1404 2144 1617 2199 utdum
1634 2147 1865 2203 turbare
1883 2151 2036 2205 bona

318 2231 528 2286 mentis
548 2230 905 2301 agnoscitur,
937 2245 1004 2285 ea
1026 2229 1195 2301 quasi
1227 2230 1485 2288 funditus
1508 2235 1824 2292 abstulisse
1840 2238 2033 2294 videa-

314 2326 442 2376 tur.
475 2319 729 2375 Possunt
779 2319 954 2375 etiam
1005 2335 1109 2391 per
1158 2325 1358 2376 arante
1409 2323 1600 2388 boves,
1655 2326 2034 2397 cogitationes

322 2408 623 2466 cbaritatis
650 2407 869 2479 accipi;
894 2407 1110 2478 quibus
1134 2410 1411 2480 prodesse
1426 2412 1556 2467 aliis
1578 2429 1877 2483 conamur,
1898 2433 2031 2473 cum

322 2497 565 2553 fraterni
601 2497 794 2552 cordis
840 2496 1111 2553 duritiam
1160 2498 1522 2569 praedicando
1570 2502 1829 2559 scindere
1866 2507 2031 2577 cupi-

316 2602 479 2643 mus.
514 2587 905 2642 Potestetiam
931 2602 1031 2658 per
1052 2588 1270 2653 asinae,
1302 2604 1430 2658 quae
1448 2589 1724 2647 nimirum
1748 2609 1875 2649 sese
1896 2611 2033 2651 one-

316 2674 611 2742 tantibus,
646 2674 809 2730 nulla
839 2675 1153 2732 ferocitatis
1184 2676 1414 2733 insania
1456 2680 1757 2749 resistunt,
1813 2683 2033 2751 patien-

314 2765 419 2821 tias
444 2765 831 2822 mansuetudo
863 2765 1103 2836 signari.
1140 2764 1370 2839 Etsrspe
1397 2767 1581 2825 hostis
1602 2771 1877 2843 antiquus
1898 2789 2032 2829 cum

312 2854 472 2911 velle
503 2857 778 2927 prodesse
800 2871 907 2911 nos
930 2856 1220 2927 loquendo
1251 2857 1384 2913 aliis
1436 2859 1742 2929 conspicit,
1792 2861 1849 2915 in
1892 2879 2033 2932 quo-

313 2947 458 3002 dam
491 2948 720 3017 torpore
752 2945 855 3001 otii
897 2952 1154 3001 mentem
1198 2948 1431 3018 mergit;
1479 2956 1541 3004 ut
1588 2949 1718 3006 aliis
1760 2954 2034 3023 prodesse

314 3050 440 3091 non
471 3034 669 3102 libeat,
702 3034 878 3090 etiam
910 3050 1042 3090 cum
1076 3053 1107 3090 a
1138 3037 1389 3108 propriis
1418 3042 1602 3094 vacat.
1626 3041 1868 3096 Arentes
1898 3058 2034 3115 ergo

312 3125 500 3180 boves
538 3123 849 3189 subtrahit,
898 3140 1031 3180 cum
1090 3121 1471 3197 cogitationes
1511 3129 1723 3185 mentis
1771 3131 2032 3187 fraternae

2154 818 2317 857 mens
2340 803 2411 857 ab
2446 802 2612 857 hoste
2646 801 2884 869 patitur,
2921 801 3162 857 rationis
3203 804 3475 863 discretio
3527 824 3762 883 semper
3796 812 3869 867 ad

2149 891 2414 947 animum
2458 890 2634 957 redit;
2667 895 2724 945 et
2766 891 2929 961 quasi
2978 892 3159 946 solam
3202 910 3263 949 se
3306 897 3556 954 evasisse
3615 900 3860 969 indicat,

2148 998 2272 1053 quas
2317 981 2470 1052 apud
2522 981 2895 1052 semetipsum
2950 981 3167 1037 fortiter
3209 983 3494 1056 quidquid
3555 989 3862 1057 pertulerit

2148 1074 2367 1140 pensat.
2404 1068 2543 1124 Aliis
2577 1084 2712 1140 ergo
2746 1071 3125 1140 pereuntibus
3150 1087 3301 1128 unus
3357 1075 3426 1129 ad
3478 1076 3721 1131 domum
3774 1094 3860 1133 re-

2146 1158 2251 1228 dit,
2284 1159 2362 1231 (d)
2396 1159 2537 1213 dum
2572 1159 2820 1213 turbatis
2855 1159 2911 1213 in
2946 1160 3273 1219 tentatione
3300 1164 3556 1221 motibus
3587 1166 3861 1223 discretio

2145 1248 2214 1302 ad
2248 1248 2665 1303 conscientiam
2690 1248 2968 1315 recurrit;
3005 1255 3068 1304 ut
3098 1252 3249 1322 quod
3290 1252 3610 1323 repentinis
3664 1254 3862 1310 incur-

2141 1336 2306 1393 sibus
2340 1341 2741 1409 praaoccupata
2770 1352 2931 1392 mens
2966 1341 3290 1409 perdidisse
3338 1357 3399 1397 se
3457 1347 3684 1413 pensat,
3745 1344 3855 1402 hoc

2145 1425 2607 1496 compunctionis
2639 1425 2832 1480 studio
2865 1427 3075 1482 afflicta
3107 1430 3366 1498 recipiat.

2765 1514 2998 1571 CAPUT
3025 1517 3234 1573 XLVII.

2216 1607 2393 1659 Vsas.
2430 1605 2516 1659 16.
2560 1634 2627 1645 —-
2671 1604 2910 1676 Cumque
2960 1606 3137 1662 adhuc
3192 1607 3295 1663 itte
3343 1610 3676 1680 loqueretur,
3711 1612 3864 1667 venit

2142 1694 2310 1757 alter,
2344 1699 2396 1749 et
2420 1692 2604 1747 dixit:
2637 1695 2782 1762 Ignis
2814 1694 2911 1748 Dei
2940 1695 3129 1749 cecidit
3160 1696 3225 1751 de
3254 1698 3404 1765 ccelo,
3428 1706 3479 1752 et
3511 1704 3684 1754 tactas
3743 1715 3864 1756 oves

2144 1799 2450 1856 puerosque
2469 1782 2843 1850 consumpsit;
2876 1792 2925 1839 et
2954 1784 3123 1855 e/Iugi
3144 1801 3237 1856 ego
3266 1787 3429 1854 solus,
3462 1794 3519 1842 ut
3542 1790 3869 1845 nuntiarem

2154 1874 2279 1930 tibi.

2215 1963 2307 2017 74.
2344 1963 2599 2017 Diabolus
2649 1969 2831 2018 castas
2886 1966 3244 2033 cogitationes
3291 1981 3640 2038 corrumpere
3693 1980 3861 2027 cona-

2145 2058 2257 2106 tur.
2292 2052 2399 2107 Sed
2428 2053 2675 2107 discretio
2706 2054 3020 2122 periculum
3073 2054 3271 2110 evadit.
3297 2086 3365 2096 -—
3396 2056 3543 2121 Quid
3576 2069 3679 2128 per
3700 2074 3857 2123 oves,

2144 2141 2258 2195 nisi
2290 2141 2705 2212 cogitationum
2739 2140 3092 2206 innocentia,
3126 2143 3254 2212 quid
3292 2144 3361 2215 (ε)
3422 2160 3521 2214 per
3550 2161 3707 2211 oves,
3744 2145 3856 2200 nisi

2144 2229 2428 2284 bonorum
2444 2230 2641 2285 cordiu
2654 2245 2709 2283 m
2728 2245 2818 2284 mu
2832 2230 3011 2284 nditia
3025 2230 3402 2302 designatur?
3416 2232 3629 2288 Cislum
3647 2249 3776 2289 vero
3793 2234 3859 2302 (Ι)

2145 2318 2369 2375 aerium
2394 2321 2505 2375 dici
2528 2320 2702 2389 paulo
2718 2323 2985 2389 antejam
3007 2320 3263 2376 diximus
3287 2337 3300 2376 :
3320 2322 3474 2377 unde
3494 2328 3552 2377 et
3582 2321 3857 2378 avescmli

2144 2408 2537 2464 nominamus.
2575 2409 2641 2463 Et
2672 2410 2890 2464 scimus
2924 2410 3077 2480 quod
3112 2411 3404 2466 immundi
3425 2411 3682 2480 spiritus,
3702 2411 3803 2483 qui
3827 2426 3859 2466 e

2142 2497 2285 2552 caelo
2315 2498 2557 2552 sethereo
2590 2497 2733 2567 lapsi
2767 2504 2923 2563 sunt,
2959 2498 3015 2551 in
3052 2500 3159 2555 hoc
3190 2498 3317 2555 coeli
3352 2504 3631 2572 terrisque
3664 2500 3857 2557 medio

2143 2592 2459 2657 vagantur:
2486 2587 2584 2657 qui
2606 2592 2771 2642 tanto
2797 2589 2985 2657 magis
3009 2588 3182 2642 corda
3200 2589 3506 2645 hominum
3545 2590 3863 2646 ascendere

2142 2678 2211 2734 ad
2247 2675 2504 2731 scelestis
2535 2675 2813 2740 invident,
2838 2683 3055 2746 quanto
3089 2693 3151 2733 se
3181 2694 3215 2731 a
3246 2678 3576 2734 caelestibus
3609 2695 3708 2750 per
3737 2680 3861 2734 ela-

2140 2767 2318 2821 tionis
2350 2782 2469 2821 suae
2497 2765 2931 2821 immunditiam
2968 2766 3253 2835 projectos
3283 2767 3498 2824 vident.
3544 2767 3688 2831 Quia
3716 2782 3855 2838 ergo

2142 2854 2216 2909 ab
2244 2854 2427 2909 aereis
2460 2858 2847 2924 potestatibus
2901 2860 3103 2909 contra
3159 2858 3574 2927 cogitationum
3624 2861 3847 2912 nostra-

2143 2959 2274 2999 rum
2311 2942 2660 2998 munditiam
2699 2942 2932 2998 tlamma
2962 2944 3161 2999 livoris
3194 2946 3385 3011 irruit,
3409 2946 3480 3001 de
3509 2946 3652 3000 coelo
3694 2944 3848 3015 ignis

2141 3033 2209 3086 ad
2243 3048 2379 3087 oves
2410 3031 2584 3086 venit.
2620 3032 2783 3103 Saepe
2814 3035 2970 3087 enim
3004 3034 3256 3088 mundus
3279 3036 3490 3090 mentis
3523 3041 3733 3090 nostra:
3765 3049 3854 3089 co-

2146 3120 2453 3193 gitationes
2484 3121 2690 3177 ardore
2720 3120 2980 3177 libidinis
3022 3122 3385 3191 accendunt;
3418 3127 3476 3180 et
3514 3124 3684 3195 quasi
3718 3122 3854 3194 igne

312 3212 593 3271 utilitatis
624 3212 910 3269 fructibus
936 3190 1192 3283 deditas:
1218 3232 1317 3284 per
1339 3216 1700 3273 submissum
1734 3219 2031 3292 negligen-
2064 3190 2106 3257 δ
2145 3190 2276 3266 aves
2307 3216 2700 3271 οοηοτεωᾶηῖν
2733 3213 2871 3266 dum
2906 3226 3096 3267 οδειοε
3138 3220 3320 3269 motus
3359 3190 3559 3279 animi;
3612 3190 3853 3268 luxu—ria

307 3304 413 3359 tias
445 3308 736 3373 torporem
772 3302 1004 3373 frangit.
1055 3303 1122 3358 Et
1168 3305 1438 3375 quamvis
1504 3305 1819 3363 electorum
1853 3311 2030 3365 corda

306 3388 475 3445 intra
504 3403 749 3443 arcarna
781 3403 902 3442 suis
932 3388 1296 3456 cogitationis
1344 3390 1673 3460 invigilant,
1715 3402 1768 3448 et
1813 3395 1952 3464 quid
1994 3413 2028 3451 a

306 3483 603 3535 tentatore
642 3477 950 3542 sustineat,
1003 3483 1346 3549 superantes
1388 3486 1659 3550 pensant,
1717 3498 1783 3537 eo
1834 3491 2024 3540 tamen

311 3565 452 3637 ipso
482 3562 769 3636 malignus
813 3563 1087 3621 inimicus
1116 3565 1335 3636 aliquid
1395 3568 1658 3638 rapuisse
1688 3585 1750 3624 se
1787 3572 2023 3641 gaudet,

305 3669 434 3726 quo
510 3652 959 3725 cogitationibus
1025 3654 1311 3710 bonorum
1372 3655 1459 3711 vel
1504 3657 1576 3711 ad
1657 3664 2020 3717 momentum

305 3742 600 3817 prevalet.

386 3832 526 3903 [νει.
558 3831 791 3904 ΧΧΧιιη
820 3832 912 3887 73.
958 3832 1089 3905 Ejus
1144 3835 1431 3890 conatibus
1480 3841 1692 3906 quanta
1728 3838 2020 3907 vigilantia

301 3922 726 3979 occurrendum.
756 3923 1103 3979 Discretionis
1124 3940 1325 3980 munus
1338 3927 1399 3981 in
1418 3928 1735 3982 tentatione.
1760 3957 1828 3968 —-
1859 3928 1944 3983 Ss:
1952 3945 2019 3999 pe

302 4018 509 4070 autem
540 4029 674 4069 cum
708 4018 1089 4084 praparatam
1124 4021 1380 4070 mentem
1422 4018 1488 4070 ad
1523 4015 1890 4072 tolerantiam
1937 4017 2018 4073 vi-

302 4103 431 4169 det,
463 4101 599 4171 quid
640 4102 713 4157 ab
750 4118 819 4158 ea
871 4103 1122 4158 maxime
1171 4104 1444 4173 diligatur
1492 4106 1766 4177 exquirit,
1824 4112 1881 4161 et
1934 4107 2013 4162 ibi

306 4190 567 4247 scandali
602 4190 838 4262 laqueos
860 4191 1087 4261 inserit,
1121 4197 1185 4247 ut
1207 4209 1319 4264 quo
1340 4194 1525 4263 magis
1548 4210 1644 4250 rex
1662 4211 1907 4267 quaeque
1928 4195 2013 4250 di-

310 4279 537 4352 ligitur,
576 4296 642 4337 eo
670 4297 773 4351 per
828 4296 958 4337 eam
1004 4281 1232 4338 facilius
1282 4285 1561 4354 patientia
1619 4286 1902 4341 turbetur.
1947 4286 2015 4340 Et

303 4369 546 4441 quidem
579 4370 887 4427 electorum
920 4374 1092 4428 corda
1122 4375 1191 4429 ad
1226 4388 1287 4429 se
1334 4389 1568 4445 semper
1622 4374 1867 4431 sollicite
1926 4390 2013 4430 re-

2142 3299 2461 3355 tentatione
2495 3300 2856 3371 perturbant.
2893 3299 3169 3371 Quiignis
3184 3300 3285 3355 Dei
3316 3300 3545 3365 dicitur,
3580 3301 3720 3373 quia
3739 3300 3850 3357 etsi

2137 3406 2249 3445 non
2287 3389 2529 3445 faciente
2559 3389 2695 3455 Deo,
2729 3393 2925 3444 tamen
2969 3390 3365 3459 permittente,
3414 3398 3741 3462 generatur.
3779 3390 3844 3446 Et

2137 3480 2276 3551 quia
2304 3478 2562 3550 impulsu
2597 3478 2791 3533 subito
2816 3478 2972 3549 ipsas
3009 3495 3426 3549 nonnunquam
3453 3480 3843 3551 circumspec—

2135 3572 2325 3624 tiones
2359 3569 2570 3623 mentis
2600 3568 2879 3634 obruunt,
2901 3568 3065 3638 quasi
3101 3568 3372 3624 custodes
3406 3584 3615 3639 pueros
3647 3568 3841 3640 gladio

2129 3658 2426 3715 occidunt.
2458 3658 2567 3713 Sed
2586 3664 2783 3713 tamen
2806 3675 2957 3713 unus
2974 3658 3286 3715 incolumis
3306 3659 3475 3732 fugit,
3495 3661 3636 3716 dum
3667 3675 3842 3717 omne

2131 3749 2284 3819 quod
2321 3763 2488 3803 mens
2521 3748 2756 3818 patitur,
2803 3763 3178 3818 perseverans
3216 3750 3483 3805 discretio
3542 3749 3841 3806 subtiliter

2132 3838 2385 3908 respicit,
2419 3835 2655 3906 solaque
2680 3836 2882 3891 mortis
2902 3838 3225 3906 periculum
3257 3838 3471 3906 evadit;
3500 3839 3639 3909 quia
3661 3841 3837 3895 etiam

2128 3925 2482 3998 perturbatis
2515 3925 2990 3996 cogitationibus,
3024 3926 3295 3980 discretio
3329 3942 3444 3981 non
3486 3928 3836 3994 succumbit,

2128 4019 2189 4070 ut
2217 4016 2432 4069 damna
2452 4030 2558 4070 sua
2579 4015 2775 4069 animo
2806 4014 3120 4080 renuntiet,
3154 4018 3211 4069 et
3232 4014 3399 4085 quasi
3426 4013 3731 4071 dominum
3764 4017 3835 4071 ad

2127 4104 2446 4160 lamentum
2471 4109 2716 4160 revocet.

2522 4192 2758 4248 CAPUT
2780 4192 3006 4248 XLVIII
3029 4194 3171 4265 Ilico.
3208 4192 3398 4263 XXVI].

2194 4282 2368 4338 Vsns.
2412 4283 2498 4338 17.
2532 4282 2724 4337 -δεά
2754 4290 2807 4338 et
2840 4284 2934 4338 illo
2958 4282 3139 4337 adhuc
3172 4282 3446 4353 loquente,
3478 4283 3634 4338 venit
3662 4283 3834 4352 alius,

2123 4382 2174 4429 et
2201 4374 2345 4429 dixit
2373 4391 2391 4427 :
2425 4373 2672 4431 Chaldaei
2701 4378 2945 4442 fecerunt
2971 4379 3082 4429 tres
3128 4379 3362 4441 turmas,
3415 4379 3464 4429 et
3510 4374 3837 4431 invaserunt

300 4459 520 4523 dcunt,
547 4465 603 4515 et
631 4462 947 4532 semetipsa
965 4462 1218 4533 graviter
1237 4463 1321 4518 vel
1350 4481 1451 4535 pro
1488 4463 1599 4520 levi
1618 4470 1778 4520 motu
1820 4480 2013 4521 exces—
2048 4482 2093 4545 υ
2122 4464 2377 4529 camelos,
2409 4467 2460 4518 et
2490 4463 2742 4518 tulerunt
2773 4478 2879 4530 eos,
2913 4479 3122 4518 necnon
3153 4471 3206 4518 et
3231 4479 3433 4533 pueros
3448 4473 3836 4534 percusserunt

308 4547 501 4604 sionis
530 4550 826 4623 altligunt;
859 4559 916 4607 et
937 4552 1078 4609 dum
1106 4561 1262 4610 mota
1280 4555 1517 4610 discunt
1536 4556 1826 4625 quomodo
1858 4564 2012 4610 stare

304 4638 640 4704 debuerint,
672 4639 986 4711 aliquando
1045 4643 1253 4698 melius
1319 4661 1606 4701 concussa
1664 4645 2011 4701 solidantur.

304 4728 426 4784 Sed
457 4729 733 4800 antiquus
764 4730 970 4797 hostis,
1002 4733 1143 4786 dum
1178 4734 1493 4789 tolerantia)
1525 4734 1903 4807 cogitationes
1926 4734 2013 4789 vel

299 4818 379 4873 ad
413 4825 773 4875 momentum
809 4821 1027 4887 turbat,
1060 4822 1227 4892 quasi
1274 4824 1585 4879 abstulisse
1634 4841 1697 4880 se
1740 4825 1811 4879 ab
1871 4840 2010 4895 agro

298 4909 498 4965 cordis
519 4908 714 4966 asinae
744 4912 1011 4967 exsultat.
1048 4914 1109 4967 In
1132 4913 1221 4969 his
1252 4920 1446 4970 autem
1466 4933 1593 4987 quas
1616 4932 1786 4987 agere
1820 4916 2013 4986 dispo-

301 4998 528 5066 nimus,
545 5001 870 5056 rationabili
895 5002 1157 5058 custodia
1178 5005 1313 5074 quid
1337 5005 1419 5075 (b)
1442 5006 1654 5077 quibus
1677 5007 1846 5060 rebus
1872 5022 2016 5061 con-

301 5096 494 5157 gruat,
529 5088 776 5146 sollicite
805 5091 906 5147 ου
938 5108 1272 5164 pensamus.
1306 5095 1413 5149 Sed
1441 5094 1787 5166 plerumque
1804 5094 2010 5163 hostis,

378 5275 713 5351 (aliquoties
744 5276 1024 5351 in_Editis
1057 5278 1309 5351 occurrit
1338 5280 1628 5351 subrepens
1658 5279 1927 5351 subrepit,
1954 5288 2016 5336 ut

296 5346 417 5404 hoc
450 5347 509 5401 in
542 5346 693 5416 loco,
724 5348 965 5405 totiesin
1001 5350 1218 5405 nostris
1240 5350 1377 5407 Cod.
1407 5346 1580 5406 manu
1632 5346 1885 5409 exaratis
1933 5353 2013 5407 le-

296 5419 463 5494 gitur
487 5419 1129 5494 iubripiens,qsubripit,
1153 5429 1251 5477 aut
1284 5422 1619 5494 surripiens,
1653 5429 1761 5480 etc.

404 5490 458 5565 b_)
480 5490 717 5565 _Ex<_:_us_i,
749 5490 1053 5565 quibusque
1081 5495 1260 5550 rebus.

376 5561 445 5631 (ε)
476 5562 537 5618 In
570 5561 858 5634 Vulga’tis,
881 5561 979 5636 qui
1007 5566 1166 5622 alios.
1200 5566 1400 5623 Melius
1447 5571 1582 5623 Mss.
1616 5565 1712 5639 qui
1740 5568 1876 5636 alia,
1908 5566 2016 5624 sci-

294 5634 461 5691 licet.
495 5634 695 5691 boves.
726 5637 943 5691 asinae.
972 5653 1198 5691 pueros.

318 5650 461 5698 ιοᾶῐ,
497 5650 695 5699 οονθε,
726 5652 943 5703 αειηειε,
972 5653 1198 5703 pueros.

382 5654 461 5698 ιιι,
497 5654 695 5699 boves,
726 5654 943 5703 asinae,
972 5654 1198 5707 pueros.

380 5704 459 5776 (ἁ)
506 5706 591 5761 Ita
633 5706 771 5763 Mss.
808 5709 1034 5777 Norm.,
1088 5715 1278 5775 Rem.,
1322 5709 1571 5781 Remig,
1615 5714 1855 5775 Turon.,
1891 5710 2009 5766 Val.

299 5777 421 5849 GL,
454 5780 591 5849 etc.,
625 5794 660 5835 a
713 5780 926 5853 quibus
964 5796 1165 5839 omnes
1204 5781 1354 5838 Editi
1405 5777 1741 5841 recedentes
1775 5782 2011 5854 habent,

2122 4552 2345 4623 gladio;
2367 4558 2419 4605 et
2448 4554 2624 4624 effugi
2652 4568 2751 4619 ego
2777 4553 2945 4619 solus,
2979 4556 3036 4607 ut
3066 4554 3389 4609 nuntiarem
3418 4553 3541 4610 tibi.

2193 4642 2283 4696 75.
2314 4642 2543 4708 Quantis
2582 4641 2853 4712 periculis
2900 4647 3243 4698 terrenarum
3283 4660 3470 4699 rerum
3498 4644 3834 4714 dispensatio

2122 4732 2195 4786 sit
2214 4732 2471 4785 obnoxia.
2508 4762 2572 4772 —
2606 4732 2711 4786 Per
2740 4733 3013 4799 camelos,
3045 4735 3137 4801 qui
3174 4734 3457 4788 mundum
3492 4733 3713 4803 aliquid
3739 4734 3833 4788 ha-

2126 4820 2438 4887 bent,dum
2456 4821 2779 4880 ruminant.
2805 4821 3273 4887 etimmundum,
3292 4826 3428 4877 dum
3462 4837 3830 4890 nequaquam

2124 4912 2404 4982 ungulam
2438 4911 2686 4979 ﬁndunt,
2711 4928 2890 4981 supra
2923 4914 3044 4980 jam
3079 4913 3334 4967 diximus
3394 4913 3576 4965 bonas
3635 4925 3829 4964 rerum

2124 5001 2531 5070 temporalium
2566 5001 3034 5071 dispensationes
3066 5000 3337 5070 intelligi,
3371 4999 3427 5052 in
3477 4997 3687 5068 quibus
3718 5014 3831 5068 quo

2123 5094 2209 5146 est
2240 5106 2377 5145 cura
2408 5089 2735 5157 dislensior,
2768 5107 2833 5145 eo
2886 5091 3054 5144 nobis
3088 5087 3467 5157 multiplicius
3512 5086 3833 5144 insidiatur

2122 5282 2253 5336 dum
2275 5282 2495 5336 turbata
2528 5279 2851 5335 tentationis
2881 5276 2988 5346 (vel
3023 5276 3078 5329 in
3115 5274 3469 5346 tentationis‘)
3502 5274 3757 5331 motibus.

2196 5353 2267 5423 (ε)
2301 5352 2402 5408 Hic
2431 5352 2729 5423 legiturin
2782 5348 2958 5403 Editis
2991 5354 3046 5401 et
3097 5347 3273 5423 du_ob.
3314 5346 3449 5416 Reg.
3487 5348 3649 5423 Mss,
3702 5350 3831 5423 quid

2122 5419 2219 5493 per
2240 5419 2461 5504 pueros.
2491 5419 2614 5477 Nec
2644 5421 2960 5491 incongrue
2984 5419 3461 5504 ‘quoadsensrum.
3498 5419 3829 5504 Legendum

2123 5490 2320 5549 tamen
2353 5495 2448 5564 qui
2474 5509 2576 5564 per
2614 5508 2756 5557 oves,
2786 5490 3111 5547 secundum
3142 5490 3279 5548 Mss.
3334 5491 3524 5561 Rem.,
3581 5490 3829 5563 Remig.,

2123 5565 2345 5621 Norm..
2379 5565 2621 5621 Turon..
2656 5563 2850 5621 Corb.,
2884 5563 3077 5617 Germ.

2213 5581 2345 5630 rm.,
2380 5578 2621 5629 '1'uron.,
2656 5578 2850 5628 uorn.,
2884 5578 3077 5617 uerm.

2176 5582 2345 5630 orm.,
2380 5582 2621 5629 'i'uron.,
2656 5582 2850 5628 μονα,
2884 5582 3077 5617 uerm.

2197 5636 2265 5708 (Γ)
2300 5637 2381 5691 Ita
2404 5635 2716 5708 legendum
2757 5635 2968 5689 docent
3012 5635 3187 5693 iidem
3237 5635 3372 5692 Mss.
3427 5652 3556 5708 sup.
3608 5633 3827 5695 laudati

2124 5707 2284 5780 quib.
2320 5708 2513 5765 acced.
2549 5706 2835 5765 Bellovac.
