4156 6178
326 283 441 343 591

1595 260 1875 321 SANC'l‘I
1920 253 2294 316 GREGORII
2343 255 2579 315 MAGNI

3729 255 3854 316 592

322 431 621 490 inimicus.
655 430 791 506 [νει.
840 428 1063 499 xxxv]
1089 423 1288 482 Omnis
1317 419 1499 485 enim,
1532 417 1631 488 qui
1687 414 2029 485 dispensan-
2059 398 2115 464 A
2146 394 2537 506 .cifa'subimel
2570 394 2769 497 anima
2798 394 3163 506 quid‘fubitg
3209 393 3469 495 impulsu
3510 393 3854 450 mutationis

319 532 410 590 dis
439 531 687 587 terrenis
721 529 894 584 rebus
934 525 1225 597 praesidet,
1257 520 1468 577 occulti
1504 516 1692 571 hostis
1717 510 2033 584 jaculisla-

320 623 436 679 tius
464 627 638 695 patet.
671 617 946 674 Nonnulli
981 620 1136 669 enim
1171 610 1481 683 providens
1518 622 1688 677 agere
1713 604 1935 669 nititur,
1978 608 2032 655 et

321 729 471 785 sape
503 714 642 767 dum
674 714 884 765 cautus
910 708 1094 760 futura
1125 701 1420 755 subtiliter
1444 696 1733 769 praevidet,
1768 695 2032 749 incautus

320 800 536 859 damna
566 798 871 871 praesentia
906 806 1265 863 nequaquam
1288 788 1443 842 videt
1462 803 1482 848 ;
1514 802 1665 857 saepe
1711 785 1847 837 dum
1885 797 2030 852 prae-

320 893 582 950 sentibus
615 888 898 957 invigtlat,
929 883 998 939 ad
1034 880 1315 936 instantia
1338 876 1703 948 praevidenda
1722 875 2029 935 dormitat;

320 998 472 1053 saepe
500 981 640 1034 dum
670 977 859 1046 aliqua
890 979 1128 1043 torpens
1151 968 1291 1038 agit,
1318 983 1442 1038 quas
1473 963 1784 1036 vigilanter
1808 964 2031 1032 agenda

318 1050 451 1128 sunt
479 1066 754 1140 negligit;
788 1076 939 1135 stupe
969 1064 1109 1117 dum
1148 1059 1278 1129 plus
1301 1058 1464 1128 justo
1495 1054 1831 1124 vigilantem
1865 1068 1928 1107 se
1970 1050 2028 1105 in

316 1160 541 1216 actione
567 1156 818 1224 exhibet,
852 1155 930 1225 (a)
954 1153 1080 1223 ipsa
1100 1148 1345 1205 actionis
1365 1162 1481 1202 suae
1514 1142 1920 1215 inquietudine
1937 1157 2027 1196 re-

316 1252 429 1307 bus
459 1246 710 1305 subditis
743 1245 909 1315 pejus
952 1245 1140 1297 nocet.
1199 1236 1525 1307 Aliquando
1566 1237 1759 1289 autem
1814 1232 2026 1302 linguae

314 1340 557 1396 modum
590 1350 803 1409 ponere
836 1333 1057 1397 nititur,
1093 1333 1193 1386 sed
1223 1344 1397 1387 onere
1412 1323 1870 1397 dispensationis
1909 1320 2032 1377 exi-

322 1432 517 1501 gente.
562 1425 733 1482 silere
790 1422 1147 1494 prohibetur.
1192 1416 1517 1489 Aliquando
1560 1415 1700 1470 dum
1755 1410 2031 1501 nimiase

316 1499 561 1573 censura
592 1511 908 1583 restringit,
941 1514 1093 1566 tacet
1122 1509 1298 1563 etiam
1323 1508 1416 1562 61
1447 1520 1574 1576 quae
1608 1502 1765 1573 loqui
1792 1499 2023 1556 debuit.

317 1606 648 1679 Aliquando
679 1604 752 1660 ad
786 1601 1089 1657 inferenda
1117 1598 1443 1655 necessaria
1472 1597 1612 1650 dum
1647 1592 1903 1648 selatius
1940 1606 2028 1646 re-

318 1696 496 1762 laxat,
525 1694 665 1749 dicit
692 1694 865 1749 etiam
899 1708 1027 1763 qua:
1058 1689 1218 1761 loqui
1252 1704 1366 1743 non
1411 1684 1633 1741 debuit.
1685 1682 2031 1750 Plerumque

322 1789 521 1842 autem
538 1783 717 1838 tantis
732 1780 1146 1852 cogitationum
1161 1772 1935 1841 voluminibusimplicatur,
1969 1775 2033 1826 ut
2062 1774 2111 1840 Β

322 1876 452 1948 ipsa
474 1875 621 1929 ferre
651 1871 739 1927 six
770 1870 978 1935 valeat,
1020 1884 1146 1940 quas
1188 1868 1340 1922 intra
1388 1881 1449 1920 se
1494 1863 1772 1936 providus
1812 1870 2030 1928 versat;

324 1969 385 2021 et
415 1962 497 2019 nil
528 1976 700 2034 Opere
728 1958 922 2023 faciat,
971 1957 1050 2028 (b)
1107 1956 1218 2012 sub
1252 1970 1464 2026 magno
1496 1954 1685 2009 cordis
1753 1952 1845 2007 sui
1894 1968 2035 2023 pon-

320 2055 459 2111 dere
476 2051 848 2107 vehementer
876 2047 1129 2103 insudat.
1157 2045 1303 2110 Quia
1332 2046 1488 2099 enim
1539 2044 1688 2098 dura
1717 2047 1857 2097 sunt
1904 2058 2032 2113 quas

331 2143 488 2215 apud
517 2140 897 2209 semetipsum
922 2138 1084 2191 intus
1108 2135 1344 2206 patitur,
1363 2134 1594 2205 quietus
1615 2132 1755 2187 foris
1780 2130 2031 2186 otiosus-

324 2249 439 2306 que
460 2231 733 2287 lassatur.
757 2228 1107 2297 Plerumque
1137 2225 1294 2280 enim
1320 2223 1487 2295 quasi
1518 2228 1762 2278 ventura
1793 2222 2028 2277 animus

325 2319 637 2392 conspicit,
661 2321 962 2386 totamque
992 2318 1194 2371 contra
1234 2313 1354 2368 haec
1395 2312 1776 2367 intentionem
1829 2326 2037 2380 propo-

324 2410 451 2477 nit;
486 2421 849 2478 magnusque
881 2404 1053 2461 ardor
1083 2401 1469 2459 contentionis
1501 2418 1561 2456 se
1593 2400 1817 2467 inserit,
1860 2415 2037 2470 sopor

326 2502 493 2575 fugit,
535 2516 649 2556 nox
670 2498 729 2553 in
757 2497 909 2553 diem
942 2496 1186 2553 vertitur
1209 2512 1224 2563 ;
1247 2498 1303 2549 et
1324 2510 1450 2549 cum
1468 2491 1664 2564 quieta
1687 2491 1826 2547 foris
1847 2506 2035 2545 mem-

325 2592 430 2649 bra
447 2589 693 2647 lectulus
708 2591 923 2655 teneat,
942 2585 1101 2642 intus
1116 2584 1345 2656 magnis
1377 2581 1730 2638 clamoribus
1753 2582 1814 2635 in
1847 2580 2039 2637 cordis

328 2681 462 2737 foro
493 2679 770 2751 litigatur.
792 2677 861 2732 Et
889 2674 955 2731 fit
984 2675 1330 2747 plerumque
1353 2672 1600 2728 utnulla
1620 2671 1885 2727 eveniant
1909 2686 2036 2741 quae

329 2771 1019 2842 praavidenturztotaque
1041 2765 1141 2821 illa
1157 2763 1447 2835 cogitatio,
1482 2779 1608 2833 quas
1640 2763 1740 2816 diu
1774 2778 1835 2817 se
1867 2761 2039 2832 plena

324 2860 651 2917 intentione
681 2860 1002 2930 paraverat,
1031 2860 1265 2925 repente
1314 2870 1496 2908 vacua
1541 2853 1820 2923 quiescat.
1854 2852 2036 2907 Tanto

330 2957 525 3007 autem
548 2948 779 3020 longius
813 2962 979 3001 mens
1005 2962 1039 2999 a
1078 2943 1421 2999 necessariis
1444 2947 1653 3010 cessat,
1679 2942 2039 3013 quantoina-

330 3040 426 3097 nia
468 3038 643 3093 latius
692 3038 925 3109 cogitat.
969 3035 1115 3100 Quia
1154 3034 1331 3105 igitur
1364 3032 1818 3103 dispensationis
1868 3048 2038 3087 curas

336 3128 580 3201 maligni
629 3126 873 3198 spiritus
904 3126 1074 3180 modo
1096 3123 1353 3194 torpenti
1401 3123 1489 3177 vel
1548 3121 1907 3193 przecipitata
1945 3137 2036 3176 ac-

336 3216 494 3273 tione
526 3214 763 3282 feriunt,
796 3212 967 3266 modo
988 3211 1154 3282 pigra
1190 3210 1276 3265 vel
1318 3208 1701 3264 immoderata
1752 3207 2044 3261 locutione

340 3302 729 3366 confundunt,
790 3314 937 3370 pone
976 3305 1169 3353 autem
1222 3312 1453 3366 semper
1509 3294 1709 3349 nimiis
1741 3292 2042 3359 coxitatio-

338 3407 479 3446 num
514 3388 769 3445 molibus
783 3391 1079 3459 premunt,
1102 3386 1287 3440 tribus
1302 3383 1777 3439 turmisChaldsai
1800 3384 2044 3438 camelos

338 3480 601 3550 rapiunt.
634 3477 809 3543 Quasi
839 3476 992 3532 enim
1025 3480 1143 3532 tres
1175 3480 1396 3529 turmas
1429 3478 1632 3529 contra
1673 3471 1928 3527 camelos
1962 3475 2046 3527 fa-

339 3585 491 3638 cere,
542 3573 631 3625 est
679 3572 1041 3623 terrenarum
1092 3564 1587 3634 diepensationum
1623 3563 1816 3618 studia
1873 3562 2043 3619 modo

335 3659 539 3716 illicito
569 3673 764 3731 opere,
798 3660 965 3712 modo
997 3655 1288 3722 superﬂua
1335 3654 1647 3719 locutione,
1681 3654 1852 3707 modo
1892 3653 2045 3708 inor-

339 3748 540 3803 dinata
570 3745 920 3818 cogitatione
952 3750 1217 3810 vastare;
1264 3749 1322 3798 ut
1354 3743 1492 3797 dum
1538 3759 1601 3797 se
1655 3743 1723 3795 ad
1758 3742 2045 3796 adminis-

337 3838 548 3894 tranda
577 3838 831 3894 exterius
864 3852 1029 3891 mens
1071 3834 1385 3891 efﬁcaciter
1411 3834 1718 3888 extendere
1750 3832 1978 3897 nititur,
2012 3849 2046 3887 a

338 3927 430 3983 sui
461 3927 929 3983 consideratione
972 3933 1295 3996 separetur,
1331 3928 1388 3977 et
1429 3939 1495 3978 eo
1540 3921 1758 3976 damna
1807 3938 1933 3993 qua
1976 3923 2045 3975 de

340 4020 654 4089 semetipsa
696 4017 916 4087 patitur
958 4016 1201 4081 nesciat,
1245 4030 1357 4083 quo
1414 4028 1552 4083 erga
1583 4011 1768 4065 aliena
1820 4010 2045 4066 fortiori

338 4109 525 4163 studio
567 4123 741 4178 quam
780 4107 939 4161 decet
970 4104 1249 4160 elaborat.
1287 4106 1458 4157 Recta
1482 4108 1680 4156 autem
1718 4117 1880 4155 mens
1911 4117 2046 4155 cum

342 4214 512 4253 curas
543 4194 999 4268 dispensationis
1022 4192 1284 4263 suscipit,
1321 4192 1461 4263 quid
1498 4190 1633 4258 sibi,
1674 4191 1813 4261 quid
1858 4189 2048 4260 proxi-

342 4286 455 4341 mis
485 4285 693 4340 debeat
712 4283 992 4349 attendit;
1026 4287 1082 4337 et
1112 4298 1218 4337 nec
1249 4297 1351 4352 per
1385 4279 1587 4334 alienae
1630 4278 2049 4334 sollicitudinis

340 4373 880 4428 immoderationem
910 4388 1016 4427 sua
1063 4372 1262 4427 studia
1309 4369 1568 4443 negligit,
1631 4384 1735 4424 nec
1785 4385 1884 4440 per
1930 4386 2048 4424 suae

2144 484 2494 540 intrinsecus
2529 487 2778 549 amittat,
2810 485 3101 554 intelligit.
3131 485 3399 553 Sequitur
3437 500 3451 539 :

2560 574 2791 631 CAPUT
2818 575 2993 629 XLIV
3025 576 3168 645 lRec.
3197 573 3419 645 xxvu].

2213 663 2387 719 Vens.
2420 666 2503 727 l8,
2539 668 2619 721 19.
2654 697 2722 706 -
2744 666 2815 737 (c)
2852 665 3191 735 Loquebatur
3216 664 3330 729 itte,
3363 671 3413 719 et
3442 678 3562 717 ecce
3590 662 3736 717 alius
3758 664 3852 718 in-

2143 759 2325 823 travit,
2358 761 2409 811 et
2428 757 2601 811 dixit:
2636 757 2801 814 Fitiis
2830 756 2940 810 tuis
2970 761 3017 811 et
3044 755 3263 821 ﬁliabus
3302 754 3635 810 vescentibus
3674 760 3725 808 et
3766 754 3848 810 bi-

2145 848 2392 902 bentibus
2418 848 2605 902 vinum
2631 851 2688 902 in
2708 848 2865 901 domo
2884 847 3080 917 fratris
3111 848 3197 900 sui
3216 845 3600 916 primogeniti,
3636 849 3859 913 repente

2141 942 2328 991 ventus
2358 938 2645 992 vehemens
2677 935 2848 991 irruit
2878 952 2911 988 a
2942 937 3162 1006 regione
3208 936 3433 999 deserti,
3483 945 3532 988 et
3583 932 3860 987 concussit

2142 1030 2377 1096 quatuor
2405 1026 2632 1095 angulos
2661 1023 2875 1091 domus,
2899 1039 3015 1093 quae
3046 1038 3307 1077 corruens
3344 1021 3607 1092 oppressit
3655 1020 3859 1075 liberos

2143 1119 2259 1167 tuas
2276 1123 2325 1167 et
2347 1117 2551 1169 mortui
2570 1120 2700 1168 sant
2722 1130 2741 1167 :
2764 1122 2813 1168 et
2834 1114 3106 1184 eﬂ'ugiego
3119 1114 3289 1180 solus,
3309 1121 3365 1166 ut
3381 1113 3702 1167 nuntiarem
3724 1109 3857 1164 tibi.

2210 1206 2300 1260 76.
2348 1205 2645 1259 Virtutibus
2668 1213 2902 1274 quatuor
2933 1205 3203 1258 innititur
3231 1204 3485 1269 spiritale
3526 1201 3849 1269 aediﬁcium.

2145 1294 2292 1350 Unde
2320 1296 2686 1350 concutiatur.
2718 1323 2787 1331 —
2808 1292 2971 1346 Sicut
3001 1308 3182 1362 supra
3205 1294 3327 1360 jam
3367 1291 3639 1354 diximus,
3691 1287 3855 1359 regio

2141 1384 2354 1439 deserti
2395 1391 2479 1438 est
2514 1382 2956 1437 immundorum
2990 1381 3303 1450 spirituum
3349 1380 3659 1435 multitudo
3690 1383 3858 1435 dere-

2142 1473 2314 1528 licta:
2345 1488 2469 1543 quae
2494 1472 2632 1527 dum
2665 1470 2979 1527 conditoris
3002 1476 3091 1524 sui
3126 1469 3543 1525 beatitudinem
3577 1468 3857 1538 deseruit,

2142 1562 2309 1635 quasi
2341 1577 2581 1617 manum
2612 1560 2847 1616 cultoris
2867 1560 3070 1616 amisit
3098 1576 3131 1615 a
3156 1575 3274 1631 qua
3302 1564 3508 1613 ventus
3539 1559 3859 1613 vehemens

2140 1654 2316 1720 venit,
2333 1657 2389 1709 et
2410 1654 2647 1708 domum
2671 1652 2931 1719 subruit;
2962 1651 3103 1722 quia
3126 1652 3437 1706 abimmun
3454 1648 3860 1720 disspiritibus

2142 1745 2307 1800 fortis
2337 1742 2577 1799 tentatio
2608 1740 2881 1812 subripit,
2902 1745 2960 1796 et
2990 1757 3023 1794 a
3043 1738 3489 1810 tranquillitatis
3531 1754 3652 1794 suae
3692 1744 3853 1795 statu

2140 1835 2561 1893 conscientiam
2639 1830 2868 1888 evertit.
2957 1829 3100 1899 [νει.
3150 1829 3405 1901 XXXVI]
3473 1828 3539 1884 In
3599 1833 3856 1899 quatuor

2138 1942 2271 1982 vero
2303 1923 2532 1995 angulis
2564 1924 2775 1979 domus
2804 1921 2919 1977 ista
2947 1920 3238 1987 consistit,
3269 1919 3409 1991 quia
3440 1920 3719 1975 nimirum
3741 1934 3851 1974 so-

2141 2025 2323 2080 lidum
2354 2022 2568 2078 mentis
2600 2026 2804 2077 nostra
2847 2019 3178 2086 aediﬁcium,
3241 2016 3573 2089 prudentia,
3632 2021 3862 2088 tempe-

2140 2114 2348 2181 rantia,
2380 2113 2679 2177 fortitudo,
2700 2109 2928 2180 justitia
2949 2108 3220 2165 sustinet.
3256 2108 3317 2162 In
3350 2113 3602 2178 quatuor
3625 2105 3860 2177 angulis

2142 2206 2351 2260 domus
2382 2204 2497 2258 ista
2516 2201 2800 2268 subsistit,
2827 2198 2966 2270 quia
3004 2198 3062 2254 in
3110 2197 3202 2253 his
3242 2203 3491 2269 quatuor
3540 2196 3862 2251 virtutibus

2142 2299 2262 2349 tota
2284 2292 2420 2349 boni
2452 2291 2551 2347 68
2583 2292 2775 2361 operis
2798 2292 3094 2344 structura
3117 2285 3435 2357 consurgit.
3460 2284 3620 2341 Unde
3639 2291 3695 2339 et
3710 2300 3863 2355 qua-

2146 2392 2274 2439 tuor
2308 2381 2564 2454 paradisi
2596 2380 2843 2435 ﬂumina
2875 2384 3089 2434 terram
3122 2377 3389 2449 irrigant,
3423 2374 3562 2447 quia
3593 2375 3735 2429 dum
3768 2375 3863 2431 his

2145 2478 2389 2545 quatuor
2412 2470 2725 2527 virtutibus
2746 2484 2846 2523 cor
2870 2466 3224 2534 infunditur,
3244 2465 3315 2521 ab
3346 2466 3507 2521 omni
3531 2464 3856 2521 desiderio-

2145 2580 2271 2620 rum
2304 2560 2811 2617 carnalium'testu
2864 2561 3243 2628 temperatur.
3292 2556 3402 2611 Sed
3435 2570 3859 2625 nonnunquam

2138 2657 2285 2715 dum
2305 2651 2484 2706 menti
2507 2647 3011 2721 ignaviasubripil,
3030 2645 3355 2717 ;prudentia
3398 2643 3693 2715 frigescit;
3722 2660 3859 2700 nam

2145 2758 2275 2799 cum
2304 2743 2454 2797 fessa
2473 2744 2682 2810 torpet,
2701 2742 2940 2792 ventura
2962 2752 3075 2791 non
3101 2734 3386 2806 providet.
3408 2732 3855 2804 Nonnunquam

2146 2833 2287 2887 dum
2325 2830 2605 2887 nonnulla
2628 2828 2805 2885 menti
2836 2827 3143 2883 delectatio
3168 2824 3439 2896 subripit,
3471 2824 3863 2893 temperantia

2145 2928 2344 2978 nostra
2366 2920 2702 2986 marcescit;
2736 2921 2795 2973 in
2812 2923 3095 2991 quantum
3110 2916 3263 2972 enim
3291 2917 3364 2971 ad
3406 2914 3859 2971 delectationem

2146 3009 2523 3082 praesentium
2580 3006 2872 3071 ducimur,
2912 3007 2969 3059 in
3012 3009 3239 3059 tantum
3284 3001 3480 3057 minus
3527 3001 3595 3056 ab
3627 3000 3857 3057 illicitis

2155 3105 2559 3169 temperamus.
2591 3096 3022 3165 Nonnunquam
3056 3109 3117 3148 se
3157 3091 3331 3146 timor
3368 3090 3524 3145 cordi
3564 3090 3859 3159 insinuat,

2075 3164 2118 3229 Ο
2157 3198 2210 3245 et
2239 3164 2391 3242 vires
2432 3190 2643 3240 nostra:
2694 3182 3057 3239 fortitudinis
3115 3182 3344 3247 turbat;
3378 3187 3432 3235 et
3480 3194 3545 3234 co
3603 3179 3866 3235 minores

2154 3282 2356 3333 contra
2384 3276 2626 3329 adversa
2655 3274 2986 3339 existimus,
3020 3287 3134 3342 quo
3166 3270 3431 3341 quaedam
3482 3269 3725 3339 perdere
3755 3270 3871 3324 im-

2157 3367 2516 3424 moderatius
2530 3364 2742 3420 dilecta
2756 3362 3151 3419 formidamus.
3169 3361 3604 3430 Nonnunquam
3636 3376 3768 3416 vero
3786 3361 3869 3432 (d)

2155 3478 2319 3519 amor
2344 3476 2489 3515 suus
2520 3474 2583 3514 se
2615 3457 2795 3513 menti
2828 3456 3058 3527 ingerit,
3086 3469 3333 3525 eamque
3384 3451 3581 3508 latenti
3632 3460 3798 3509 motu
3830 3472 3865 3509 a

2152 3548 2500 3606 rectitudine
2528 3545 2770 3615 justitite
2801 3545 3061 3611 divertit;
3096 3551 3150 3597 et
3176 3558 3288 3614 quo
3311 3558 3372 3596 se
3417 3545 3595 3596 totam
3630 3542 3864 3597 auctori

2152 3639 2394 3694 reddere
2425 3636 2683 3707 negligit,
2718 3651 2784 3689 eo
2817 3634 2875 3688 in
2924 3650 2987 3689 se
3021 3633 3268 3703 justitiae
3305 3632 3427 3701 juri
3478 3631 3859 3688 contradicit.

2154 3729 2369 3785 Ventus
2400 3743 2534 3797 ergo
2566 3725 2874 3779 vehemens
2897 3732 3142 3794 quatuor
3171 3722 3419 3793 angulos
3449 3720 3662 3775 domus
3713 3736 3861 3776 con-

2154 3820 2335 3886 cutit;
2362 3818 2501 3872 dum
2535 3814 2700 3870 fortis
2732 3814 2980 3869 tentatio
3029 3811 3275 3867 occultis
3322 3811 3574 3864 motibus
3615 3817 3877 3880 quatuor

2153 3907 2397 3961 virtutes
2430 3905 2652 3977 quatit;
2689 3910 2745 3958 et
2775 3903 2943 3973 quasi
2964 3900 3261 3972 quassatis
3282 3898 3515 3970 angulis
3546 3899 3759 3953 domus
3799 3899 3877 3971 (e)

2155 4004 2398 4062 eruntur,
2431 3996 2568 4050 dum
2597 3993 2843 4065 pulsatis
2867 3992 3178 4046 virtutibus
3200 3988 3561 4045 conscientia
3578 3989 3873 4046 turbatur.

2224 4087 2314 4139 77.
2347 4086 2478 4141 Inde
2507 4084 2736 4139 virtutes
2758 4086 2969 4139 caeteras
3001 4081 3161 4152 quasi
3189 4078 3371 4135 cordis
3418 4076 3621 4132 soboles
3667 4093 3728 4131 se
3770 4080 3876 4132 in-

2159 4180 2327 4231 vicem
2356 4179 2603 4245 pascunt.
2635 4204 2705 4215 —
2728 4174 2885 4227 lntra
2916 4172 3021 4226 hos
3048 4175 3244 4225 autem
3265 4172 3516 4239 quatuor
3538 4167 3753 4221 domus
3767 4183 3877 4221 an-

2159 4265 2323 4337 gulos
2358 4265 2458 4319 ﬁlii
2491 4265 2891 4330 convivantur,
2928 4262 3068 4332 quia
3091 4260 3245 4313 intra
3263 4273 3470 4312 arcana
3487 4256 3873 4325 mentis,qum

2160 4352 2559 4426 principaliter
2589 4350 2680 4405 his
2707 4356 2959 4420 quatuor
2992 4347 3309 4403 virtutibus
3338 4349 3406 4401 ad
3430 4360 3669 4400 summa
3692 4341 3873 4397 recti-

344 4459 611 4516 utilitatis
634 4459 995 4530 vigilantiam
1020 4460 1211 4515 aliena
1242 4430 1566 4531 postponit:
1584 4458 1689 4512 Sed
1718 4430 1907 4513 tamen
1934 4459 2040 4530 ple-

2168 4442 2388 4498 tudinis
2420 4441 2651 4497 culmen
2683 4439 2943 4511 erigitur,
2978 4438 3223 4492 virtutes
3244 4440 3459 4489 craterae
3502 4432 3671 4504 quasi
3714 4448 3875 4503 qua-

346 4566 598 4621 rumque
615 4551 755 4605 dum
779 4551 850 4603 ad
874 4554 1117 4619 utroque
1138 4566 1302 4605 mens
1324 4551 1570 4605 solerter
1599 4548 1887 4618 invigilat,
1916 4550 2056 4605 dum

346 4641 575 4711 magnis
604 4655 741 4711 erga
771 4656 851 4706 se,
885 4644 943 4693 et
970 4654 1038 4693 ea
1069 4654 1194 4709 quae
1218 4638 1329 4694 sibi
1363 4640 1681 4695 commissa
1730 4643 1887 4705 sunt,
1941 4638 2052 4693 cir-

347 4729 884 4802 cumspectionibus
916 4734 1098 4796 vacat,
1131 4730 1431 4798 repentino
1473 4730 1710 4783 turbata
1744 4727 2057 4798 cujuslibet

347 4835 532 4877 cauete
563 4816 911 4890 emergentis
940 4816 1207 4883 articulo,
1237 4818 1319 4872 ita
1349 4818 1407 4871 in
1439 4834 1692 4887 praeceps
1718 4819 1964 4886 rapitur,
1993 4820 2055 4871 ut

347 4912 422 4969 ab
443 4927 510 4967 ea
523 4908 717 4966 subito
740 4911 963 4963 cunctas
982 4904 1531 4977 circumspectiones
1555 4907 1684 4974 ejus
1708 4907 2051 4964 obruantur.

346 5001 505 5058 Unde
536 5005 592 5056 et
620 4998 894 5054 custodes
923 4994 1277 5051 camelorum
1312 5010 1521 5065 pueros
1566 4994 1815 5049 Chaldaei
1860 4996 2055 5065 gladio

347 5089 588 5146 feriunt.
621 5089 730 5144 Sed
766 5092 966 5143 tamen
999 5100 1154 5141 unus
1180 5084 1353 5150 redit;
1389 5082 1528 5153 quia
1578 5083 1728 5137 inter
1777 5083 1900 5139 haec
1939 5086 2056 5140 dis-

350 5179 628 5234 cretionis
652 5178 795 5234 ratio
818 5177 1035 5233 mentis
1061 5181 1269 5233 nostra!
1294 5173 1479 5229 oculis
1508 5174 1779 5241 occurrit,
1813 5176 1868 5227 et
1890 5173 2057 5229 solli—

350 5385 663 5512 MgzzeMss.
696 5385 893 5442 Norm.
926 5391 983 5442 et
1003 5386 1296 5457 nonnulli,
1322 5388 1435 5457 ipse
1463 5383 1816 5441 actionissuw
1845 5384 2057 5455 inquie-

424 5495 723 5653 bebntiq.
760 5526 988 5593 Rbem.,
1023 5530 1266 5613 Turon.,
1288 5531 1483 5593 Corb.,
1515 5530 1736 5595 Germ.,
1766 5527 1894 5585 Val.
1946 5527 2053 5599 CL,

441 5617 473 5653 a
500 5615 562 5653 ιι.
592 5597 692 5652 sub
724 5614 927 5653 maana
946 5601 1120 5653 cordis
1146 5618 1236 5653 sui
1254 5602 1510 5653 pondera.

353 5605 410 5657 et
437 5597 562 5663 alii,
592 5597 692 5652 sub
724 5614 927 5666 magna
946 5601 1120 5655 cordis
1146 5602 1510 5669 suipondera.

426 5671 504 5745 (υ)
528 5669 673 5725 Hinc
707 5671 771 5722 ut
794 5672 858 5745 et
880 5686 1102 5745 μυρτεῇ
1117 5687 1241 5739 cap.
1272 5672 1363 5737 21,
1388 5672 1728 5743 particulam
1760 5672 1949 5730 adhuc
1973 5686 2054 5728 re-

356 5740 646 5802 movimus
674 5740 1016 5798 auctoritate
1048 5741 1188 5799 Mss.

2168 4534 2303 4587 dam
2362 4532 2555 4587 cordis
2606 4528 2835 4585 soboles
2893 4543 2955 4583 se
3012 4525 3260 4580 invicem
3313 4527 3585 4595 pascunt.
3642 4519 3878 4577 Donum

2166 4620 2382 4691 quippe
2412 4620 2681 4688 Spiritus,
2708 4617 2861 4688 quod
2895 4616 2954 4671 in
3003 4617 3273 4681 subjecta
3334 4617 3525 4667 mente
3570 4615 3709 4665 ante
3755 4610 3879 4666 alia

2168 4711 2559 4782 prudentiam,
2609 4706 3075 4780 temperantiam,
3122 4700 3877 4772 fortitudinetn,justitiam

2165 4802 2395 4864 format,
2428 4800 2693 4855 eamdem
2728 4802 2982 4853 mentem
3016 4804 3071 4851 ut
3127 4798 3330 4849 contra
3360 4790 3591 4862 singula
3620 4805 3875 4861 quasque

2165 4890 2783 4955 tentamentaerudiat,
2822 4890 2880 4943 in
2912 4890 3133 4957 septem
3169 4898 3304 4940 mox
3346 4880 3664 4936 virtutibus
3722 4884 3877 4933 tem-

2166 4986 2423 5053 perat,ut
2443 4988 2643 5037 contra
2665 4977 3000 5043 stultitiam,
3031 4972 3411 5045 sapientiam;
3455 4973 3660 5026 contra
3691 4968 3875 5023 hebe-

2166 5071 2449 5134 tudinem,
2484 5068 2865 5135 intellectum;
2894 5070 3097 5122 contra
3154 5060 3693 5134 praecipitationem,
3730 5073 3877 5113 con-

2165 5160 2390 5226 srlium;
2427 5164 2622 5214 contra
2672 5159 2962 5219 timorem,
2997 5152 3397 5207 fortitudinem
3422 5166 3438 5215 ς
3468 5153 3672 5205 contra
3713 5148 3877 5217 igno-

2232 5374 2311 5445 (d)
2345 5373 2426 5427 Ita
2453 5370 2579 5427 Vet.
2757 5383 2890 5424 cum
2924 5365 3062 5422 Mss.
3095 5365 3181 5419 At.
3220 5360 3416 5431 Gilot.,
3463 5357 3676 5427 Vatic.,
3720 5357 3873 5415 Gus-

2162 5462 2322 5501 sanv.
2337 5488 2350 5509 ,
2379 5460 2539 5499 am0r
2568 5460 2676 5498 sui.

2232 5518 2298 5587 (ε)
2322 5506 2405 5572 Ita
2435 5532 2634 5570 omnes
2658 5513 2795 5587 Mss.
2826 5508 3034 5587 nostri,
3057 5508 3137 5563 vel
3167 5507 3452 5572 evertitur,
3499 5519 3615 5587 non
3673 5506 3873 5558 autem

2162 5577 2439 5653 obruitur,
2483 5587 2566 5641 uti
2612 5586 2771 5655 prius
2826 5582 3157 5655 legebatur:
3191 5588 3244 5636 et
3311 5592 3451 5633 sane
3510 5577 3727 5631 domus
3768 5589 3876 5630 nos

2163 5652 2447 5725 obruitur,
2482 5659 2580 5714 sed
2612 5652 2801 5712 obruit
2831 5652 2971 5710 dum
3002 5652 3179 5708 cadit.
