4086 6166
315 267 440 327 593

1273 262 1696 325 MOBALIUM
1745 262 1896 323 LIB.
1941 261 2019 322 ll.
2069 294 2144 306 —
2190 263 2268 321 IN
2315 261 2486 323 CAP.
2533 264 2554 323 Ι
2602 265 2670 325 Β.
2716 265 2878 326 JOB.

3729 277 3848 335 594

319 397 1778 470 rantiam,scientiam;contraduritiam,pietatem
1802 402 2034 465 ;contra
2067 395 2116 462 Α
2150 395 2223 451 tit
2256 414 2269 463 ;
2305 402 2361 452 et
2391 401 2550 453 tanto
2576 399 2726 454 hanc
2757 398 3005 455 solidius
3031 401 3254 471 recipit,
3283 407 3501 474 quanto
3523 407 3652 477 ejus
3673 408 3851 465 virtu-

322 489 661 560 snperbiam
697 489 777 559 (τι)
810 491 907 542 det
941 487 1230 542 timorem.

399 581 486 632 78.
524 581 616 633 His
645 581 740 648 qui
771 579 1064 631 virtutibus
1095 577 1311 642 πιθηκάὶιί
1349 584 1494 640 sunt,
1529 581 1708 646 gratia
1741 577 2038 646 aliquando

322 668 550 723 utiliter
584 685 637 723 se
667 669 962 722 subtrahit.
999 698 1064 707 —
1096 669 1199 722 Sed
1237 685 1684 738 nonnunquam,
1710 669 1848 720 dum
1879 683 2038 722 iiiens

320 772 528 812 nostra
562 758 705 811 tanti
735 756 989 812 muneris
1022 758 1386 826 plenitudine
1426 767 1592 826 atque
1634 756 1890 810 ubertate
1935 755 2040 808 ful-

321 847 499 912 citur,
533 847 581 900 si
613 849 894 902 continua
927 847 981 900 in
1016 845 1104 900 his
1137 847 1449 901 securitate
1484 847 1822 917 perfruitur,
1855 863 1887 900 a
1923 861 2037 914 quo

322 936 437 991 sibi
477 938 595 992 haec
627 939 747 992 sint
798 937 1162 991 obliviscitur
1195 953 1206 1001 ;
1250 951 1428 1006 seque
1460 952 1492 990 a
1514 952 1574 990 se
1605 936 1817 990 habere
1851 940 2036 1003 putat,

330 1027 494 1097 quod
529 1043 833 1097 nunquam
884 1027 996 1081 sibi
1049 1028 1257 1081 abesse
1297 1025 1640 1080 considerat.
1677 1025 1840 1080 Unde
1881 1025 1944 1078 ﬁt
1974 1029 2039 1080 ut

321 1115 642 1186 aliquando
671 1133 733 1172 se
767 1118 885 1171 haec
916 1117 1116 1171 eadem
1150 1117 1337 1187 gratia
1368 1116 1585 1171 utiliter
1608 1114 1938 1178 subtrahat,
1981 1118 2038 1169 et

327 1209 710 1278 prasamenti
743 1210 944 1271 menti,
979 1212 1264 1277 quantum
1296 1207 1356 1261 in
1387 1223 1448 1261 se
1470 1206 1824 1269 inﬁrmatur,
1849 1211 2038 1260 osten-

321 1297 447 1350 dat.
484 1298 643 1351 Tunc
673 1297 825 1351 enim
850 1313 982 1351 vere
1013 1297 1419 1365 cognoscimus
1451 1296 1601 1350 bona
1641 1300 1839 1349 nostra
1884 1297 2037 1350 unde

321 1393 494 1454 sunt,
527 1387 760 1455 quando
794 1385 913 1439 haec
942 1386 1108 1455 quasi
1143 1385 1484 1448 amittendo,
1520 1385 1808 1440 sentimus
1841 1384 1974 1453 quia
2005 1401 2037 1438 a

322 1477 501 1531 nobis
532 1475 742 1529 servari
769 1491 882 1530 non
921 1480 1183 1542 possunt.
1211 1475 1296 1530 Ad
1331 1477 1436 1530 hoc
1469 1477 1665 1545 itaque
1695 1475 2034 1528 intimandaa

322 1563 676 1619 humilitatis
735 1565 1160 1632 magisterium,
1214 1566 1276 1618 ﬁt
1313 1566 1656 1635 plerumque
1689 1569 1752 1617 ut
1782 1564 2036 1618 irruente

323 1653 667 1707 tentationis
684 1652 952 1718 articulo,
970 1659 1127 1707 tanta
1143 1653 1389 1706 stultitia
1408 1655 1749 1723 sapientiam
1775 1661 2033 1706 nostram

325 1743 518 1807 feriat,
547 1748 608 1796 ut
639 1742 870 1796 turbata
898 1759 1083 1808 mens,
1109 1742 1358 1812 qualiter
1392 1742 1559 1796 malis
1593 1742 2035 1796 imminentibus
2073 1770 2112 1834 Β

321 1831 538 1895 obviet,
571 1831 657 1885 vel
693 1842 894 1886 contra
917 1834 1294 1887 tentationem
1322 1834 1612 1902 quomodo
1636 1849 1696 1886 se
1733 1837 2035 1902 praeparet,

324 1923 576 1987 ignoret.
613 1922 720 1976 Sed
757 1921 860 1975 hac
913 1922 1036 1990 ipsa
1085 1923 1329 1977 stultitia
1361 1939 1456 1977 cor
1488 1924 1801 1992 prudenter
1840 1922 2038 1976 erudi-

323 2018 446 2075 tur,
480 2013 619 2081 quia
655 2011 806 2064 unde
838 2012 907 2064 ad
947 2018 1304 2066 momentum
1330 2013 1561 2082 di-sipit,
1585 2030 1650 2068 eo
1671 2019 1798 2080 post
1820 2015 2033 2080 verius,

322 2119 445 2174 quo
476 2107 533 2156 et
563 2101 867 2165 humilius,
902 2102 1047 2171 sapit
1081 2121 1093 2166 ;
1128 2107 1184 2157 et
1213 2103 1477 2171 sapentia
1502 2104 1654 2158 unde
1677 2103 1838 2173 quasi
1863 2103 2038 2157 amit-

323 2195 495 2259 titur,
528 2193 664 2247 inde
696 2192 907 2247 certius
941 2192 1288 2263 possidetur.
1323 2195 1648 2262 Aliquando
1681 2195 1818 2249 dum
1853 2195 2035 2249 subli-

323 2286 448 2340 mia
469 2283 854 2353 intelligendo
877 2284 935 2339 in
961 2285 1209 2340 elatione
1233 2301 1294 2338 se
1316 2285 1542 2340 animus
1567 2286 1752 2356 erigit,
1779 2287 1832 2338 in
1863 2286 2035 2340 rebus

323 2375 466 2429 imis
495 2381 549 2428 et
580 2373 793 2428 vilibus
819 2375 982 2441 gravi
1016 2373 1369 2429 hebetudine
1395 2375 1682 2443 pigrescit,
1709 2381 1766 2427 ut
1800 2378 2037 2443 repente

326 2464 445 2521 sibi
468 2465 639 2519 etiam
663 2464 780 2517 ima
801 2463 1001 2518 clausa
1017 2465 1232 2531 videat,
1257 2465 1350 2534 qui
1371 2465 1662 2534 (b)pernix
1685 2480 1916 2517 summa
1941 2481 2035 2533 pe-

331 2555 620 2609 netrabat.
654 2554 762 2608 Sed
800 2554 918 2608 haec
969 2555 1092 2624 ipsa
1125 2556 1413 2608 hebetudo
1444 2554 1804 2609 intellectum
1851 2556 2036 2624 nobis,

329 2647 482 2701 dum
517 2643 822 2708 subtrahit,
853 2648 1063 2709 servat,
1106 2645 1240 2715 quia
1263 2647 1396 2698 dum
1433 2646 1502 2698 ad
1539 2651 1897 2699 momentum
1943 2663 2040 2701 cor

333 2732 637 2799 humiliat,
670 2737 866 2788 vertus
890 2735 954 2787 ad
985 2734 1260 2788 sublimia
1309 2733 1684 2805 intelligenda
1713 2736 2036 2790 conﬁrmat.

334 2822 669 2892 Aliquando
700 2822 836 2876 dum
871 2827 1078 2878 cuncta
1110 2841 1214 2878 nos
1263 2840 1431 2893 agere
1480 2825 1707 2879 consilii
1761 2827 2039 2896 gravitate

338 2911 691 2982 gaudemus,
730 2911 998 2981 pulsante
1029 2929 1215 2966 cauete
1247 2915 1592 2982 emergentis
1617 2915 1880 2980 articulo,
1906 2932 2044 2984 prie-

326 3001 677 3071 cipitatione
699 3000 891 3054 subita
925 3001 1222 3071 rapimur;
1253 3007 1308 3055 et
1341 3003 1434 3071 qui
1471 3019 1572 3056 nos
1604 3019 1832 3072 semper
1853 3004 2043 3072 dispo-

332 3090 446 3144 site
476 3089 685 3144 vixisse
729 3089 1103 3156 credidimus,
1155 3097 1390 3158 repente
1437 3093 1536 3146 09
1589 3092 1795 3147 intima
1839 3097 2041 3150 confu-

333 3180 503 3236 sione
552 3185 869 3236 vastamiir.
933 3181 1044 3236 Sed
1105 3186 1301 3236 tamen
1364 3183 1622 3252 ejusdem
1685 3186 2043 3243 confusionis

331 3268 669 3323 eruditione
695 3269 999 3337 discimus,
1025 3286 1096 3324 ne
1128 3271 1343 3325 nostris
1375 3271 1595 3326 viribus
1629 3274 1873 3329 consilia
1907 3293 2039 3330 nos-

330 3361 423 3411 tra
455 3355 818 3422 tribuamus;
851 3362 910 3411 et
939 3362 1101 3412 tanto
1133 3359 1420 3413 maturius
1454 3361 1523 3413 ad
1558 3363 1896 3428 gravitatem
1922 3381 2042 3418 res-

337 3446 678 3515 tringimur,
712 3453 927 3518 quento
958 3447 1031 3501 ad
1074 3448 1223 3503 hanc
1255 3450 1419 3520 quasi
1457 3449 1732 3504 amissam
1762 3453 2040 3508 redimus.

335 3535 668 3607 Aliquando
725 3538 865 3592 dum
921 3555 1084 3593 mens
1138 3539 1360 3594 fortiter
1415 3541 1651 3594 adversa
1701 3543 2043 3610 contemnit,

336 3627 596 3683 subortis
626 3629 998 3683 adversitatis
1022 3629 1500 3687 eventibus.bane
1525 3636 1714 3685 metus
1738 3631 2044 3685 vehemens

337 3717 610 3788 percutit.
645 3717 754 3773 Sed
806 3733 906 3788 per
962 3718 1119 3773 hunc
1180 3735 1460 3774 concussa
1492 3719 1658 3773 discit
1708 3720 1798 3774 cui
1833 3721 2046 3775 tribuat

337 3809 493 3877 quod
519 3807 575 3861 in
608 3808 962 3878 quibusdam
999 3808 1223 3864 fortiter
1254 3809 1453 3876 stetit;
1487 3816 1542 3863 et
1567 3814 1727 3863 tanto
1757 3819 1881 3879 post
1903 3811 2042 3864 vali-

339 3896 479 3950 dius
519 3897 908 3951 fortiiudinem
960 3898 1184 3964 retinet,
1239 3904 1454 3968 quanto
1505 3899 1653 3953 hanc
1699 3905 1933 3966 repente
1965 3901 2043 3954 ir-

340 3993 549 4041 ruente
585 3987 897 4043 formidine
929 3989 1034 4042 sibi
1063 3990 1184 4057 jam
1211 3991 1379 4059 quasi
1415 3990 1673 4061 elapsam
1715 3991 1889 4044 videt.
1922 3990 2042 4045 Ali-

339 4077 578 4146 quando
609 4079 746 4131 dum
785 4095 996 4149 magna
1027 4097 1130 4133 nos
1161 4082 1309 4134 scire
1340 4082 1685 4150 gaudemus,
1731 4081 2043 4151 repentina:

336 4167 684 4237 ignorantiae
717 4167 966 4222 caecitate
1000 4170 1388 4237 torpescimus
1444 4170 1548 4223 Sed
1573 4188 1684 4237 quo
1717 4171 2044 4240 ignorantia

335 4258 557 4312 mentis
587 4257 792 4312 oculus
824 4258 892 4311 ad
931 4265 1297 4313 momentum
1349 4259 1660 4326 clauditur,
1701 4277 1765 4315 eo
1801 4267 1926 4329 post
1972 4261 2041 4315 ad

332 4347 640 4402 scientiam
691 4348 884 4402 verius
926 4349 1200 4417 aperitur,
1235 4358 1292 4402 ut
1337 4351 1607 4404 nimirum
1660 4350 1886 4420 ﬂagello
1928 4367 2040 4404 suae

330 4437 611 4492 caecitatis
645 4439 931 4502 eruditus,
963 4443 1019 4491 et
1050 4438 1196 4491 scire
1231 4439 1416 4508 ipsum
1444 4456 1476 4492 a
1508 4456 1622 4508 quo
1647 4439 1854 4493 habeat
1876 4441 2038 4494 sciat.

331 4525 658 4596 Aliquando
683 4529 816 4582 dum
845 4527 1110 4598 religiose
1133 4533 1342 4582 cuncta
1360 4527 1744 4599 disponimus,
1765 4529 1900 4583 dum
1920 4529 2042 4600 pie-

329 4617 472 4671 tatis
503 4618 724 4674 viscera
755 4617 924 4689 plene
957 4635 1064 4672 nos
1097 4618 1304 4674 habere
1362 4618 1746 4689 gratulamur,
1787 4621 2040 4689 quadam

339 4709 558 4764 mentis
574 4710 790 4765 duritia
805 4711 1057 4765 irruente
1073 4709 1450 4780 percutimur.
1472 4711 1577 4765 Sed
1596 4709 1759 4780 quasi
1775 4710 2043 4765 obdurati

335 4799 776 4870 cognoscimus,
809 4800 898 4854 cui
934 4799 1168 4870 pietatis
1191 4799 1398 4852 habitae
1423 4799 1572 4854 bona
1601 4799 1966 4860 tribuamus;
1989 4804 2046 4855 et

337 4889 529 4959 pietas
559 4890 752 4945 verius
805 4890 964 4946 velut
1013 4891 1300 4945 exstincta
1352 4891 1646 4960 recipitur,
1690 4892 1828 4944 dum
1877 4893 2045 4963 quasi

337 4981 561 5035 amissa
587 4981 1096 5052 ampliusamatur.
1119 4981 1436 5049 Aliquando
1462 4982 1599 5034 dum
1628 4981 1956 5050 subjectum
1985 4998 2045 5037 se

340 5071 553 5126 divina:
601 5071 898 5127 formidini
948 5071 1181 5125 animus
1225 5071 1459 5140 gaudet,
1491 5077 1723 5140 repente
1774 5073 2047 5143 superbia

331 5166 598 5216 tentante
626 5161 884 5231 rigescit.
917 5162 1024 5216 Sed
1061 5167 1255 5216 tamen
1297 5162 1462 5216 valde
1495 5177 1624 5215 mox
1659 5164 1874 5216 timens
1909 5162 2044 5233 quia

335 5269 453 5307 non
486 5251 675 5319 timet,
709 5253 778 5308 ad
816 5252 1202 5306 humilitatem
1239 5268 1298 5305 se
1330 5251 1538 5306 iterum
1568 5253 1807 5306 festinus
1840 5251 2041 5306 inflec-

408 5472 486 5542 (α)
514 5475 544 5523 2
582 5471 781 5524 Rhein.
820 5475 872 5525 el
904 5488 1052 5524 unus
1080 5469 1427 5538 Remig.,det
1452 5471 1823 5525 humilitatem
1846 5486 1863 5530 ,'
1888 5487 2046 5524 error

331 5551 423 5598 est
459 5543 705 5609 librarii,
736 5546 1022 5610 snperbize
1088 5546 1272 5604 magis
1309 5545 1598 5596 adversari
1653 5545 2040 5597 humilitatem

337 5617 673 5685 cogitantis,
730 5632 902 5683 quam
979 5616 1269 5669 timorem.
1331 5614 1543 5670 Verum
1598 5617 1688 5671 hic
1746 5623 2046 5670 enumerat

339 5695 582 5743 sanctus
614 5685 1109 5760 Doctor_Spiritus
1159 5689 1342 5760 sancti
1377 5689 1530 5744 dona
1573 5687 1630 5742 in
1663 5689 1877 5760 quibus
1913 5686 2046 5742 ulti-

343 5774 481 5815 mus
505 5765 776 5814 censetur
804 5757 991 5828 timor,
1027 5773 1138 5816 non
1172 5757 1478 5815 humilitas.

2147 487 2222 541 tis
2256 489 2482 556 pondus
2513 490 2676 559 quasi
2714 490 3035 545 amittendo
3067 493 3353 562 pensavit.

2218 579 2308 633 79.
2347 580 2753 633 Tentationibus
2783 589 3153 650 acquiruntur
3183 584 3479 638 humilitas
3525 593 3578 641 ct
3621 588 3856 657 vigilan-

2147 670 2246 720 tia.
2282 699 2348 708 —-
2383 669 2584 723 Eversa
2617 671 2792 740 igitur
2823 673 3014 739 domo,
3063 676 3393 728 moriuntur
3425 675 3524 729 ﬁlii
3559 678 3692 747 quia
3723 684 3855 732 tur-

2149 758 2284 812 bata
2317 759 2372 812 in
2409 759 2722 814 tentatione
2753 761 3128 828 conscientia,
3163 765 3232 832 (c)
3273 765 3341 818 ad
3381 764 3687 822 utilitatem
3720 783 3852 838 pro-

2149 848 2287 918 priae
2356 848 2701 919 cognitionis
2765 851 2968 921 raptim
3028 859 3082 906 et
3140 852 3198 907 in
3233 860 3526 910 momento
3579 857 3854 926 temporis

2146 939 2476 991 obruuntur
2517 939 2723 1008 genitas
2757 940 2813 994 in
2847 941 3018 995 corde
3076 942 3339 998 virtutes.
3392 945 3525 1013 [νει.
3582 945 3856 1016 XXXVI”

2147 1027 2250 1089 Qui
2310 1027 2565 1098 profecto
2613 1028 2717 1082 ﬁlii
2768 1029 2929 1085 intus
2980 1046 3080 1101 per
3124 1032 3396 1102 spiritum
3440 1033 3660 1101 vivunt,
3713 1036 3854 1090 dum

2147 1117 2399 1172 exterius
2451 1134 2620 1173 carne
2676 1121 3029 1187 moriuntur,
3093 1124 3226 1193 quia
3294 1121 3555 1178 videlicet
3605 1124 3854 1181 virtutes

2148 1210 2359 1260 nostrae
2391 1207 2731 1263 tentationis
2764 1214 3022 1280 tempore
3053 1211 3162 1265 etsi
3192 1211 3251 1266 in
3284 1217 3578 1268 momento
3605 1214 3852 1270 turbatae

2149 1295 2217 1349 ab
2252 1301 2435 1350 status
2468 1297 2556 1351 sui
2591 1297 2994 1354 incolumitate
3025 1300 3324 1368 deﬁciunt,
3361 1319 3460 1371 per
3509 1302 3849 1362 intentionis

2147 1390 2339 1440 tamen
2377 1387 2867 1454 perseverantiam
2899 1388 3134 1460 integrae
3162 1390 3220 1444 in
3255 1391 3468 1446 mentis
3492 1393 3685 1447 radice
3716 1395 3852 1448 sub-

2147 1475 2388 1528 sistunt.
2423 1474 2565 1528 Cum
2601 1476 2815 1545 quibus
2846 1477 3020 1531 etiam
3054 1483 3168 1533 tres
3202 1495 3423 1533 sorores
3470 1480 3849 1548 occumbunt,

2147 1562 2286 1632 quia
2346 1563 2400 1617 in
2458 1567 2624 1618 corde
2703 1582 3122 1636 nonnunquam
3169 1583 3268 1637 per
3317 1567 3545 1639 ﬂagella
3591 1569 3854 1625 turbatur

2147 1649 2421 1715 charitas,
2459 1667 2556 1718 per
2584 1651 2954 1705 formidinem
3008 1655 3337 1708 concutitur
3365 1670 3521 1724 spes,
3569 1670 3671 1725 per
3702 1672 3855 1725 quae-

2146 1739 2370 1794 stiones
2404 1741 2668 1810 pulsatur
2703 1742 2864 1796 ﬁdes.
2901 1742 3061 1814 Saepe
3093 1745 3246 1797 enim
3282 1745 3447 1814 quasi
3481 1761 3514 1799 a
3536 1744 3855 1799 conditoris

2149 1845 2346 1883 amore
2417 1830 2820 1899 torpescimus,
2873 1832 3007 1886 dum
3061 1833 3208 1888 ultra
3254 1849 3429 1904 quam
3499 1834 3668 1890 nobis
3714 1851 3856 1890 con-

2145 1935 2352 1991 gruere
2385 1919 2696 1986 credimus,
2733 1920 2958 1992 ﬂagello
2995 1922 3324 1993 fatigamur.
3359 1925 3519 1993 Saepe
3552 1925 3690 1980 dum
3722 1925 3854 1994 plus

2148 2027 2324 2080 quam
2357 2026 2592 2065 necesse
2624 2016 2711 2064 est
2761 2027 2928 2066 mens
2969 2012 3262 2078 formidat,
3307 2013 3577 2069 ﬁduciam
3621 2015 3856 2070 sibimet

2147 2103 2270 2170 spei
2322 2100 2603 2154 debilitat.
2663 2104 2819 2170 Saepe
2886 2101 3028 2156 dum
3078 2101 3377 2157 immensis
3437 2103 3855 2172 quaestionibus

2148 2191 2381 2243 animus
2428 2190 2710 2256 tenditur,
2765 2191 3106 2260 perturbata
3139 2191 3281 2247 ﬁdes
3333 2192 3502 2262 quasi
3560 2194 3856 2248 defectura

2148 2280 2439 2350 fatigatur.
2491 2280 2599 2333 Sed
2663 2289 2851 2334 tamen
2913 2280 3111 2335 vivunt
3155 2281 3298 2348 tiliae,
3359 2297 3486 2350 qua:
3513 2281 3685 2336 domo
3716 2297 3854 2338 con-

2148 2386 2319 2425 cussa
2351 2370 2701 2436 moriuntur,
2727 2370 2862 2440 quia
2894 2369 3003 2425 etsi
3029 2370 3179 2426 intra
3200 2371 3639 2438 conscientiam,
3664 2387 3852 2442 spem,

2150 2461 2347 2527 tidem,
2389 2460 2849 2529 charitatemque
2899 2476 3044 2531 pene
3103 2462 3448 2517 occumbere
3493 2463 3852 2533 perturbatio

2147 2549 2244 2621 ipa
2276 2550 2587 2618 renuntiat,
2622 2550 2728 2605 has
2762 2555 2960 2605 tamen
2995 2560 3124 2606 ante
3179 2551 3277 2607 Dei
3309 2552 3507 2608 oculos
3537 2552 3694 2608 vivas
3724 2569 3856 2623 per-

2149 2642 2467 2695 severantia
2514 2648 2678 2694 rectae
2740 2640 3083 2695 intentionis
3141 2647 3350 2698 servat.
3401 2640 3562 2696 Unde
3611 2649 3665 2696 at
3712 2659 3856 2713 puer

2151 2732 2248 2802 qui
2285 2734 2402 2785 haec
2446 2731 2672 2786 nuntiet
2703 2731 2866 2785 solus
2905 2732 3118 2795 evadit,
3155 2734 3293 2802 quia
3324 2733 3540 2789 mentis
3581 2734 3852 2790 discretio

2151 2823 2324 2877 etiam
2378 2824 2528 2877 inter
2568 2827 2929 2876 tentamenta
2966 2822 3282 2878 incolumis
3332 2829 3654 2895 permanet.
3690 2824 3853 2895 Agit-

2154 2928 2414 2984 quepuer
2446 2918 2510 2966 ut
2549 2911 2658 2967 Job
2706 2912 2856 2967 ﬁlios
2899 2913 3089 2968 ﬁendo
3131 2915 3390 2985 recipiat,
3435 2914 3597 2980 dum,
3639 2915 3855 2970 discre-

2152 3003 2309 3058 tione
2364 3002 2690 3067 nuntiante,
2743 3002 2946 3058 dolens
2999 3004 3232 3058 animus
3284 3003 3436 3058 vires
3495 3019 3640 3074 quas
3689 3003 3856 3074 quasi

2159 3095 2427 3148 amittere
2460 3097 2709 3162 caaperat
2764 3093 3095 3163 paenitendo
3128 3097 3445 3148 conservat.
3487 3095 3630 3146 Mira
3661 3097 3858 3147 autem

2159 3184 2264 3239 hoc
2299 3183 2602 3238 nobiscum
2637 3183 3074 3251 dispensatione
3103 3184 3314 3254 agitur,
3350 3190 3409 3237 ut
3461 3197 3626 3238 mens
3658 3185 3861 3237 nostra

2155 3271 2336 3340 culpas
2372 3288 2796 3342 nonnunquam
2832 3272 3157 3342 pulsatione
3185 3272 3441 3327 feriatur.
3476 3270 3616 3326 Nam
3651 3286 3778 3326 esse
3800 3286 3859 3326 se

2155 3379 2498 3428 magnarum
2525 3362 2734 3416 virium
2766 3362 2940 3417 homo
2964 3362 3305 3427 crederet,si
3346 3361 3566 3416 nullum
3593 3376 3857 3430 unquam

2155 3454 2493 3507 earumdem
2528 3451 2735 3506 virium
2763 3452 3048 3506 defectum
3084 3457 3237 3508 intra
3257 3451 3470 3508 mentis
3495 3468 3702 3507 arcana
3723 3467 3858 3505 sen-

2155 3543 2310 3598 tiret.
2343 3545 2446 3596 Sed
2480 3543 2618 3596 dum
2655 3543 2972 3596 lentatione
3003 3542 3258 3598 irruente
3289 3543 3567 3614 quatitur,
3601 3546 3655 3597 et
3688 3540 3858 3612 quasi

2155 3631 2310 3685 ultra
2342 3647 2515 3701 quam
2553 3631 2766 3686 sufﬁcit
2802 3634 3089 3703 fatigatur,
3122 3634 3171 3687 ei
3205 3638 3406 3688 contra
3436 3631 3623 3688 hostis
3646 3631 3736 3687 sui
3768 3630 3857 3684 in-

2154 3722 2336 3777 sidias
2369 3720 2670 3775 munimen
2734 3721 3076 3776 humilitatis
3135 3723 3483 3788 ostenditur,
3517 3727 3573 3777 et
3610 3721 3765 3776 unde
3795 3735 3856 3776 se

2157 3811 2512 3882 pertimescit
2571 3811 2856 3865 enerviter
2921 3811 3143 3876 cadere,
3206 3811 3338 3864 inde
3388 3810 3597 3880 accipit
3635 3811 3857 3864 fortiter

2155 3905 2326 3954 stare.
2361 3899 2644 3953 Tentatus
2665 3903 2878 3964 autem,
2923 3915 3034 3952 non
3071 3899 3258 3952 solum
3293 3899 3442 3954 vires
3474 3915 3507 3952 a
3557 3914 3670 3968 quo
3703 3898 3852 3951 acci-

2156 3989 2270 4060 piat
2301 3989 2492 4056 discit,
2525 3990 2626 4044 sed
2659 3996 2874 4060 quanta
2909 4006 3006 4044 eas
3065 3988 3364 4060 vigilantia
3417 3993 3604 4043 servet
3634 3986 3852 4040 intelli-

2154 4079 2255 4149 git.
2289 4079 2387 4134 70
2418 4079 2578 4148 Saepe
2609 4078 2765 4133 enim
2823 4094 2996 4148 quem
3055 4077 3392 4133 tentationis
3449 4085 3734 4132 certamen
3760 4091 3855 4130 su-

2155 4183 2354 4237 perare
2406 4184 2515 4222 non
2570 4167 2767 4232 valuit,
2827 4185 2930 4222 sua
2987 4167 3244 4222 deterius
3303 4166 3580 4222 securitas
3628 4163 3851 4220 stravit.

2153 4258 2297 4314 Nam
2331 4257 2470 4312 dum
2502 4257 2725 4312 lassum
2761 4273 2821 4312 se
2846 4257 3096 4328 quisque
3140 4258 3196 4311 in
3225 4257 3338 4312 otio
3379 4255 3644 4321 remittit,
3677 4253 3855 4309 disso-

2154 4348 2335 4403 lutam
2377 4353 2628 4402 mentem
2665 4349 2983 4417 corruptori
3035 4346 3376 4417 prostituit;
3430 4351 3490 4401 at
3538 4345 3586 4400 si
3617 4361 3746 4400 eum
3787 4359 3857 4400 ex

2153 4439 2592 4507 dispensatione
2623 4453 2888 4507 supernae
2925 4437 3154 4507 pietatis
3195 4437 3439 4492 tentatio
3473 4453 3586 4490 non
3621 4440 3857 4506 repente

2151 4528 2519 4582 vehementer
2549 4527 2798 4595 irruens,
2841 4528 2936 4580 sed
2973 4531 3290 4598 temperato
3321 4542 3554 4582 accessu
3586 4526 3857 4580 erudiens

2153 4618 2368 4691 pulsat,
2398 4617 2676 4672 nimirum
2709 4617 2777 4672 ad
2815 4617 3061 4673 insidias
3095 4618 3479 4690 providendae
3508 4616 3761 4687 evigilat,
3797 4623 3858 4670 ut

2153 4715 2354 4764 contra
2386 4709 2611 4762 hostem
2645 4725 2706 4764 se
2732 4708 2792 4763 in
2823 4709 3140 4764 certamine
3159 4716 3364 4765 cautus
3389 4707 3670 4777 accingat.
3696 4703 3856 4760 Unde

2155 4804 2208 4855 et
2238 4799 2382 4855 bene
2412 4799 2786 4870 subjungitur
2818 4818 2832 4856 :

2830 4927 3062 4984 CAPUT
3118 4928 3178 4981 L.

2510 5037 2682 5094 Vens.
2714 5038 2805 5091 20.
2833 5068 2899 5077 —-
2936 5039 3078 5092 Tunc
3107 5035 3354 5090 surrexit
3385 5030 3500 5087 Job.

2222 5163 2310 5216 80.
2337 5163 2601 5218 Discretio
2627 5163 3022 5217 tentationibus
3048 5159 3290 5230 proﬁcit.
3323 5186 3391 5196 σ-
3437 5155 3644 5211 Sedere
3673 5153 3853 5222 enim,

2155 5253 2511 5323 quiescentis
2539 5259 2625 5308 est
2659 5266 3022 5320 ;assurgere,
3057 5245 3427 5304 decertantis.
3461 5245 3689 5302 Auditis
3718 5261 3854 5316 ergo

2227 5469 2304 5536 (li)
2338 5466 2528 5534 Antiq.
2566 5465 2752 5530 Reor,
2785 5467 2877 5532 qui
2917 5465 3212 5527 pri-nixum
3264 5478 3478 5536 summa
3509 5461 3852 5524 penetrabat.

2155 5534 2290 5592 Veii.
2317 5538 2463 5591 Edit.
2499 5536 2677 5589 Paris.
2716 5545 2771 5588 et
2807 5537 2974 5589 ltasil.
3011 5553 3139 5589 cum
3179 5534 3571 5605 Barzhol.,qui
3599 5536 3856 5606 pertinax

2152 5628 2387 5666 summa.
2425 5610 2582 5672 Quod
2620 5608 2795 5661 habet
2826 5608 3022 5674 Corb.,
3047 5610 3239 5664 Germ.

2225 5683 2296 5752 (ε)
2327 5683 2517 5761 Antiq.
2572 5680 2800 5761 liberm,
2856 5681 3024 5761 _Corb.
3072 5689 3125 5737 et
3157 5680 3448 5748 nonnulli,
3475 5679 3545 5734 ad
3574 5679 3854 5734 humilita-

2158 5759 2264 5811 tem
2289 5754 2536 5827 prOpriar
2566 5754 2910 5824 coynitionis.
