4086 6166
283 276 400 336 595

1547 272 1815 334 SANCTI
1861 273 2229 338 GREGOBII
2278 276 2528 340 MAGNI

3681 272 3797 331 596

284 404 544 466 adversis
589 416 847 474 surgere,
881 406 969 457 est
1003 402 1253 472 expertis
1285 405 1705 461 tentatinnilius
1740 412 1989 463 mentem
2022 409 2071 474 A
2107 412 2333 482 magnis
2364 410 2588 466 actibus
2642 405 3053 472 cogitationum
3090 402 3360 457 fiduciam
3397 419 3511 458 non
3547 402 3793 458 habere.

287 499 356 554 ad
389 494 711 553 certamina
731 495 1021 549 robustius
1055 511 1276 564 parare.
1303 495 1526 560 Quibus
1560 497 1835 553 nimirum
1865 505 1991 554 ten-

2103 502 2180 556 Eo
2214 502 2338 571 ipso
2371 500 2526 555 enim
2560 514 2671 569 quo
2697 501 2894 551 contra
2923 494 3064 549 vitia
3104 493 3324 547 fortiter
3376 492 3609 557 vivitur,
3643 493 3805 562 cogi-

289 585 611 643 tationibus
643 582 816 639 etiam
850 583 1125 638 discretio
1151 584 1400 654 proficit,
1433 588 1568 653 quia
1603 593 1666 639 ut
1695 587 1940 642 virtutes
1965 604 1997 642 a
2103 590 2390 645 tationum
2453 587 2825 660 praeumptio
2863 586 2922 640 in
2973 585 3142 640 corde
3173 588 3530 655 generatur;
3584 588 3640 637 et
3668 599 3802 639 cum

288 675 445 730 vitiis
479 672 757 728 subtilius
820 672 1165 742 distinguat,
1218 675 1502 742 agnoscit.
1557 674 1719 730 Unde
1767 683 1822 730 et
1852 677 1997 732 bene

291 762 671 835 sttbjungitur
702 778 714 816 :

754 849 982 906 CAPUT
1013 853 1079 904 LI
1110 851 1226 918 [Vel
1250 852 1529 923 XXXVIII].

370 960 512 1015 Isto.
543 989 608 997 ——
641 957 817 1012 Scidit
849 959 1169 1012 vestimenta
1201 974 1320 1012 sua.

365 1069 454 1123 8i.
489 1098 556 1109 —
580 1067 982 1122 Tentationibus
1003 1067 1208 1136 pulsati
1229 1067 1297 1121 ad
1321 1069 1526 1124 luctum
1547 1073 1880 1140 poenitentia
1904 1073 2004 1127 hu-

296 1157 696 1228 militatemque
751 1156 1077 1226 confugiant
1125 1162 1184 1211 ut
1217 1169 1506 1213 sanentur.
1540 1192 1610 1200 -—-
1649 1160 2002 1216 Ventimenta

299 1247 643 1313 scindimus,
677 1261 808 1301 cum
863 1245 1248 1302 discernendo
1299 1255 1500 1303 nostra
1531 1266 1700 1321 opera
1735 1255 2005 1306 retracta-

299 1353 453 1392 mus.
486 1336 547 1390 Si
579 1335 732 1390 enim
763 1336 914 1405 apud
967 1338 1144 1390 Deum
1204 1354 1310 1393 nos
1371 1356 1544 1410 opera
1588 1346 1786 1395 nostra
1836 1339 2004 1412 quasi

298 1427 645 1483 vestimenta
675 1442 789 1481 non
850 1431 1128 1495 tegerent,
1172 1444 1536 1501 nequaquam
1580 1448 1712 1486 voce
1745 1431 2007 1500 angelica

301 1514 591 1571 diceretur
624 1531 636 1567 :
674 1518 874 1568 Beatus
905 1515 1001 1584 qui
1057 1518 1276 1583 vigilat,
1307 1525 1361 1572 et
1407 1519 1638 1574 custodit
1686 1522 2008 1574 vestimenta

299 1621 421 1670 sua,
453 1621 524 1660 ne
553 1603 732 1658 nudus
763 1605 1032 1672 ambulet,
1064 1610 1110 1658 et
1161 1606 1386 1661 videant
1446 1610 1844 1668 turpitudinem
1893 1611 2011 1679 ejus

302 1696 486 1762 (Apoc.
523 1710 636 1760 xvr,
670 1695 778 1757 15).
831 1694 1156 1761 Turpitudo
1207 1698 1362 1750 enim
1415 1703 1614 1752 nostra
1649 1708 1784 1753 tunc
1817 1699 2007 1752 cerni-

2106 695 2270 734 mens
2299 680 2451 735 foras
2472 677 2676 747 culpas
2705 675 2960 731 valenter
2980 672 3247 736 conterit,
3276 671 3620 744 plerumque
3641 673 3801 744 apud

2107 773 2482 840 semetipsum
2543 768 2783 823 latenter
2838 765 3220 831 intumescit;
3263 764 3509 835 jamque
3567 779 3629 819 se
3678 778 3808 820 esse

2107 861 2304 932 magni
2337 859 2588 927 alicuius
2620 856 2812 912 meriti
2844 855 3108 922 aestimat,
3143 870 3248 910 nec
3278 870 3336 909 se
3358 853 3678 925 peccarein
3711 869 3812 909 co-

2107 950 2389 1022 gitatione
2419 965 2538 1003 suae
2553 944 2960 1001 aestimationis
2977 947 3162 1014 putat.
3182 947 3330 999 Ante
3343 942 3592 998 districti
3610 947 3809 998 autem

2100 1040 2321 1112 judicis
2352 1039 2550 1094 oculos
2574 1041 2739 1092 tanto
2772 1035 3029 1090 deterius
3060 1033 3438 1102 delinquitur,
3471 1033 3544 1103 (ε)
3587 1036 3810 1103 quanto

2109 1130 2274 1200 culpa
2308 1131 2396 1183 71
2435 1145 2550 1198 quo
2579 1126 2886 1193 occultius,
2917 1141 2982 1180 eo
3007 1138 3150 1194 pene
3172 1123 3650 1194 incorrigibiliter
3679 1138 3812 1196 per-

2113 1225 2370 1293 petratur
2405 1237 2417 1275 :
2452 1227 2504 1274 et
2543 1223 2703 1272 tanto
2733 1217 2801 1271 ad
2831 1217 3152 1271 vorandum
3201 1213 3380 1270 latius
3439 1219 3596 1285 patet
3629 1215 3811 1281 fovea,

2113 1314 2331 1383 quanto
2363 1310 2434 1363 de
2467 1306 2781 1378 semetipsa
2811 1304 3020 1361 elatius
3051 1304 3340 1375 gloriatur
3359 1303 3495 1359 vita.
3543 1303 3722 1369 Unde,
3748 1308 3817 1360 ut

2113 1416 2265 1469 saepe
2291 1400 2406 1468 jam
2441 1397 2713 1458 diximus,
2749 1395 2842 1465 pia
2872 1393 3194 1450 conditoris
3224 1393 3663 1464 dispensatione
3693 1393 3818 1462 agi-

2113 1493 2228 1556 tur,
2261 1492 2327 1541 ut
2369 1487 2438 1541 de
2469 1501 2530 1541 se
2562 1485 2860 1540 confidens
2909 1483 3126 1549 anima,
3179 1481 3604 1552 dispensatoris
3635 1487 3820 1537 tenta-

2115 1580 2271 1634 tione
2305 1576 2566 1646 pulsetur
2596 1579 2881 1646 quatenus
2912 1571 3224 1638 inﬁrmata,
3259 1570 3400 1640 quid
3430 1571 3509 1625 sit
3539 1570 3819 1639 inveniat,

2117 1672 2174 1723 et
2203 1664 2675 1737 prmsumptionis
2708 1662 2948 1732 propriae
2981 1660 3197 1714 fastum
3218 1662 3486 1730 deponat.
3509 1660 3637 1715 Mox
3658 1662 3813 1716 enim

302 1751 422 1848 tur,
462 1798 592 1836 cum
625 1751 748 1835 lvita'
797 1751 1270 1852 repre'bensibilis
1327 1792 1459 1840 ante
1479 1751 1772 1856 justorum
1813 1751 2012 1842 oculos
2044 1779 2088 1842 Β
2119 1756 2442 1813 “Memmio
2475 1759 2722 1810 mentem
2761 1752 3097 1856 93"”"e'if:
3157 1751 3352 1806 omnis
3401 1751 3821 1856 manu}?an

305 1873 365 1926 in
415 1871 664 1941 judicio,
727 1887 1094 1943 nequaquam
1155 1875 1571 1946 subsequentis
1627 1877 1758 1931 boni
1819 1876 2007 1946 operis

305 1960 558 2033 tegmine
587 1960 833 2014 velatur.
865 1961 975 2015 Sed
1009 1964 1150 2032 quia
1205 1979 1336 2018 cum
1383 1965 1552 2034 culpa
1584 1971 1902 2027 tentamur,
1936 1965 2004 2020 ad

303 2048 556 2104 lamenta
589 2049 962 2104 accendimur
995 2067 1007 2115 ;
1044 2057 1213 2120 atque
1263 2052 1406 2121 ipsis
1451 2053 1721 2108 lamentis
1751 2053 2007 2118 excitati,

306 2140 376 2194 ad
441 2137 898 2208 perspiciendam
950 2138 1137 2193 lucem
1186 2142 1426 2208 justitiae
1490 2143 1763 2198 subtilius
1813 2144 2010 2198 oculos

305 2228 523 2282 mentis
555 2227 873 2296 aperimus,
909 2228 1075 2297 quasi
1107 2227 1164 2282 in
1200 2230 1395 2284 dolore
1425 2231 1764 2286 vestimenta
1791 2231 2013 2287 scindi-

307 2331 456 2377 mus,
489 2315 627 2385 quia
685 2330 752 2368 ex
810 2315 968 2382 ﬂetu,
1036 2318 1384 2373 discretione
1433 2327 1752 2385 crescente,
1803 2326 2012 2375 cuncta

306 2421 436 2476 qua:
470 2403 720 2474 agimus,
769 2404 1091 2460 districtius
1152 2408 1296 2462 irata
1344 2425 1516 2464 manu
1553 2411 1624 2480 (a)
1652 2410 2010 2480 judicamus.

308 2496 466 2550 Tunc
527 2495 716 2549 omnis
771 2499 972 2550 nostra
1029 2495 1201 2552 elatio
1248 2500 1490 2564 corruit,
1535 2503 1674 2555 tunc
1706 2506 1913 2556 cuncta
1940 2500 2012 2556 ab

307 2587 500 2641 animo
531 2585 942 2654 c0gitationum
977 2587 1352 2657 superﬂuitas
1384 2589 1556 2644 cadit.
1593 2589 1757 2646 Unde
1787 2597 1844 2646 et
1874 2590 2015 2646 sub-

308 2676 468 2731 ditur
499 2689 514 2732 :

963 2785 1192 2841 CAPUT
1227 2786 1340 2841 LII.

378 2894 523 2950 IBID.
555 2925 614 2935 —
645 2893 709 2948 Et
741 2901 898 2948 tonso
918 2896 1096 2963 capite
1125 2911 1381 2950 corruens
1410 2896 1466 2949 in
1499 2902 1705 2952 terram
1735 2896 2009 2953 adoravit.

373 3003 462 3055 82.
524 3003 707 3056 Elatia
745 3009 795 3055 et
845 3003 1229 3070 cogitationem
1269 3004 1509 3068 vanitas,
1560 3006 1822 3075 quomodo
1870 3021 2013 3062 rese-

300 3096 513 3146 centur.
532 3120 598 3130 -—
621 3089 766 3144 Nam
800 3090 936 3158 quid
963 3091 1260 3145 moraliter
1275 3109 1374 3162 per
1395 3093 1660 3162 capillos,
1695 3095 1806 3149 nisi
1831 3095 2012 3150 deﬂu-

303 3186 468 3237 entes
501 3178 682 3234 animi
750 3181 1131 3249 cogitationes
1165 3184 1488 3251 accipimus
1510 3183 1536 3236 ‘t
1586 3184 1746 3240 Unde
1777 3190 1834 3238 et
1863 3184 2007 3240 alias

300 3268 565 3325 Ecclesia:
607 3267 821 3322 dicitur
853 3284 864 3320 :
928 3267 1081 3321 Sit-ut
1136 3269 1212 3339 (li)
1264 3269 1397 3324 vitta
1429 3274 1678 3326 coccinea
1711 3273 1859 3327 labia
1890 3278 2008 3344 tua,

299 3375 520 3430 sponsa,
553 3366 603 3412 et
663 3357 940 3427 eloquium
991 3368 1146 3410 tuum
1177 3359 1334 3412 dulce
1367 3359 1550 3429 (Cant.
1608 3378 1681 3429 tv,
1732 3364 1808 3433 3).
1853 3363 2012 3420 Vitta

303 3447 522 3519 quippe
574 3448 763 3502 crines
815 3447 1019 3515 capitis
1065 3451 1352 3517 astringit.
1385 3451 1560 3505 Labia
1592 3468 1728 3523 ergo
1784 3470 2012 3524 sponsae

305 3536 461 3593 sicut
493 3535 634 3590 vitta
661 3541 824 3602 sunt,
855 3537 987 3606 quia
1038 3537 1432 3594 exhortatione
1477 3555 1690 3595 sanctis
1725 3542 2009 3613 Ecclesia,

306 3631 528 3685 cunctae
561 3627 618 3680 in
644 3627 976 3680 auditorum
1012 3627 1310 3682 mentibus
1361 3628 1586 3684 diffusa:
1632 3631 2010 3701 cogitationes

305 3717 571 3787 ligantur
606 3733 620 3780 ;
654 3731 725 3770 ne
758 3716 1016 3770 remissae
1076 3716 1350 3786 deﬂuant,
1413 3735 1484 3774 ne
1513 3735 1640 3774 sese
1672 3737 1771 3790 per
1812 3722 2010 3780 illicita

307 3812 611 3879 spargant,
631 3822 699 3861 ne
712 3823 928 3876 sparsae
942 3807 1129 3861 cordis
1144 3807 1341 3862 oculos
1355 3810 1684 3878 deprimant
1699 3828 1711 3878 ;
1729 3815 1824 3867 sed
1842 3814 2009 3884 quasi

294 3901 376 3952 .ad
414 3913 592 3951 unam
625 3913 686 3951 se
718 3898 1097 3952 intentionem
1122 3897 1574 3969 colligant,dum
1600 3901 1738 3956 vitta
1767 3919 1860 3958 eas
1884 3921 2008 3960 san-

307 3991 412 4043 ctae
446 3986 875 4056 praedicationis
922 3987 1084 4056 ligat.
1146 3989 1328 4052 Quam
1384 3999 1530 4044 recte
1577 3997 1633 4046 et
1680 3993 2008 4048 coccineam

305 4075 563 4137 asserit;
596 4077 729 4146 quia
784 4085 1117 4130 sanctorum
1174 4078 1503 4147 praedicatio
1555 4081 1677 4135 solo
1709 4082 2008 4138 charitatis

305 4167 476 4222 adore
533 4165 902 4220 ﬂammescit.
967 4166 1114 4228 Quid
1156 4183 1287 4221 vero
1343 4183 1445 4238 per
1493 4175 1685 4239 caput,
1747 4171 1858 4226 nisi
1918 4189 2005 4241 ea,

309 4272 435 4326 quae
465 4255 786 4326 principale
816 4256 1279 4327 uniuscujusque
1297 4258 1542 4312 actionis
1561 4264 1666 4326 est,
1692 4277 1857 4317 mens
1879 4262 2010 4335 ipsa

309 4346 573 4412 signatur
603 4345 629 4397 ?
659 4344 822 4400 Unde
853 4351 907 4400 et
930 4346 1075 4402 alias
1107 4346 1320 4402 dicitur
1353 4365 1364 4403 :
1405 4353 1466 4404 Et
1518 4351 1695 4405 oleum
1737 4351 1803 4407 de
1831 4356 2010 4424 capite

312 4440 404 4485 tuo
464 4446 572 4485 non
642 4432 858 4501 deﬁciat
913 4436 1135 4502 (Eccles.
1181 4453 1257 4505 1x,
1304 4438 1380 4508 8).
1415 4438 1618 4495 Oleum
1675 4443 1892 4514 quippe
1948 4444 2007 4500 in

315 4521 520 4592 capite,
575 4526 663 4576 est
713 4523 967 4578 cbaritas
1013 4526 1069 4578 in
1126 4534 1318 4584 mente
1351 4547 1365 4597 ;
1399 4535 1456 4584 et
1485 4549 1516 4585 a
1574 4532 1760 4602 capite
1818 4534 2015 4590 deficit
2047 4515 2090 4580 D

316 4611 533 4679 oleum,
565 4627 697 4667 cum
743 4612 996 4668 cbaritas
1027 4631 1059 4669 a
1112 4624 1305 4672 mente
1338 4619 1597 4676 discedit.
1649 4623 1831 4694 Caput
1878 4641 2012 4697 ergo

317 4699 631 4756 detondere
661 4708 747 4755 est
775 4702 1157 4770 cogitationes
1190 4709 1516 4777 superﬂuas
1571 4729 1602 4766 a
1635 4719 1828 4769 mente
1861 4731 2020 4772 rese-

319 4806 468 4847 care.
503 4790 572 4845 Et
601 4789 845 4846 detonso
873 4791 1059 4859 capite
1087 4793 1143 4847 in
1172 4802 1376 4851 terram
1410 4802 1645 4868 corruit,
1667 4804 1763 4872 qui
1787 4820 2021 4875 repres~

318 4879 401 4937 sis
435 4878 910 4951 praesumptionis
926 4896 1042 4934 suae
1057 4882 1522 4956 cogitationibus,
1541 4906 1715 4960 quam
1742 4891 1798 4946 in
1816 4899 2022 4949 semet-

315 4972 443 5044 ipso
475 4971 739 5028 infirmus
770 4972 846 5027 sit
880 4971 1182 5029 humiliter
1213 4978 1495 5046 agnoscit.

387 5061 519 5129 [νει.
569 5061 809 5130 XXXIX]
868 5062 955 5117 83.
1026 5064 1266 5134 Difficile
1340 5084 1539 5139 magna
1595 5087 1774 5142 agere,
1841 5081 1893 5128 et
1951 5076 2022 5132 de

317 5153 452 5206 actis
507 5153 764 5221 ﬁduciam
823 5169 930 5209 non
1019 5155 1232 5213 habere.
1324 5158 1570 5216 Difficile
1631 5178 1883 5233 namque
1934 5169 2023 5221 est

323 5252 536 5308 magna
569 5258 758 5311 agere,
818 5249 875 5298 et
927 5247 1081 5315 apud
1143 5247 1517 5318 semetipsum
1581 5252 1909 5324 quempiam
1953 5255 2022 5311 de

393 5415 470 5500 la?
503 5415 638 5500 ltiss.
677 5421 864 5500 Norm.
902 5425 1248 5500 etplurinti,
1285 5430 1654 5485 vindicamus.

419 5485 471 5554 b)
503 5487 563 5540 In
599 5491 892 5555 nounulis,
925 5485 1059 5549 sicut
1097 5485 1246 5553 vitiat
1269 5507 1413 5554 sunt.

416 5558 480 5647 cf
501 5557 978 5647 lta_restituimus
1004 5582 1068 5619 cx
1089 5571 1235 5647 Mss.
1267 5572 1438 5647 Prius
1463 5574 1788 5645 legebatur:
1812 5585 2019 5646 quanto

322 5629 484 5700 culpa
514 5629 806 5710 occultius,
839 5637 892 5685 et
922 5648 1057 5715 pene
1076 5629 1550 5710 z'ncorrigibiliteii
1575 5629 1945 5718 perpetuitas.

394 5699 474 5772 (ά)
508 5700 681 5765 Editt,
706 5717 764 5754 in
788 5706 1083 5760 tentatione
1116 5710 1276 5763 videt.
1324 5717 1456 5772 Mss.
1492 5719 1811 5786 sequimur.

2040 3140 2083 3210 α

2120 1857 2441 1903 nostrarum
2479 1843 2856 1916 presumptio
2890 1841 3289 1911 tumultusque
3321 1840 3700 1910 conquiescit.

2189 1937 2278 1991 84.
2329 1935 2470 1990 Mens
2527 1935 2676 1988 elata
2711 1934 2770 1986 in
2829 1931 3190 2002 tyrannidem
3246 1931 3824 2000 erumpit;satellites

2118 2027 2234 2096 eius
2293 2025 2585 2082 tentalione
2621 2025 2912 2091 fugantur.
2950 2051 3018 2060 ——
3047 2019 3211 2075 Mens
3269 2019 3422 2074 enim
3465 2035 3598 2076 cum
3649 2036 3710 2075 se
3760 2019 3820 2076 in

2119 2115 2367 2172 elatione
2397 2113 2583 2184 erigit,
2619 2111 2788 2182 quasi
2822 2110 2879 2164 in
2920 2109 3285 2181 tyrannidem
3319 2109 3601 2180 erumpit.
3641 2108 3828 2165 Habet

2119 2209 2312 2259 autem
2347 2202 2669 2275 tyrannidis
2697 2217 2814 2255 suae
2848 2199 3148 2266 satellites,
3177 2199 3432 2255 faventes
3458 2198 3689 2255 sibimet
3717 2215 3825 2254 co-

2121 2295 2429 2366 gitationes
2462 2309 2622 2348 suas.
2655 2291 2763 2346 Sed
2799 2291 2845 2345 si
2869 2305 3046 2360 super
3071 2294 3386 2358 tyrannum
3411 2288 3590 2344 hostis
3614 2288 3826 2355 irruat,

2122 2383 2279 2438 favor
2300 2398 2432 2436 mox
2455 2380 2778 2436 satellitum
2817 2384 3024 2433 cessat.
3043 2381 3306 2433 latrante
3339 2393 3593 2448 namque
3623 2378 3830 2433 adver-

2123 2471 2295 2536 sario,
2328 2469 2610 2525 satellites
2671 2467 2922 2539 fugiunt,
2971 2482 3217 2536 eumque
3278 2466 3463 2522 territi
3508 2465 3828 2530 declinant,

2123 2575 2293 2630 quem
2327 2559 2385 2613 in
2419 2573 2557 2629 pace
2607 2557 2780 2627 positi
2839 2556 3046 2611 callida
3097 2555 3435 2610 adulatione
3484 2554 3828 2611 laudabant.

2123 2648 2434 2704 Subductis
2453 2663 2589 2702 vero
2611 2644 3130 2712 satellitibus,ante
3164 2645 3390 2700 hostem
3439 2645 3603 2700 solus
3641 2660 3828 2700 rema-

2124 2742 2244 2804 net,
2277 2738 2411 2808 quia
2440 2737 2837 2792 recedentibus
2887 2733 3054 2789 elatis
3084 2733 3557 2806 cogitationibus,
3602 2737 3835 2805 pertur-

2121 2827 2294 2881 batus
2315 2827 2547 2880 animus
2579 2840 2640 2879 se
2663 2822 3038 2879 solummodo
3067 2822 3153 2893 (d)
3173 2826 3231 2878 et
3250 2821 3632 2878 tentationem
3650 2821 3826 2877 videt.

2122 2915 2353 2970 Auditis
2382 2930 2517 2986 ergo
2549 2913 2803 2970 adversis
2835 2917 3010 2984 caput
3039 2912 3406 2979 detondetur,
3447 2927 3580 2966 cum
3632 2916 3832 2966 tenta-

2125 3006 2383 3062 tionibus
2415 3005 2789 3060 vehementer
2847 3002 3221 3071 irruentibus,
3275 3019 3307 3058 a
3356 2999 3831 3074 prmsumptionis

2123 3113 2246 3152 sua:
2301 3093 2754 3165 cogitationibus
2815 3109 2979 3148 mens
3037 3093 3310 3148 nudatur.
3353 3091 3501 3157 Quid
3556 3095 3642 3145 est
3666 3089 3832 3144 enim

2121 3186 2273 3257 quod
2337 3183 2589 3239 Nazareni
2649 3182 2890 3252 capillos
2947 3182 3213 3237 nutriunt
3265 3181 3455 3252 (Num.
3484 3196 3562 3247 vt,
3590 3180 3667 3249 5),
3709 3176 3829 3233 nisi

2121 3274 2276 3346 quod
2313 3289 2412 3344 per
2441 3272 2616 3326 vitam
2652 3287 2874 3342 magnis
2907 3271 3276 3326 continentiae
3299 3268 3826 3342 presumptionum

2122 3363 2501 3434 cogitationes
2533 3361 2848 3417 crescunt?
2880 3361 2987 3417 Sed
3023 3361 3164 3431 quid
3196 3369 3280 3416 est
3313 3360 3493 3431 quod,
3525 3358 3828 3415 devotione

2121 3451 2425 3523 completa,
2461 3456 2636 3522 caput
2664 3450 2970 3506 Nazaraaus
3003 3449 3202 3505 radere
3221 3449 3583 3521 capillosque
3606 3449 3665 3503 in
3693 3447 3826 3520 igne

2121 3541 2392 3598 sacrificii
2455 3557 2666 3612 ponere
2718 3542 2987 3612 jubetur,
3039 3541 3151 3596 nisi
3190 3540 3344 3611 quod
3403 3543 3544 3594 tunc
3586 3538 3659 3592 ad
3693 3553 3828 3609 per-

2123 3635 2387 3690 fectionis
2419 3648 2710 3689 summam
2771 3630 3183 3704 pertingimus,
3241 3646 3380 3686 cum
3414 3630 3497 3686 sic
3538 3628 3828 3684 exteriora

2118 3724 2259 3779 vitia
2321 3723 2628 3792 vincimus,
2677 3726 2740 3776 ut
2770 3721 2945 3776 etiam
3002 3720 3378 3789 cogitationes
3428 3717 3758 3791 superﬂuas
3791 3734 3825 3772 a

2122 3819 2316 3869 mente
2349 3828 2680 3868 resccemus
2710 3811 2908 3874 ‘lQuas
2940 3809 3217 3865 nimirum
3241 3807 3513 3865 sacrificii
3541 3809 3674 3880 igne
3696 3823 3832 3862 con-

2119 3920 2398 3969 cremare,
2460 3907 2546 3958 est
2587 3902 2821 3957 ﬂamma
2868 3918 2964 3956 eas
2994 3900 3176 3955 divini
3233 3899 3443 3956 amoris
3490 3898 3826 3965 incendere,

2122 4000 2183 4049 ut
2212 3999 2398 4048 totum
2433 4009 2531 4047 cor
2588 3992 2648 4047 in
2697 3992 2794 4047 Dei
2829 4007 3023 4047 amore
3064 3990 3286 4058 ardeat,
3349 3991 3400 4045 ei
3437 3989 3822 4062 cogitationes

2119 4083 2444 4154 superﬂuas
2471 4097 2870 4149 concremans,
2925 4081 3093 4152 quasi
3150 4079 3402 4137 Nazarei
3459 4079 3700 4151 capillos
3732 4081 3830 4136 de-

2118 4173 2368 4230 votionis
2401 4173 2751 4244 perfectione
2796 4175 3126 4228 consumat.
3187 4173 3323 4243 [Vet.
3360 4171 3487 4242 XL]
3521 4172 3586 4226 Et
3609 4177 3825 4227 notan-

2119 4265 2259 4320 dum
2292 4264 2441 4332 quod
2475 4263 2531 4315 in
2575 4266 2788 4317 terram
2847 4277 3126 4317 corruens
3192 4262 3475 4317 adoravit.
3538 4261 3638 4318 Ille
3667 4261 3826 4317 enim

2121 4369 2309 4409 veram
2336 4358 2448 4408 Deo
2479 4354 2552 4423 (e)
2580 4352 2974 4408 adorationem
3034 4351 3266 4408 exhibet
3299 4353 3400 4423 qui
3433 4351 3828 4420 semetipsum,

2121 4443 2258 4514 quia
2291 4442 2477 4512 pulvis
2501 4442 2595 4507 sit,
2632 4442 2931 4498 humiliter
2955 4443 3129 4507 videt,
3158 4443 3258 4513 qui
3284 4442 3429 4497 nihil
3454 4442 3568 4497 sibi
3593 4440 3836 4497 virtutis

2126 4531 2348 4598 tribuit,
2381 4532 2477 4602 qui
2513 4536 2662 4587 bona
2695 4548 2819 4603 quae
2853 4534 2966 4601 agit
2995 4549 3121 4588 esse
3153 4533 3223 4587 de
3256 4533 3656 4588 misericordia
3687 4548 3832 4588 con-

2127 4623 2332 4679 ditoris
2363 4622 2639 4693 agnoscit.
2685 4621 2848 4677 Unde
2877 4627 2933 4678 et
2953 4628 3349 4694 competenter
3377 4621 3554 4678 dicit:

2801 4747 3027 4804 CAPUT
3074 4748 3212 4805 LIII.

2200 4867 2372 4923 Vaas.
2403 4869 2490 4922 ‘21.
2525 4898 2594 4908 ——
2641 4867 2824 4923 Nudus
2864 4884 3107 4938 egressus
3172 4884 3296 4924 sum
3351 4866 3416 4923 de
3453 4871 3609 4924 utero
3640 4867 3840 4925 matris

2131 4973 2264 5012 meae
2295 4973 2312 5011 :
2346 4957 2524 5014 nudus
2547 4962 2790 5013 revertar
2815 4958 2969 5014 illuc.

2201 5075 2289 5128 85.
2326 5075 2432 5144 Qui
2460 5090 2514 5131 se
2542 5092 2573 5130 a
2635 5076 2924 5132 virtutibus
2965 5075 3175 5131 nudum
3220 5078 3400 5146 putat,
3455 5076 3581 5146 ipsa
3638 5074 3841 5132 melius

2130 5163 2444 5220 humilitate
2474 5169 2719 5221 vestitur.
2754 5196 2824 5206 —
2852 5168 2931 5220 Ac
2961 5166 3011 5220 si
3042 5170 3304 5221 tentatus
3323 5167 3560 5221 animus
3590 5169 3648 5220 et
3680 5163 3746 5234 (f)
3779 5164 3838 5219 in

2130 5252 2484 5310 infirmitatis
2515 5271 2630 5312 sum
2665 5255 2860 5327 inopia
2909 5256 3308 5326 deprehensus
3368 5255 3521 5310 dicat
3550 5271 3562 5308 :
3596 5256 3837 5309 Nudum

2195 5437 2262 5505 (e)
2287 5437 2490 5506 Corb.,
2521 5438 2735 5506 Gertn.,
2771 5453 2899 5492 cum
2928 5437 3245 5502 nonnullis,
3280 5437 3677 5492 adorationem.
3713 5438 3824 5491 Va-

2133 5510 2282 5564 riant
2313 5509 2540 5563 Etrusi.
2578 5509 2725 5563 Edit.
2780 5509 2959 5563 Paris.
3029 5511 3159 5563 1495
3222 5509 3399 5564 habet
3428 5509 3850 5574 adorationem,

2130 5579 2319 5652 Basil.
2363 5581 2518 5646 1514,
2577 5581 2896 5636 oralionem.
2959 5580 3115 5649 C00,,
3169 5579 3302 5647 Gil.,
3373 5580 3585 5645 Vatic.,
3639 5581 3847 5652 Guss.,

2131 5652 2280 5708 hanc
2308 5649 2438 5707 lect.
2474 5658 2800 5708 servarunt.

2202 5723 2267 5794 (ί)
2301 5722 2350 5780 1.
2385 5723 2547 5796 Reg.,
2570 5730 2623 5781 et
2661 5724 3006 5794 inﬁrmitatis
3034 5737 3154 5784 suae
3182 5723 3371 5797 inopia
3393 5723 3704 5794 depressus.
