4086 6166
341 255 466 316 597

1314 267 1731 337 MORALIUM
1778 277 1927 340 LIB.
1975 280 2053 345 II.
2097 315 2174 334 -
2220 288 2299 351 IN
2343 291 2510 354 CAP.
2555 294 2579 355 Ι
2628 296 2694 356 Β.
2742 295 2905 358 JOB.

3744 308 3863 369 598

343 402 441 489 tne
468 386 529 443 in
562 386 897 507 ﬁde‘phrimtl!
916 393 1103 507 gratia
1133 398 1357 507 genp‘it‘,
1386 404 1609 461 nudum
1643 409 1846 466 eadem
1869 413 2051 507 gratia
2086 419 2137 485 Α
2170 436 2255 479 ros
2274 424 2474 496 (Amos.
2507 444 2607 494 vu,
2660 429 2768 500 14).
2823 430 3120 496 Quomodo
3169 436 3364 487 autem
3418 433 3696 507 prapheta
3746 455 3865 498 non

337 476 403 533 in
435 494 575 533 assu
588 480 846 572 mptione
866 480 944 572 (η)
967 483 1233 542 salvabit.
1252 489 1354 545 Est
1370 507 1623 565 namque
1646 476 1918 572 magnum
1932 506 2053 561 ani-

337 568 427 622 mi
458 568 678 623 turbati
712 568 1003 641 solatium,
1039 583 1101 629 ut
1133 578 1393 647 pulsatus
1426 584 1598 655 vitiis,
1623 568 1771 644 cum.
1791 609 1852 647 se
1884 596 2050 665 quasi

334 657 555 713 nudari
583 658 896 716 virtutibus
946 667 1255 734 conspicit,
1288 671 1360 725 ad
1403 673 1588 730 solam
1643 657 2049 740 miseriae-rdiis

334 764 512 820 spem
545 756 800 806 recurrat
829 768 844 819 ;
872 756 929 807 et
976 770 1043 810 eo
1075 772 1137 811 se
1170 761 1377 816 nudari
1423 781 1538 821 non
1571 768 1745 835 sinat,
1780 789 1895 845 quo
1928 792 1987 831 se
2016 794 2049 833 a

335 838 658 895 virtutibus
693 839 990 898 humiliter
1024 846 1247 903 nudum
1281 856 1447 921 putat
1482 870 1495 907 :
1529 857 1627 926 qui
1660 861 1768 915 etsi
1797 838 2047 921 tortasse

338 926 541 998 aliqua
592 930 803 985 virtute
840 929 899 987 in
942 937 1261 993 tentatione
1292 940 1603 1014 detegitur,
1652 948 2052 1011 inﬁrmitatem

334 1020 540 1073 tamen
575 1022 868 1089 propriam
917 1039 1263 1097 agnoscens,
1299 1030 1426 1101 ipsa
1459 1036 1663 1092 melius
1719 1040 2055 1101 humilitate

337 1106 591 1163 vestitur
617 1123 631 1175 ;
666 1114 721 1164 et
751 1110 917 1166 valde
940 1115 1236 1172 robustius
1259 1135 1433 1189 quam
1457 1128 1889 1200 steteratjacet,
1917 1150 2053 1189 cum

338 1195 457 1289 sibi
490 1198 619 1252 sine
650 1198 847 1254 divino
877 1203 1165 1272 adjutorio
1187 1215 1378 1265 cessat
1400 1212 1655 1271 tribuere
1679 1195 1825 1289 quod
1863 1195 2055 1282 habet.

338 1283 511 1342 Unde
541 1291 601 1343 et
630 1304 870 1345 manum
923 1308 1056 1348 mox
1084 1293 1375 1368 largitoris
1406 1305 1463 1357 et
1502 1283 1723 1374 judicis
1754 1309 2057 1370 humiliter

342 1378 633 1449 agnoscit,
666 1378 867 1436 dicens
901 1398 916 1437 :

989 1473 1220 1532 CAPUT
1260 1480 1399 1537 LIV.

425 1556 567 1613 leto.
589 1587 660 1597 —
680 1558 944 1616 Dominus
970 1561 1140 1632 dedit,
1177 1568 1435 1626 Dominus
1465 1574 1718 1632 abstulit.

422 1646 514 1702 86.
550 1646 865 1703 Tentatione
900 1652 1107 1708 eruditi
1154 1660 1463 1716 crescimus.
1496 1694 1565 1705 —
1597 1666 1739 1722 Ecce
1790 1670 2060 1727 tentatio-

354 1733 533 1790 nibus
563 1738 829 1835 eruditus
861 1743 1059 1804 crevit,
1095 1747 1194 1813 qui
1229 1754 1286 1803 et
1314 1749 1371 1804 in
1414 1753 1626 1812 virtute
1655 1757 1853 1815 habita
1881 1760 2047 1835 largi-

350 1826 533 1878 tatem
566 1825 783 1922 dantis,
843 1828 990 1883 etin
1047 1837 1482 1901 perturbatione
1532 1843 1915 1916 fortitudinis,
1969 1825 2065 1922 po-

348 1915 627 1966 testatem
664 1912 915 1970 tollentis
944 1920 1222 1989 agnoscit.
1257 1926 1392 1989 Quae
1416 1934 1608 1985 tamen
1644 1912 1920 1993 fortitudo
1944 1912 2060 1995 non

349 2000 597 2071 tollitur,
630 2005 731 2059 sed
758 2008 1090 2074 perturbata
1115 2014 1390 2086 fatigatur
1415 2035 1428 2085 ;
1462 2028 1752 2091 quatenus
1779 2043 2062 2085 concussa

346 2106 542 2156 mens,
576 2096 714 2148 dum
748 2111 811 2150 se
843 2095 990 2153 hanc
1014 2100 1378 2175 jamjamque
1405 2111 1572 2178 quasi
1595 2115 1861 2172 amittere
1884 2118 2061 2190 trepi-

345 2183 468 2250 dat,
500 2198 735 2256 semper
765 2188 915 2243 facta
939 2190 1181 2248 humilis
1205 2212 1505 2268 nunquam
1539 2203 1761 2274 perdat.

1010 2298 1252 2355 CAPUT
1293 2303 1403 2359 LV.

430 2381 670 2470 Ιειυκη
695 2380 844 2437 Sicut
871 2384 1096 2442 Domino
1135 2392 1370 2461 placuit,
1395 2394 1479 2451 ita
1495 2400 1703 2470 factum
1735 2413 1838 2470 est,
1870 2404 1941 2461 sit
1963 2422 2059 2462 no-

348 2485 480 2525 men
514 2469 617 2526 12
658 2474 884 2529 Domini
921 2477 1281 2539 benedictum.

421 2561 512 2616 87.
552 2563 766 2654 Tentata
797 2567 927 2637 quid
959 2571 1254 2637 agendum.
1290 2606 1357 2618 --
1382 2578 1444 2633 In
1479 2580 1605 2649 hoc,
1639 2588 1792 2654 quod
1828 2581 2060 2645 interna

346 2652 790 2720 perturbatione
822 2660 1205 2725 concutimur,
1232 2664 1473 2735 dignum
1497 2676 1586 2725 est
1613 2652 1676 2726 ut
1707 2676 1775 2729 ad
1802 2678 2059 2734 condito-

345 2740 434 2795 ris
465 2741 748 2808 judicium
783 2760 1187 2817 recurramus;
1224 2760 1282 2807 ut
1315 2756 1446 2811 inde
1476 2776 1574 2815 cor
1598 2768 1861 2821 nostrum
1899 2770 2058 2839 adju-

342 2832 460 2886 tori
512 2848 619 2888 suo
671 2835 918 2905 majores
964 2837 1166 2897 laudes
1217 2844 1504 2916 exhibeat,
1558 2852 1711 2909 unde
1760 2832 2053 2926 pulsatum

343 2920 543 2977 verius
589 2922 1050 2985 imbecillitatem
1099 2947 1215 2987 suis
1255 2934 1615 2996 inﬁrmitatis
1645 2920 1871 3014 pensat.
1904 2949 2057 3007 Bene

343 3016 547 3066 autem
579 3012 797 3068 dicitur
828 3032 843 3069 :

993 3108 1229 3166 CAPUT
1270 3112 1412 3170 LVI.

418 3188 594 3247 Vens.
627 3192 719 3246 22.
756 3224 826 3234 —
855 3194 917 3250 In
960 3198 1214 3257 omnibus
1241 3201 1327 3258 his
1370 3221 1478 3261 non
1529 3214 1774 3280 peccavit
1819 3217 1914 3273 Job
1958 3236 2057 3275 nec

343 3281 583 3336 stultum
610 3282 841 3355 aliquid
867 3297 1063 3342 contra
1090 3290 1260 3346 Deum
1290 3293 1501 3353 locutus
1530 3305 1625 3357 est.

419 3371 512 3427 88.
556 3373 629 3428 De
676 3378 978 3433 tentalione
1018 3396 1128 3435 non
1176 3394 1502 3445 murmurat.
1551 3422 1619 3433 -—
1668 3396 1810 3461 Quia
1856 3400 2057 3458 solerti

350 3475 497 3516 cura
516 3464 800 3520 custodire
831 3465 1032 3525 dolens
1062 3472 1294 3530 animus
1325 3477 1517 3543 debet,
1542 3498 1615 3537 ne
1647 3500 1780 3539 cum
1814 3490 2053 3547 seintus

350 3551 590 3606 tentatio
620 3554 906 3625 stimulat,
938 3557 997 3612 in
1052 3561 1242 3618 verbis
1277 3565 1431 3623 foras
1479 3569 1691 3627 illicitae
1741 3574 2052 3637 locutionis

346 3650 636 3719 erumpat,
677 3660 750 3699 ne
780 3645 851 3699 de
900 3648 1236 3716 probatione
1286 3665 1634 3727 murmuret,
1667 3668 1725 3717 et
1771 3664 1921 3737 ignis
1951 3672 2051 3741 qui

342 3729 507 3786 hunc
532 3731 688 3789 velut
730 3750 935 3792 aurum
969 3750 1323 3815 concremet,
1358 3763 1459 3816 per
1496 3729 2051 3816 excessumwseruio-

338 3820 436 3875 nis
469 3819 651 3877 illiciti
682 3823 740 3877 in
776 3825 953 3895 paleae
978 3829 1226 3887 favillam
1269 3841 1477 3892 vertat.

417 3909 555 3981 [νει.
632 3913 761 3980 XLI,
847 3918 966 3973 Rec.
1047 3920 1298 3994 XXVIII.]
1370 3927 1461 3982 89.
1546 3932 1697 3989 Dona
1770 3937 1867 3993 Dei
1936 3942 2048 3996 ali-

339 4000 560 4070 quando
590 4002 815 4058 utiliter
852 4006 1271 4070 subtrahuntur.
1304 4016 1613 4086 Prop/tatis:
1643 4024 1880 4095 Spiritus
1916 4047 2046 4099 pro-

336 4090 527 4162 phetis
554 4108 664 4147 non
694 4094 845 4150 adest
881 4112 1112 4169 semper.
1158 4133 1225 4145 —--
1266 4104 1419 4162 Nihil
1451 4126 1583 4167 vero
1617 4090 1802 4172 obstat
1846 4120 1893 4174 si
1916 4090 2048 4177 'hoc

340 4183 496 4271 quod
528 4182 599 4271 de
626 4182 940 4253 virtutibus
969 4189 1248 4261 diximus,
1278 4194 1348 4250 de
1370 4197 1460 4253 his
1485 4216 1613 4271 qua:
1636 4204 1692 4260 in
1718 4208 2048 4267 ostensione

337 4268 577 4326 virtutis
606 4273 816 4328 dantur
847 4275 1016 4332 donis
1046 4281 1235 4336 sancti
1266 4268 1518 4354 Spiritus
1560 4294 1902 4353 sentiamus.
1937 4300 2047 4355 Alii

338 4375 605 4431 namque
625 4363 955 4435 prophetia,
982 4368 1076 4423 alii
1093 4386 1301 4439 genera
1316 4374 1672 4450 linguarum,
1693 4386 1787 4443 alii
1806 4388 2047 4446 virtutes

339 4449 709 4506 curationum
734 4453 965 4511 dantur.
993 4457 1103 4513 Sed
1131 4460 1268 4531 quia
1291 4464 1411 4521 hac
1438 4468 1563 4540 ipsa
1586 4472 1737 4529 dona
1764 4492 1875 4532 non
1900 4496 2049 4535 sem-

336 4987 523 5044 tudine
554 4996 652 5057 est,
685 4998 736 5045 et
781 4992 1049 5051 Dominus
1084 4999 1280 5055 celavit
1309 5019 1341 5057 a
1370 5021 1457 5061 me
1502 4987 1727 5066 verbum
1767 5014 1857 5086 (IV
1917 5018 2042 5087 Reg.

339 5078 396 5144 4,
428 5080 503 5178 2).
546 5080 606 5178 Si
654 5083 968 5178 prophetiae
1012 5090 1258 5159 spiritus
1310 5099 1610 5170 prophetis
1658 5078 1890 5178 semper
1939 5078 2045 5166 ad-

335 5176 513 5237 esset,
563 5171 882 5242 inquisitus
913 5180 1085 5234 Amos
1133 5182 1417 5253 propheta
1466 5206 1579 5245 non
1613 5171 1878 5253 diceret:
1930 5200 2047 5254 Non

332 5273 455 5358 sum
518 5261 810 5358 propheta,
873 5266 969 5320 ubi
1030 5271 1085 5323 et
1133 5272 1428 5333 subdidit:
1490 5284 1671 5351 Neque
1720 5284 1870 5353 ﬁlius
1914 5304 2047 5358 pro-

323 5349 551 5422 phetae,-
582 5352 673 5407 sed
707 5360 1085 5414 armentarius
1115 5361 1190 5432 (b)
1212 5378 1307 5433 ego
1337 5382 1479 5439 sum,
1514 5349 1779 5431 vellicans
1808 5349 2047 5449 sycomo-

409 5516 488 5588 (a)
510 5516 578 5571 In
599 5517 914 5588 nonnullis
941 5523 1099 5588 Cod.,
1130 5527 1384 5587 salvavit.

403 5587 486 5733 (ὑὲ
517 5587 688 5644 Prius
717 5589 1015 5662 legebatur
1043 5599 1100 5652 in
1133 5599 1258 5667 Ed.,
1282 5608 1655 5665 armentarius
1674 5627 1828 5680 puer.

404 5663 462 5728 (c
516 5662 642 5733 v9;
661 5675 895 5733 semper,
920 5683 1045 5733 qua
1068 5669 1128 5725 in
1146 5672 1315 5730 editis
1338 5675 1429 5733 hic
1446 5679 1828 5733 interponitur

404 5662 481 5733 (c)
516 5662 642 5716 Vox
661 5675 895 5793 sua",
920 5683 1045 5739 qua
1068 5669 1128 5725 in
1146 5662 1315 5730 editis
1338 5675 1429 5733 hic
1446 5662 1856 5754 interpohi't'ur,
1879 5686 2043 5745 abest

404 5746 471 5790 ro
501 5747 539 5791 a
566 5730 707 5791 M88.
820 5736 934 5793 rb..
972 5738 1164 5793 Germ.
1199 5748 1256 5793 et
1286 5745 1446 5793 Βραη
1481 5751 1603 5793 vim:
1632 5760 1714 5793 aut
1752 5757 2012 5793 οΑΑίιςιει.

330 5730 471 5790 vero
501 5747 539 5791 a
566 5730 707 5791 Mss.
742 5730 953 5809 Corb.,'
972 5738 1164 5799 Germ.
1199 5748 1256 5801 et
1285 5730 1449 5819 Regi,

1481 5751 1617 5810 visa'
1632 5760 1721 5811 est
1750 5751 2037 5832 addititia,

2164 513 2291 578 fuit,
2325 516 2420 585 qui
2446 517 2515 572 de
2548 518 2755 572 futuris
2786 524 2872 574 tot
2916 536 3050 576 vera
3084 520 3393 586 prasdixit?
3420 526 3534 579 Aut
3575 532 3866 596 quomodo

2162 604 2439 674 propheta
2478 608 2605 673 fuit,
2639 607 2686 661 si
2720 609 2789 662 de
2821 625 2882 664 se
2925 609 2983 664 in
3018 611 3287 681 praesenti
3340 629 3473 669 vera
3522 615 3870 689 denegavit?

2161 692 2268 748 Sed
2312 695 2448 765 quia
2478 698 2677 752 eadem
2713 698 2854 754 hora
2904 716 3017 770 qua
3048 702 3371 773 requisitas
3415 709 3504 760 est
3552 707 3867 778 prophetia

2163 783 2275 839 sibi
2299 784 2565 854 spiritum
2590 787 2791 843 deesse
2816 789 3020 857 sensit,
3045 791 3112 844 de
3128 791 3443 864 semetipso
3465 796 3871 855 testimonium

2162 873 2444 929 veraciter
2490 875 2712 942 intulit,
2766 878 3011 933 dicens:
3064 878 3180 935 Non
3236 896 3358 936 sum
3415 884 3707 952 prapheta.
3766 887 3875 952 Qui

2165 968 2358 1019 tamen
2384 971 2619 1023 secutus
2642 970 2708 1022 ad
2712 970 2910 1037 juuxit
2936 986 2948 1023 :
2982 972 3046 1025 Et
3068 988 3212 1027 nunc
3231 972 3364 1028 audi
3388 976 3610 1030 verbum
3635 978 3874 1047 Domini.

2165 1054 2284 1108 Hzec
2312 1056 2453 1109 dicit
2484 1059 2751 1113 Dominus
2783 1076 2794 1111 :
2834 1060 2980 1115 Uxor
3010 1068 3106 1115 tua
3134 1064 3190 1115 in
3223 1065 3447 1119 civitate
3480 1067 3872 1136 [ornicabitur,

2164 1148 2215 1196 et
2246 1142 2353 1211 ﬁlii
2383 1146 2469 1199 tui
2495 1152 2546 1200 et
2571 1147 2705 1215 ﬁlim
2736 1154 2847 1204 tuae
2878 1151 2934 1202 in
2974 1149 3158 1217 gladio
3187 1152 3405 1219 cadent,
3437 1159 3491 1208 et
3540 1152 3738 1210 humus
3778 1162 3874 1211 tua

2163 1230 2413 1299 funiculo
2444 1237 2701 1289 melietur
2722 1250 2743 1297 ;
2772 1243 2824 1291 et
2846 1243 2908 1291 tu
2929 1238 2984 1290 in
3020 1244 3175 1294 terra
3196 1239 3415 1309 polluta
3436 1244 3679 1298 morieris
3707 1242 3870 1314 (Ibid.

2167 1320 2255 1387 16,
2313 1322 2422 1393 17).
2474 1325 2694 1389 Quibus
2740 1328 3031 1398 prophetas
3082 1328 3270 1385 verbis
3319 1336 3515 1402 aperte
3546 1333 3873 1388 ostenditur

2168 1412 2303 1481 quia
2332 1414 2471 1469 dum
2507 1416 2576 1471 de
2607 1433 2666 1472 se
2695 1416 2797 1473 illa
2819 1417 3171 1490 loqueretur,
3197 1421 3474 1493 impletus
3499 1428 3622 1493 est;
3657 1428 3712 1480 et
3739 1441 3874 1481 mox

2170 1500 2377 1558 habere
2412 1504 2793 1576 prophetandi
2817 1508 3086 1579 spiritum
3110 1511 3342 1579 meruit,
3367 1511 3505 1582 quia
3525 1528 3586 1568 se
3619 1514 3872 1586 prophe-

2169 1594 2286 1646 tam
2343 1610 2456 1649 non
2506 1612 2635 1651 esse
2683 1596 2988 1654 humiliter
3030 1601 3283 1671 agnovit.
3331 1601 3401 1656 Et
3444 1602 3493 1657 si
3558 1603 3872 1675 prophetia:

2170 1680 2409 1749 spiritus
2442 1685 2736 1756 prophetis
2768 1703 2996 1757 semper
3018 1689 3267 1755 adesset,
3296 1690 3470 1746 David
3498 1693 3618 1763 regi
3644 1693 3713 1748 de
3734 1697 3879 1748 temo

2094 1791 2139 1856 Β
2176 1771 2249 1840 pli
2284 1790 2345 1828 se
2376 1776 2809 1833 constructione
2849 1778 3198 1845 consulenti,
3233 1796 3597 1852 nequaquam
3645 1781 3877 1840 Nathan

2175 1862 2459 1933 propheta
2511 1867 2850 1923 concederet
2910 1870 3061 1939 quod
3113 1874 3247 1940 post
3295 1868 3599 1941 paululum
3646 1874 3880 1943 negaret

2174 1954 2255 2023 (II
2279 1956 2406 2025 Reg.
2434 1972 2473 2021 i,
2502 1956 2555 2023 3,
2588 1958 2663 2026 5).

2242 2045 2332 2101 90.
2383 2046 2650 2116 Spiritum
2695 2048 2893 2104 habere
2939 2058 3352 2121 permanentem
3395 2052 3604 2110 Christi
3639 2061 3716 2111 est
3749 2056 3880 2127 pri-

2172 2134 2454 2203 vilegium.
2510 2136 2614 2203 Qui
2664 2137 2882 2193 dicatur
2936 2146 2991 2193 et
3038 2143 3093 2194 in
3135 2142 3419 2212 discipulis
3460 2160 3775 2202 mansurus.
3806 2174 3878 2187 —

2174 2222 2337 2279 Unde
2396 2225 2541 2280 bene
2580 2236 2632 2281 et
2680 2227 2740 2281 in
2790 2228 3097 2299 Evangelio
3166 2230 3447 2299 scriptum
3507 2237 3640 2289 est:
3702 2235 3878 2305 Super

2171 2329 2327 2383 quem
2348 2314 2551 2369 videris
2573 2315 2851 2385 Spiritum
2871 2317 3283 2375 descendentem
3306 2326 3359 2375 et
3381 2327 3694 2377 manentem
3713 2339 3876 2393 super

2168 2417 2312 2472 eum,
2347 2404 2433 2459 hic
2462 2413 2542 2460 est
2590 2409 2684 2476 qui
2732 2407 2979 2478 baptizat
3026 2411 3199 2475 (Joan.
3250 2426 3289 2477 ι,
3348 2409 3460 2481 33).
3522 2411 3582 2465 In
3644 2412 3873 2468 cunctis

2170 2510 2422 2564 namque
2455 2497 2725 2551 fidelibus
2755 2500 3006 2567 Spiritus
3032 2500 3204 2565 venit,
3249 2500 3348 2555 sed
3383 2501 3439 2554 in
3473 2500 3597 2556 solo
3650 2501 3873 2558 Media-

2171 2593 2287 2638 tore
2315 2585 2385 2653 (ρ)
2405 2586 2771 2655 singulariter
2795 2595 3114 2657 permanet,
3144 2591 3280 2660 quia
3302 2590 3429 2658 ejus
3452 2589 3871 2647 humanitatem

2170 2690 2469 2744 nunquam
2506 2674 2784 2745 deseruit,
2819 2692 2886 2731 ex
2934 2679 3100 2746 cujus
3148 2676 3445 2733 divinitate
3497 2679 3771 2749 procedit.
3807 2681 3871 2737 In

2168 2760 2267 2816 illo
2301 2764 2479 2834 igitur
2528 2774 2742 2831 manet,
2801 2767 2894 2835 qui
2959 2767 3119 2821 solus
3177 2770 3234 2822 et
3277 2768 3471 2822 omnia
3525 2773 3582 2823 et
3640 2785 3871 2840 semper

2167 2857 2375 2924 potest.
2410 2857 2553 2909 Nam
2591 2854 2815 2922 ﬁdeles,
2849 2855 2949 2926 qui
2983 2856 3136 2910 hunc
3168 2855 3481 2926 accipiunt,
3515 2874 3647 2913 cum
3672 2859 3871 2930 signo-

2169 2960 2297 2999 rum
2327 2943 2481 2999 dona
2522 2943 2731 2999 habere
2764 2961 3012 3015 semper,
3046 2950 3110 3000 ut
3160 2945 3381 3014 volunt,
3434 2963 3548 3002 non
3600 2952 3868 3017 possunt,

2166 3032 2323 3088 hunc
2353 3050 2415 3089 se
2445 3035 2736 3104 accepisse
2767 3036 2937 3107 quasi
2969 3036 3027 3091 in
3073 3036 3354 3091 transitus
3403 3037 3734 3092 ostensione
3780 3042 3870 3093 te-

2167 3127 2416 3179 stantur.
2452 3124 2562 3179 Sed
2594 3140 2723 3181 cum
2758 3142 2987 3181 rursum
3022 3126 3094 3181 de
3123 3126 3325 3181 eodem
3354 3125 3570 3195 Spiritu
3601 3125 3871 3184 Veritatis

2169 3230 2267 3269 ore
2297 3214 2604 3285 discipulis
2636 3216 2866 3285 dicitur,
2898 3217 3051 3288 Apud
3078 3233 3170 3274 vos
3218 3218 3481 3283 manebit,
3512 3224 3562 3272 et
3610 3218 3669 3271 in
3716 3216 3872 3273 vobis

2164 3303 2270 3356 erit
2300 3302 2477 3373 (Joan.
2506 3320 2623 3372 xiv,
2666 3304 2773 3375 18),
2808 3304 2945 3376 quid
2996 3313 3083 3361 est
3130 3306 3283 3376 quod
3326 3304 3524 3359 divina
3570 3319 3707 3360 voce
3751 3303 3870 3359 Me-

2165 3391 2411 3447 diatoris
2432 3393 2505 3463 (d)
2528 3394 2758 3463 signum
2780 3394 2903 3450 haac
2924 3395 3127 3449 eadem
3150 3393 3337 3449 sancti
3365 3392 3613 3465 Spiritus
3637 3393 3867 3449 mansio

2164 3480 2504 3548 declaratur,
2529 3499 2662 3538 cum
2693 3484 2908 3539 dicitur
2942 3500 2954 3538 :
2988 3486 3167 3554 Super
3186 3499 3341 3554 quem
3375 3484 3571 3538 videris
3602 3482 3870 3553 Spiritum

2164 3571 2602 3640 descendentem,
2664 3576 2716 3629 et
2772 3584 3081 3629 manentem
3137 3589 3300 3643 super
3362 3574 3532 3628 eum?
3578 3572 3641 3629 Si
3688 3571 3871 3644 igitur

2157 3660 2320 3729 juxta
2354 3662 2615 3731 magistri
2656 3679 2848 3719 vocem
2902 3671 2956 3718 et
3006 3663 3065 3718 in
3111 3662 3419 3733 discipulis
3463 3669 3677 3731 manet,
3729 3678 3871 3733 quo-

2164 3752 2336 3807 modo
2360 3753 2482 3822 jam
2514 3751 2806 3825 singulare
2855 3753 3089 3824 signum
3133 3754 3244 3809 erit
3273 3754 3428 3824 quod
3463 3754 3520 3809 in
3554 3752 3868 3811 mediatore

2167 3842 2263 3895 73
2310 3842 2646 3912 permanet?
2684 3843 2842 3908 Quod
2893 3847 3085 3897 tamen
3126 3842 3296 3898 citius
3343 3840 3775 3912 cognoscimus,
3816 3842 3867 3898 si

2163 3930 2317 3985 dona
2348 3930 2610 4000 ejusdem
2642 3931 2895 4002 Spiritus
2927 3931 3349 3986 discernamus.

2233 4020 2369 4091 [νει.
2439 4021 2593 4087 XLII,
2660 4022 2780 4077 Hec.
2871 4020 3067 4091 XXIX.]
3143 4020 3234 4073 91.
3303 4019 3589 4074 Mansurus
3654 4027 3730 4072 est
3802 4018 3865 4081 in

2158 4110 2315 4167 donis
2345 4111 2539 4183 quibus
2558 4111 2821 4167 sanctitas
2852 4114 3163 4181 confertur,
3193 4126 3307 4164 non
3338 4110 3395 4164 in
3427 4109 3498 4164 iis
3526 4109 3724 4179 quibus
3752 4106 3865 4167 haec

2156 4218 2255 4272 pro
2286 4201 2527 4257 aliorum
2556 4204 2800 4258 utilitate
2827 4201 3161 4257 declaratur.
3193 4230 3263 4243 —
3286 4199 3414 4255 Alia
3447 4214 3696 4269 namque
3726 4204 3867 4253 sunt

2159 4291 2311 4346 dona
2341 4291 2523 4361 illius,
2556 4291 2681 4347 sine
2711 4292 2926 4363 quibus
2949 4290 3016 4345 ad
3041 4290 3218 4346 vitam
3246 4304 3615 4361 nequaquam
3642 4286 3862 4357 pertin-

2156 4380 2327 4449 gitur,
2359 4380 2472 4435 alia
2500 4380 2715 4450 quibus
2742 4383 2876 4439 vitae
2906 4379 3179 4435 sanctitas
3210 4394 3315 4450 pro
3338 4377 3587 4433 aliorum
3610 4375 3865 4432 utilitate

2158 4468 2506 4524 declaratur.
2542 4470 2921 4526 Mansuetudo
2954 4485 3221 4539 namque,
3263 4465 3587 4530 humilitas,
3632 4467 3862 4536 patien-

2158 4558 2260 4623 tia,
2296 4558 2462 4624 fldes,
2494 4576 2649 4630 spes,
2681 4560 2953 4627 charitas,
2987 4559 3139 4613 dona
3167 4560 3291 4627 ejus
3313 4564 3471 4621 sunt,
3506 4555 3605 4611 sed
3640 4572 3703 4610 ea
3734 4554 3861 4610 sine

2158 4648 2372 4719 quibus
2404 4649 2474 4703 ad
2516 4652 2689 4704 vitam
2724 4649 2986 4703 homines
3012 4648 3307 4720 pervenire
3331 4660 3699 4716 nequaquam
3726 4660 3860 4715 pos-

2159 4744 2319 4794 sunt.
2364 4739 2682 4811 Prophetiae
2722 4744 2938 4804 autem,
2990 4739 3175 4795 virtus
3223 4737 3616 4800 curationum,
3648 4748 3860 4801 genere.

2148 4828 2509 4897 linguarum,
2545 4829 2943 4900 interpretatio
2974 4843 3335 4894 sermonum,
3359 4826 3514 4880 dona
3534 4825 3662 4891 ejus
3693 4824 3858 4889 sunt,

2012 4931 2049 4984 i-
2157 4921 2257 4977 sed
2304 4936 2431 4991 quae
2479 4920 2711 4976 virtutis
2757 4920 2885 4990 ejus
2935 4918 3298 4991 praesentiam
3352 4929 3453 4984 pro
3506 4909 3858 4967 correctione

2156 5010 2515 5067 intuentium
2538 5011 2872 5068 ostendunt.
2898 5010 2959 5084 ln
2987 5008 3075 5064 his
3096 5008 3277 5079 igitur
3297 5002 3469 5060 donis
3490 5001 3616 5057 sine
3637 4998 3857 5071 quibus

2156 5105 2227 5158 ad
2259 5103 2434 5159 vitam
2467 5102 2749 5175 perveniri
2794 5117 2906 5157 non
2936 5101 3146 5169 potest,
3174 5098 3412 5151 sanctus
3442 5090 3696 5162 Spiritus
3735 5089 3857 5147 sive

2156 5190 2215 5245 in
2250 5190 2723 5262 praedicatoribus
2753 5189 2897 5251 suis,
2933 5186 3047 5241 sive
3078 5185 3137 5237 in
3169 5181 3365 5238 electis
3397 5179 3674 5236 omnibus
3709 5193 3857 5236 sem-

2156 5297 2255 5352 per
2287 5287 2485 5335 manet
2512 5298 2524 5347 ;
2560 5284 2616 5333 in
2642 5279 2760 5333 illis
2793 5282 2984 5332 autem
3010 5274 3225 5344 quibus
3252 5287 3353 5367 per
3372 5268 3766 5367 ostensionem
3792 5266 3859 5322 il-

2156 5368 2268 5425 lius
2300 5387 2415 5425 non
2448 5374 2646 5424 nostra
2678 5369 2791 5422 vita
2835 5372 3115 5428 servatur,
3148 5363 3248 5418 sed
3283 5361 3527 5417 aliorum
3559 5361 3854 5432 qumritur,

2154 5538 2631 5615 θιὶβθρτεὶφρξειο
2704 5608 2712 5615 .
2919 5605 2931 5615 .
3061 5602 3099 5615 _

2222 5610 2303 5681 (ά)
2338 5613 2396 5665 In
2432 5595 2630 5675 E'ditis,
2664 5608 2878 5681 signum
2912 5605 3027 5661 hoc.
3061 5601 3450 5681 Restituimus
3484 5599 3622 5669 haec,
3646 5595 3852 5668 supple

2151 5677 2384 5751 mansio,
2417 5698 2485 5739 ex
2514 5677 2789 5765 omnibus
2821 5679 2963 5740 Mss.
3007 5677 3244 5737 nostris.

3870 5832 4007 5903 rc
