4086 6166
247 284 368 342 599

1506 275 1790 338 SANCTI
1836 271 2198 332 GHEGORII
2248 269 2501 329 MAGNI

3655 259 3770 320 600

250 431 622 488 nequaquam
683 428 909 486 semper
967 415 1023 468 in
1088 410 1562 483 praedicatoribus
1634 414 1952 478 permanet,
1987 407 2037 472 Α
2069 402 2276 476 pitisin
2311 398 2669 488 quibusdam
2712 395 3031 451 virtutibus
3063 396 3342 463 emicant,
3392 395 3592 466 ipsum
3639 407 3774 448 vero

251 506 387 573 quia
419 520 645 574 semper
676 504 913 575 quidem
945 518 1140 559 eorum
1175 500 1333 555 cordi
1372 500 1442 553 ad
1476 498 1619 554 bene
1649 496 1956 552 vivendum

255 594 540 668 praesidet,
574 611 679 650 nec
713 600 904 650 tamen
940 609 1037 662 per
1067 608 1159 646 eos
1191 592 1474 645 virtutum
1522 590 1684 660 signa
1729 602 1960 658 semper

253 687 510 742 ostendit
545 703 556 738 :
595 686 694 741 sed
727 684 1045 755 aliquando
1079 698 1138 737 se
1161 681 1242 736 eis
1277 700 1308 734 a
1340 680 1640 750 signorum
1673 677 1960 733 ostensio-

255 773 428 829 nibus
461 773 771 837 subtrahit,
799 776 860 826 ut
891 787 955 826 eo
990 769 1270 824 humilius
1302 768 1541 822 virtutes
1563 768 1689 838 ejus
1713 765 1960 820 habean-

258 868 374 929 tur,
401 880 512 934 quo
545 862 756 917 habitae
791 861 970 915 teneri
1005 876 1118 914 non
1162 862 1426 930 possunt.

331 953 418 1005 92.
454 955 630 1021 Longe
671 950 833 1005 aliter
863 949 928 1004 ab
963 950 1044 1003 his
1075 955 1257 1002 marte!
1289 945 1345 1000 in
1391 946 1621 1002 Christo.
1656 974 1723 984 —-
1752 943 1963 998 Media-

262 1046 352 1096 tor
382 1045 576 1095 autem
612 1039 706 1094 Dei
740 1043 796 1094 et
829 1039 1133 1094 hominum
1172 1037 1341 1092 homo
1383 1035 1647 1091 Christus
1678 1034 1870 1098 Jesus,
1904 1033 1963 1087 in

267 1131 494 1186 cunctis
555 1146 688 1185 eum
741 1135 797 1184 et
839 1145 1070 1200 semper
1119 1132 1175 1181 et
1224 1126 1497 1181 continue
1537 1124 1969 1192 babetpraesen-

268 1224 407 1284 tem,
442 1219 576 1289 quia
615 1222 671 1273 et
701 1234 768 1273 ex
801 1217 898 1272 illo
933 1218 1116 1272 isdem
1150 1216 1398 1285 Spiritus
1441 1231 1539 1286 per
1582 1212 1965 1268 substantiam

267 1307 575 1380 profertur.
612 1307 783 1362 Recte
814 1323 948 1378 ergo
981 1313 1032 1360 et
1065 1322 1194 1360 cum
1217 1306 1273 1358 in
1313 1306 1411 1358 74
1446 1302 1666 1358 sanctis
1699 1299 1970 1372 praedica-

267 1396 490 1452 toribus
544 1400 797 1463 maneat,
839 1395 898 1449 in
949 1394 1261 1449 Mediatore
1319 1391 1688 1462 singulariter
1738 1404 1969 1444 manere

266 1485 621 1557 perhibelur,
655 1485 794 1557 quia
826 1485 882 1539 in
915 1484 1044 1540 istis
1078 1499 1178 1554 per
1225 1483 1464 1554 gratiam
1520 1484 1715 1535 manet
1746 1481 1814 1533 ad
1864 1480 1970 1534 ali-

264 1577 431 1647 quid,
462 1576 520 1631 in
554 1575 650 1633 illo
681 1581 875 1632 autem
898 1592 994 1644 per
1016 1574 1407 1630 substantiam
1433 1580 1622 1627 manet
1647 1571 1715 1626 ad
1739 1574 1969 1626 cuncta.

249 1664 429 1736 iSicut
459 1664 614 1720 enim
646 1681 859 1737 corpus
892 1669 1158 1720 nostrum
1193 1679 1428 1718 sensum
1456 1660 1860 1715 tantummodo
1887 1667 1973 1713 ta-

2071 497 2241 562 caput
2279 492 2337 546 in
2370 488 2592 545 cunctis
2622 486 2932 542 virtutibus
2976 485 3200 559 ﬂagrat.
3239 485 3612 542 Dissimiliter
3639 500 3780 558 ergo

2072 579 2392 652 Spiritusin
2415 578 2514 633 illo
2531 583 2746 644 manet,
2772 577 2900 647 (a)a
2922 592 3037 646 quo
3063 591 3164 648 per
3181 581 3451 632 naturam
3478 590 3778 647 nunquam

2072 670 2306 726 recedit.
2341 668 2500 723 Dona
2546 683 2675 723 vero
2725 668 2850 736 ejus
2884 667 3099 736 quibus
3149 667 3220 721 ad
3270 667 3447 722 vitam
3496 666 3780 729 tenditur,

2075 761 2196 816 sine
2228 757 2481 831 periculo
2503 757 2693 813 amitti
2716 773 2829 811 non
2850 761 3123 827 possunt;
3160 756 3308 811 dona
3339 760 3534 813 autem
3567 755 3779 827 quibus

2074 852 2202 907 vitae
2235 851 2513 904 sanctitas
2559 847 3016 913 demonstratur,
3050 844 3421 916 plerumque,
3459 850 3525 901 ut
3562 845 3781 900 dictum

2077 947 2186 1009 est,
2218 939 2343 995 sine
2369 936 2674 1007 dispendio
2699 935 3146 990 subtrahuntur.
3173 934 3278 990 Illa
3300 952 3434 1006 ergo
3459 952 3561 1005 pro
3585 938 3785 990 nostra

2077 1029 2398 1087 eruditione
2431 1027 2681 1082 tenenda
2704 1030 2858 1093 sunt,
2898 1025 3020 1081 haec
3043 1042 3144 1096 pro
3176 1026 3383 1081 alienis
3407 1024 3782 1097 provectibua

2078 1118 2453 1191 exquirenda.
2493 1117 2551 1170 In
2587 1115 2703 1170 illis
2731 1131 2833 1170 nos
2855 1120 3061 1169 terreat
3092 1114 3365 1179 formido,
3402 1129 3471 1169 ne
3503 1118 3783 1186 pereant;

2079 1213 2138 1266 in
2171 1211 2299 1266 istis
2332 1224 2460 1262 vero
2485 1207 2554 1262 ad
2580 1211 2813 1277 tempus
2839 1206 3154 1276 aliquando
3176 1205 3427 1260 sublatis
3449 1205 3784 1260 consoletur

2079 1299 2405 1364 humilitas,
2430 1297 2564 1368 quia
2582 1297 2652 1351 ad
2677 1296 2983 1351 elationem
3019 1300 3270 1350 mentem
3304 1296 3547 1351 fortasse
3577 1293 3779 1349 suble-

2080 1394 2236 1445 vant.
2271 1390 2413 1444 Cum
2446 1387 2625 1457 igitur
2654 1401 2932 1441 concessa
2956 1385 3125 1440 nobis
3148 1385 3424 1441 virtutum
3459 1384 3622 1454 signa
3650 1381 3788 1438 sub-

2082 1480 2416 1542 trahuntur,
2450 1478 2716 1531 dicamus
2759 1485 2906 1531 recte
2940 1491 2953 1530 :
3001 1475 3265 1531 Dominus
3301 1475 3474 1543 dedit,
3526 1472 3790 1529 Dominus

2084 1569 2311 1625 abstulit
2329 1584 2348 1626 ;
2379 1568 2522 1622 sicut
2555 1566 2780 1621 Domino
2809 1564 3042 1636 placuit,
3083 1566 3165 1620 ita
3193 1566 3398 1636 factum
3427 1571 3550 1628 est;
3599 1565 3671 1618 sit
3701 1577 3794 1618 no-

2086 1676 2207 1716 men
2244 1659 2460 1714 Domini
2491 1655 2847 1712 benedictum.
2880 1656 3046 1711 Tunc
3075 1656 3230 1712 enim
3261 1671 3392 1711 vere
3420 1653 3792 1711 ostendimus

270 1760 397 1808 ctus
427 1753 706 1822 agnoscit,
741 1758 916 1824 caput
946 1761 1136 1808 autem
1172 1750 1429 1822 corporis
1462 1766 1626 1806 usum
1653 1748 1823 1804 simul
1848 1764 1972 1803 om-
2004 1747 2050 1812 Β
2080 1750 2218 1822 quia
2249 1751 2484 1819 accepta
2511 1750 2662 1802 recte
2703 1743 3025 1814 tenuimus,
3069 1761 3202 1801 cum
3235 1745 3490 1816 profecto
3523 1742 3786 1816 aequani-

275 1844 437 1899 nium
469 1843 728 1914 quinque
761 1859 1040 1898 sensuum
1097 1843 1370 1914 possidet,
1405 1846 1467 1896 ut
1507 1841 1714 1908 videat,
1759 1839 1978 1904 audiat,

274 1938 487 2004 gustet,
521 1935 812 2000 odoretur,
848 1939 904 1989 et
938 1939 1171 2003 tangat:
1198 1933 1281 1988 ita
1315 1931 1574 1987 membra
1614 1930 1853 2000 superni
1888 1947 1980 1985 ca-

301 2147 311 2158 .
351 2077 427 2158 (a)
458 2075 853 2158 Apud.Gilot._,
894 2075 1093 2158 vatim,
1126 2075 1536 2158 G_uss.,”post.,
1572 2075 1723 2158 Cone.)
1754 2073 1846 2158 bic
1879 2074 1984 2128 ad-

264 2145 474 2218 jicitur
508 2145 522 2202 ξ
552 2149 644 2203 cui
671 2163 726 2203 se
769 2148 840 2202 ad
870 2148 1048 2204 volum
1079 2145 1526 2202 substantialiter
1555 2145 1777 2200 exhibet
1804 2165 1822 2210 ,-
1852 2161 1983 2216 quas

2092 1840 2262 1896 miter
2291 1837 2365 1894 ad
2396 1841 2758 1894 momentum
2793 1836 3020 1892 sublata
3059 1836 3398 1892 toleramus.

2093 2074 2304 2129 absunt
2326 2090 2359 2126 a
2381 2072 2522 2128 Mss.
2556 2077 2612 2126 et
2634 2072 2817 2142 antiq.
2845 2072 2942 2126 Ed.
2968 2075 3143 2143 atque
3174 2071 3374 2127 abesse
3409 2069 3651 2137 debent;
3679 2086 3792 2142 pu-

2095 2161 2272 2217 gnare
2303 2145 2455 2199 enim
2487 2144 2759 2200 videntur
2790 2160 2921 2199 cum
2953 2143 3243 2199 sententia
3273 2159 3397 2214 seq.

1571 2452 1894 2540 LIBER
1955 2451 2473 2543 TERTIUS.

355 2634 566 2698 Totum
638 2646 814 2718 caput
904 2635 1216 2696 secundum
1291 2633 1436 2694 libri
1504 2629 1640 2704 Job,
1714 2631 1793 2691 ad
1857 2627 2096 2718 modum
2174 2635 2548 2718 superiorum
2620 2628 2939 2703 librorum,
3017 2629 3320 2703 historice,
3388 2635 3714 2713 allegorice

1632 2730 1701 2773 ac
1760 2707 2074 2771 moraliter
2119 2707 2429 2790 explanat.

818 2958 1050 3014 CAPUT
1083 2956 1394 3013 PRIMUM.

328 3051 674 3106 Htsromcus
737 3065 973 3104 sensus.
1015 3079 1079 3088 —
1115 3051 1163 3104 1.
1207 3049 1413 3102 Beatus
1463 3046 1570 3102 Job
1613 3046 1680 3100 ad
1717 3048 1964 3099 mortem

2077 2952 2184 3007 aito
2216 2950 2448 3008 homine
2483 2953 2749 3021 vinceris,
2777 2954 2874 3025 qui
2898 2960 2952 3011 te
2976 2959 3178 3012 contra
3211 2969 3304 3010 me
3335 2958 3628 3011 auctorem
3659 2972 3786 3012 om-

2078 3040 2242 3094 nium
2273 3041 2490 3112 erigere
2523 3043 2769 3097 conaris.
2805 3041 2967 3098 Unde
3003 3059 3134 3100 mox
3163 3042 3440 3099 Dominus
3474 3058 3603 3099 cum
3634 3043 3792 3100 beati

259 3139 477 3211 petitus
508 3139 564 3191 in
600 3137 935 3202 tentatione,
973 3139 1040 3190 ad
1069 3137 1246 3190 vitam
1283 3136 1359 3204 (a)
1388 3136 1567 3188 crevit
1597 3149 1659 3188 ex
1692 3132 1962 3200 verbere;
1998 3119 2040 3187 C
2077 3128 2186 3184 Job
2236 3128 2406 3197 bona,
2459 3130 2604 3185 sicut
2657 3131 2817 3201 prius
2881 3131 3117 3203 diceret,
3171 3131 3290 3188 hac
3353 3148 3486 3188 cum
3535 3131 3793 3190 victoria

259 3234 317 3283 et
338 3228 619 3298 antiquus
650 3226 834 3281 hostis
867 3226 1022 3280 unde
1072 3242 1133 3279 se
1167 3225 1318 3278 bona
1357 3224 1484 3294 ejus
1534 3220 1841 3276 aestimavit
1871 3237 1968 3275 ex-

260 3315 494 3386 stingue
536 3330 588 3381 e,
639 3314 776 3368 inde
823 3313 1010 3367 doluit
1061 3310 1504 3380 multiplicasse.
1555 3310 1668 3365 Sed
1721 3310 1860 3380 quia
1907 3307 1966 3362 in

262 3403 449 3475 primo
472 3401 789 3458 certamine
821 3418 880 3457 se
904 3400 1280 3455 succubuisse
1305 3400 1654 3466 considerat,
1675 3399 1740 3452 ad
1776 3396 1885 3452 alia
1907 3411 1969 3452 se

261 3493 649 3549 tentationum
685 3490 835 3545 bella
875 3495 1177 3554 restaurat,
1214 3495 1271 3544 et
1301 3491 1370 3544 de
1413 3493 1612 3544 sancto
1642 3488 1762 3541 viro
1815 3486 1971 3541 mala

263 3582 456 3640 adhuc
497 3583 867 3654 impudenter
907 3586 1131 3650 sperat;
1159 3581 1295 3651 quia
1339 3580 1488 3634 bona
1517 3578 1706 3633 malus
1737 3578 1970 3632 credere

266 3690 380 3728 non
417 3676 625 3744 potest,
651 3670 734 3726 vel
769 3675 1021 3740 experta.
1058 3670 1135 3724 Ea
1171 3679 1359 3724 autem
1392 3685 1518 3739 quae
1550 3668 1606 3721 in
1635 3667 1822 3738 prima
1851 3667 1974 3734 ejus

267 3761 644 3833 percussione
696 3761 995 3832 praemissa
1047 3764 1210 3825 sunt,
1261 3760 1468 3814 iterum
1519 3758 1972 3823 subnectuntur,

268 3866 401 3907 cum
434 3851 648 3906 dicitur
680 3867 692 3906 :

340 3947 517 4004 Vens.
551 3949 604 4013 1,
633 3947 688 4015 2,
738 3948 792 4001 3.
844 3977 912 3986 -
962 3948 1181 4002 Factum
1232 3956 1308 4002 est
1340 3963 1462 4002 cum
1512 3947 1756 4017 quadam
1780 3947 1863 3998 die
1893 3959 1977 3998 ve—

269 4038 481 4095 nissent
512 4036 619 4107 ﬁlii
649 4037 750 4092 Dei
778 4041 828 4091 et
859 4039 1178 4092 assisterent
1207 4053 1391 4092 coram
1432 4037 1673 4101 Domine,
1709 4036 1977 4088 vertisset-

273 4146 377 4201 que
405 4129 581 4184 Satan
612 4129 756 4183 inter
784 4143 892 4192 eos,
926 4134 978 4181 et
1008 4133 1183 4182 staret
1223 4129 1283 4180 in
1315 4135 1599 4196 conspectu
1628 4127 1763 4194 eius,
1797 4129 1855 4178 ut
1885 4124 1976 4178 di-

271 4225 410 4273 ceret
457 4217 718 4271 Dominus
766 4215 836 4269 ad
891 4219 1059 4270 Satan
1092 4233 1109 4268 :
1165 4215 1309 4270 Unde
1363 4213 1556 4269 venis?
1605 4214 1708 4280 Qui
1758 4228 1977 4282 respon-

272 4307 426 4368 dens,
458 4305 541 4359 ait
581 4323 599 4360 :
649 4304 892 4360 αἰνίξαίυὶ
948 4309 1177 4368 terram,
1211 4314 1262 4359 et
1306 4303 1688 4374 perambulavi
1733 4317 1873 4356 eam.
1916 4301 1978 4355 Et

270 4395 419 4449 dixit
449 4394 712 4447 Dominus
757 4395 825 4448 ad
872 4394 1038 4448 Satan
1077 4411 1088 4447 :
1151 4394 1409 4464 Nunquid
1456 4391 1818 4448 considerasti
1865 4408 1975 4447 ser-

273 4499 397 4539 vum
438 4496 618 4536 meum
647 4481 761 4550 Job,
795 4483 934 4554 quod
973 4501 1082 4537 non
1115 4486 1182 4537 sit
1211 4487 1262 4538 ei
1290 4485 1492 4539 similis
1523 4499 1686 4555 super
1735 4490 1976 4550 terram,

272 4575 429 4630 homo
462 4571 701 4642 simplex
747 4579 798 4626 et
840 4579 1039 4636 rectus,
1094 4578 1294 4629 tunens
1336 4575 1527 4642 Deum,
1567 4581 1614 4630 et
1658 4575 1908 4630 recedens
1944 4591 1976 4629 a
2008 4557 2056 4623 D

274 4662 445 4719 malo.

347 4751 651 4821 Inﬁrmitas
681 4751 944 4824 superbia?
970 4753 1173 4808 diaboli
1203 4754 1538 4827 increpatur.
1575 4786 1641 4796 —
1674 4759 1802 4812 Haec
1845 4755 1982 4827 quia

275 4843 451 4901 latius
471 4857 645 4914 supra
667 4843 1076 4911 disseruimus,
1101 4843 1311 4899 melius
1334 4844 1555 4900 silendo
1579 4846 1978 4916 praeterimus:

275 4948 370 5001 ne,
404 4934 542 4990 dum
590 4934 801 5005 saepius
838 4933 1107 4989 discussa
1139 4936 1478 5005 repetimus,
1522 4936 1746 4991 tardius
1776 4936 1848 4991 ad
1891 4936 1978 4991 in-

274 5024 546 5080 discussa
577 5023 899 5080 veniamus.
935 5024 1209 5088 Quamvis
1230 5025 1359 5091 hoc,
1402 5027 1556 5098 quod
1587 5042 1726 5083 voce
1750 5025 1982 5082 Domini

277 5114 352 5172 ad
378 5115 557 5171 Satan
601 5115 859 5171 dicitur:
900 5115 1048 5171 Unde
1092 5117 1293 5172 venis?
1333 5131 1704 5188 nequaquam
1755 5117 1980 5175 aestimo

283 5206 433 5276 quod
466 5207 538 5271 ei,
574 5211 638 5260 ut
671 5209 850 5275 prius,
878 5207 1128 5262 dicatur.
1161 5210 1303 5262 Cum
1327 5209 1481 5262 enim
1515 5209 1586 5263 ab
1619 5224 1684 5262 eo
1719 5210 1984 5264 certami-

2078 3218 2399 3290 triumphis
2429 3235 2780 3276 enumerans
2830 3221 3097 3293 adjungit
3133 3238 3145 3275 :

2757 3327 2988 3385 CAPUT
3027 3328 3098 3384 II.

2151 3418 2294 3475 IBlD.
2328 3450 2395 3461 -—
2429 3420 2490 3473 Et
2523 3419 2699 3476 adhuc
2721 3420 2960 3476 retinens
2982 3422 3358 3477 innocentiam
3391 3438 3570 3477 suam.

2147 3512 2200 3563 2.
2232 3511 2334 3566 Job
2367 3510 2739 3566 innocentiam
2768 3510 3061 3578 gloriosius
3091 3515 3322 3567 servavit
3354 3511 3413 3566 in
3444 3511 3687 3569 verbere.
3721 3542 3788 3554 -

2079 3600 2158 3652 Ac
2189 3599 2238 3653 si
2271 3603 2464 3669 aperte
2496 3599 2652 3654 dicat
2690 3617 2702 3656 :
2754 3600 2840 3654 Tu
2869 3600 3106 3670 quidem
3139 3598 3445 3656 exercuisti
3478 3599 3786 3668 malitiam,

2081 3691 2178 3745 sed
2203 3691 2298 3745 ille
2330 3690 2723 3746 innocentiam
2753 3708 2864 3747 non
2891 3691 3126 3760 amisit;
3162 3698 3220 3747 et
3249 3693 3402 3747 unde
3433 3695 3488 3748 te
3533 3691 3788 3748 aestima-

2082 3779 2157 3834 sti
2173 3784 2502 3850 provectum
2530 3780 2656 3850 ejus
2677 3779 3045 3846 imminuere,
3072 3781 3205 3836 inde
3218 3781 3558 3852 compulsus
3578 3798 3642 3838 es
3663 3781 3792 3853 ejus

2082 3869 2375 3950 provectui
2408 3869 2719 3939 deservire,
2752 3869 2890 3941 quia
2922 3871 3133 3927 mentis
3163 3871 3583 3942 innocentiam,
3614 3887 3792 3943 quam

2082 3959 2330 4027 gloriose
2362 3959 2624 4015 tenuitin
2659 3960 3098 4031 tranquillitate,
3119 3959 3436 4034 gloriosius
3459 3961 3708 4019 servavit
3733 3961 3791 4016 in

2083 4049 2339 4105 verbere.
2374 4050 2642 4121 Sequitur
2676 4067 2688 4105 :

2603 4142 2840 4197 CAPUT
2881 4142 2954 4198 1n
2987 4142 3131 4214 [Rea
3166 4142 3259 4216 Il].

2158 4231 2298 4284 IBID.
2333 4260 2397 4269 —
2433 4231 2502 4285 Tu
2542 4238 2725 4285 autem
2767 4231 3110 4288 commovisti
3137 4249 3221 4287 me
3251 4232 3509 4289 adversus
3543 4249 3688 4302 eum,
3735 4241 3796 4288 ut

2085 4321 2398 4389 afﬂigerem
2430 4318 2593 4374 illum
2626 4322 2862 4390 frustra.

2157 4413 2209 4467 3.
2247 4412 2398 4467 Deus
2426 4411 2649 4484 afﬂixit
2673 4413 2767 4470 Job
2795 4419 3034 4484 frustra,
3081 4413 3215 4485 quia
3245 4413 3303 4470 in
3337 4429 3396 4471 eo
3425 4429 3535 4470 non
3577 4415 3794 4486 punivit

2086 4511 2402 4574 peccatum;
2431 4511 2481 4557 et
2512 4519 2619 4558 non
2651 4506 2881 4573 frustra,
2914 4505 3045 4574 quia
3075 4507 3238 4559 auxit
3266 4505 3383 4574 eius
3419 4507 3704 4560 meritum.
3727 4534 3799 4544 —

2088 4591 2232 4647 Cum
2266 4593 2340 4647 sit
2369 4590 2523 4647 Deus
2545 4592 2748 4662 justus
2781 4597 2834 4647 et
2865 4609 3058 4656 verax,
3089 4592 3253 4649 valde
3291 4593 3673 4665 quaerendum
3709 4597 3799 4649 est

2089 4682 2380 4753 quomodo
2409 4682 2643 4737 beatum
2695 4681 2804 4737 Job
2855 4683 3071 4737 frustra
3119 4683 3396 4738 afﬂixisse
3443 4698 3501 4738 se
3550 4682 3794 4738 indicat.

2090 4773 2230 4836 Quia
2265 4771 2418 4826 enim
2438 4772 2637 4840 justus
2660 4776 2767 4837 est,
2797 4771 3006 4826 frustra
3030 4772 3284 4843 afﬂigere
3306 4788 3418 4828 non
3446 4771 3671 4843 potuit;
3697 4770 3794 4827 sed

2091 4876 2319 4916 rursum
2353 4861 2491 4930 quia
2512 4876 2681 4916 verax
2706 4869 2809 4928 est,
2836 4860 2998 4916 aliter
3021 4877 3132 4916 non
3165 4862 3352 4932 potuit
3374 4861 3588 4916 dixisse
3620 4876 3797 4932 quam

2091 4949 2243 5006 fecit.
2281 4949 2351 5005 Ut
2400 4965 2534 5020 ergo
2579 4951 2735 5020 justo
2787 4954 2842 5004 et
2889 4950 3076 5006 veraci
3131 4955 3378 5022 utraque
3428 4949 3800 5018 conveniant,

2093 5045 2378 5112 quatenus
2411 5045 2468 5096 et
2498 5055 2626 5096 vera
2659 5041 2832 5106 dicat,
2863 5051 2909 5096 et
2940 5041 3154 5112 injusta
3186 5057 3299 5095 non
3344 5041 3551 5110 faciat;
3585 5055 3804 5112 cogno-

2093 5146 2328 5185 scamus
2360 5129 2591 5185 beatum
2633 5129 2742 5184 Job
2774 5135 2830 5184 et
2857 5130 3030 5201 juxta
3060 5128 3281 5201 aliquid
3315 5129 3548 5197 frustra,
3581 5133 3640 5185 et
3671 5145 3804 5184 rur-

2093 5236 2221 5275 sum
2258 5222 2415 5290 juxta
2446 5219 2668 5291 aliquid
2704 5236 2816 5274 non
2845 5221 3058 5275 frustra
3085 5235 3447 5289 percussum.
3473 5218 3623 5283 Quia
3643 5219 3803 5274 enim

278 5309 351 5348 ne
379 5295 439 5347 in
472 5311 585 5363 quo
610 5295 902 5352 relaxatus
937 5300 1124 5353 fuerat
1146 5299 1330 5353 νίοίυε
1355 5300 1500 5353 redit
1527 5319 1539 5367 ;
1565 5304 1621 5353 εἴ
1654 5300 1808 5355 unde
1832 5299 1989 5354 venit
2086 5311 2286 5380 justus
2312 5314 2366 5362 et
2398 5325 2564 5363 verax
2588 5309 2707 5362 haec
2731 5310 2800 5364 de
2826 5310 3136 5378 semetipso
3160 5309 3385 5374 asserit,
3416 5309 3806 5364 ostendamus

281 5385 622 5453 requiritur,
657 5387 755 5456 qui
789 5389 943 5442 unde
979 5392 1176 5444 veniat
1213 5391 1428 5460 scitur;
1455 5391 1593 5461 quid
1628 5391 1782 5447 aliud
1816 5405 1987 5461 quam

284 5475 596 5530 infirmitas
628 5477 912 5546 superbiae
944 5479 1070 5548 ejus
1119 5480 1453 5551 increpatur
1476 5483 1502 5537 ?
1541 5498 1606 5539 ac
1640 5482 1687 5537 si
1720 5482 1768 5537 ei
1793 5485 1988 5553 aperte

287 5563 483 5622 divina
504 5579 611 5619 vox
632 5564 783 5620 dicat
817 5580 829 5619 :
865 5566 1004 5622 Ecce
1036 5570 1106 5624 ab
1129 5586 1242 5628 uno
1266 5579 1317 5628 el
1341 5572 1400 5629 in
1431 5573 1664 5629 infirma
1694 5588 1867 5629 carne
1889 5588 1990 5646 po-

365 5708 443 5782 (a)
473 5707 662 5779 Aliqui
697 5707 836 5767 Mss.
845 5751 861 5780 ,
893 5711 1060 5768 crevit
1090 5730 1161 5770 ex
1188 5717 1430 5774 vulnere.

2095 5407 2148 5454 et
2178 5415 2378 5453 verum
2412 5399 2702 5454 exstitisse
2735 5399 2885 5470 quod
2919 5399 3080 5462 dixit,
3106 5405 3159 5453 et
3191 5403 3409 5452 rectum
3436 5397 3617 5453 fuisse
3649 5397 3804 5468 quod

2098 5489 2251 5545 fecit.
2291 5489 2534 5546 Necesse
2566 5489 2781 5560 quippe
2811 5493 2952 5557 erat,
2987 5497 3048 5543 ut
3072 5498 3305 5545 sanctus
3335 5488 3419 5543 vir
3451 5487 3568 5543 Deo
3600 5487 3712 5543 soli
3736 5487 3808 5542 si-

2099 5577 2272 5649 bique
2311 5577 2600 5648 cognitus,
2643 5583 2857 5650 quanta
2898 5577 3107 5634 virtute
3150 5575 3410 5650 polleret,
3452 5578 3520 5632 ad
3564 5575 3805 5633 imitan-
