4134 6174
306 249 420 309 603

1577 230 1845 298 SANG’I‘I
1889 223 2258 293 GREGORII
2304 223 2548 289 MAGNI

3715 217 3844 277 604

308 392 432 442 tum
487 384 678 439 virum
742 399 859 439 non
908 380 1101 438 solum
1150 395 1252 451 per
1302 377 1620 448 nequitiam
1683 369 2001 445 qualitatis,
2037 369 2085 433 Α
2121 372 2473 432 nasceretur,
2497 368 2732 422 renatus
2759 381 2773 418 :
2803 364 2898 420 ille
2928 361 3154 418 amicus
3193 357 3414 430 sponsi,
3447 355 3567 423 ille,
3600 371 3718 427 quo
3745 357 3850 411 in-

307 475 407 531 sed
439 474 608 529 etiam
635 490 733 543 per
765 473 992 544 pondus
1024 468 1369 542 quantitatis
1397 466 1630 531 exarsit,
1665 465 1731 518 ad
1768 462 2008 516 demon—

308 565 607 619 strandam
636 565 975 632 qualitatem
1009 561 1225 615 dicitur
1249 575 1261 612 :
1288 557 1560 613 Percussit
1583 571 1706 609 eum
1727 553 1802 622 (α)
1822 549 2010 606 ulcere

309 656 585 724 pessimo;
621 653 688 707 ad
721 653 1136 707 insinuandam
1168 665 1301 704 vero
1333 647 1716 718 quantitatem
1764 641 2010 710 subjun-

311 743 498 815 gitur:
523 742 563 796 Α
594 742 785 812 planta
820 742 970 812 pedis
1001 755 1167 810 usque
1195 739 1274 794 ad
1321 738 1598 802 verticem,
1640 736 1701 788 ut
1731 731 2008 786 nimirum

310 833 455 889 nihil
489 833 545 886 in
596 836 787 887 mente
835 838 993 886 vacet
1029 848 1063 885 a
1092 829 1297 901 gloria,
1337 828 1397 882 in
1447 827 1615 896 cujus
1663 836 1900 892 corpore
1931 817 2011 874 nil

309 927 475 979 vacat
505 939 536 977 a
560 938 746 993 pcena.
781 921 1052 991 Sequitur
1079 936 1089 973 :

824 1010 1058 1066 CAPUT
1097 1008 1195 1063 vn
1227 1009 1372 1079 [ηερ.
1404 1006 1514 1072 IV].

380 1100 551 1157 Vsas.
604 1104 658 1158 8.
710 1131 773 1142 --
823 1101 926 1168 Qui
975 1104 1107 1156 testa
1164 1100 1377 1154 saniem
1427 1094 1669 1159 radebat,
1728 1087 1914 1146 sedens
1953 1086 2012 1139 in

310 1192 675 1261 sterquilinio.

382 1281 436 1333 9.
468 1281 567 1335 Job
600 1283 733 1335 testa
769 1280 983 1335 saniem
1024 1279 1262 1350 corporis
1313 1277 1540 1343 radens,
1584 1292 1680 1330 nos
1731 1276 1884 1330 docet
1923 1290 2016 1330 cas

311 1371 482 1439 ﬁctile
501 1369 640 1441 quod
659 1378 934 1440 gestamus
972 1370 1076 1422 cito
1115 1367 1522 1423 conterendum.
1557 1397 1624 1407 ε-
1658 1364 1820 1420 Unde
1852 1368 2014 1427 testa,

315 1458 426 1512 nisi
459 1476 527 1513 ex
557 1459 676 1513 loto
697 1458 1006 1514 conﬁcitur
1024 1457 1050 1511 ?
1072 1457 1218 1520 Quid
1252 1473 1382 1510 vero
1406 1461 1495 1510 est
1515 1455 1707 1510 sanies
1735 1455 2013 1524 corporis,

317 1549 430 1604 nisi
463 1549 648 1604 lutum
673 1549 950 1604 ‘tSaniem
985 1565 1117 1617 ergo
1151 1548 1350 1603 radere
1377 1551 1524 1600 testa
1563 1545 1918 1614 perhibetur,
1953 1558 2018 1597 ac

319 1639 367 1694 si
418 1645 613 1710 aperte
656 1639 982 1694 diceretur:
1009 1639 1149 1693 Luto
1187 1638 1444 1707 tergebat
1477 1637 1685 1692 lutum.
1729 1634 2020 1689 Pensabat

2119 461 2203 512 ter
2247 467 2412 511 natos
2462 455 2778 511 mulierum
2828 454 3014 524 major
3056 466 3228 507 nemo
3274 444 3682 513 surrexit;ille
3743 446 3836 500 sic

2126 544 2427 614 propheta,
2463 549 2523 598 ut
2553 543 2682 613 plus
2722 542 2896 598 etiam
2938 555 3114 610 quam
3151 537 3430 608 propheta
3468 533 3720 605 (Matth,
3749 550 3842 600 x1,-

2126 632 2206 702 9),
2246 633 2318 686 ab
2368 631 2588 702 iniquis
2620 632 2679 685 in
2725 645 3014 686 carcerem
3061 627 3328 694 mittitur,
3381 630 3437 678 et
3483 640 3584 693 pro
3626 621 3838 692 puellae

2127 724 2362 788 saltatu,
2395 721 2583 792 capite
2611 723 2942 786 truncatur,
2974 723 3031 772 et
3061 715 3145 771 vir
3173 721 3350 769 tanta
3383 711 3705 768 severitatis
3731 727 3841 781 pro

2123 813 2239 868 risu
2271 811 2528 883 turpium
2564 811 2829 865 moritur.
2849 805 3268 877 Nunquidnam
3294 804 3592 859 credimus
3613 800 3835 871 aliquid

2126 903 2329 966 fuisse,
2345 902 2497 972 quod
2515 900 2573 954 in
2593 901 2718 969 ejus
2741 900 2856 954 vita
2873 896 2971 952 illa
2985 897 3065 951 sic
3079 897 3351 965 despecta
3371 909 3526 948 mors
3543 890 3840 962 tergeret?

2124 993 2230 1048 Sed
2254 988 2593 1063 quandoille
2614 988 2701 1043 vel
2717 989 2773 1043 in
2787 986 2914 1044 cibo
2936 983 3317 1057 peccavit,qui
3337 982 3592 1037 locustae
3617 979 3845 1035 solum-

2127 1082 2298 1137 modo
2331 1085 2387 1136 et
2410 1080 2520 1135 mel
2542 1077 2800 1133 silvestre
2821 1076 3074 1132 comedit
3094 1073 3280 1139 ?Quid
3306 1073 3418 1126 Deo
3440 1069 3523 1125 vel
3548 1069 3616 1124 de
3639 1067 3841 1139 quali-

2127 1176 2241 1227 tate
2260 1171 2350 1226 sui
2374 1168 2647 1240 tegminis
2669 1166 2934 1237 deliquit,
2961 1164 3060 1234 qui
3083 1162 3437 1218 camelorum
3469 1158 3596 1228 pilis
3619 1173 3840 1227 corpus

2129 1259 2552 1332 operuit‘lQuid
2567 1259 2637 1312 de
2651 1256 3087 1312 conversatione
3099 1269 3206 1307 sua
3218 1251 3506 1306 offendere
3524 1244 3842 1319 potuit,qui

2132 1352 2201 1405 de
2224 1365 2416 1404 eremo
2439 1364 2552 1402 non
2577 1346 2860 1401 recessit?
2879 1343 3026 1410 Quid
3052 1342 3216 1396 illum
3242 1337 3610 1409 loquacitatis
3634 1340 3842 1389 reatus

2132 1441 2358 1513 polluit,
2375 1439 2470 1511 qui
2485 1438 2590 1507 disj
2603 1442 2812 1491 unctus
2826 1435 2994 1505 longe
3007 1433 3081 1488 ab
3098 1430 3430 1486 hominibus
3446 1425 3578 1482 fuit?
3591 1423 3841 1488 Quando

2135 1531 2298 1586 illum
2322 1530 2405 1584 vel
2429 1528 2644 1584 silentii
2668 1525 2837 1596 culpa
2858 1522 3076 1593 attigit,
3098 1522 3196 1593 qui
3219 1521 3287 1575 ad
3312 1535 3377 1574 se
3398 1517 3694 1572 venientes
3719 1520 3840 1569 tam

2133 1621 2502 1676 vehementer
2531 1615 2870 1687 increpavit,
2895 1613 3097 1667 dicens
3122 1627 3134 1664 :
3160 1609 3479 1665 Gernimina
3499 1605 3843 1674 viperarum,

319 1694 536 1799 quip‘pe
559 1729 642 1781 Vir
672 1733 910 1783 sanctus
945 1728 1095 1782 unde
1128 1694 1424 1793 sumgmm
1451 1727 1632 1780 fuerat
1653 1725 1802 1795 quod
1826 1729 2018 1791 gesta_
2052 1736 2102 1803 Β
2130 1714 2262 1803 quis
2277 1710 2668 1803 demonstravit
2705 1707 2853 1803 vobis
2891 1707 3078 1803 fugere
3107 1719 3140 1803 ξι
3166 1707 3397 1803 uentura
3419 1700 3529 1803 lira
3551 1699 3576 1750 .9
3606 1694 3840 1803 (Matth;

320 1781 443 1882 bat:
467 1781 529 1872 st
561 1781 1065 1888 t'ragmentovasis
1085 1781 1292 1872 ﬁctilis
1321 1781 1686 1872 confractum
1716 1781 2020 1870 vas'ﬁctile

2153 1801 2268 1869 11,7
2296 1802 2457 1868 ;Luc.
2511 1816 2596 1863 ιιι,
2639 1799 2706 1864 7;
2733 1801 2908 1852 Marc.
2961 1812 2998 1860 ι,
3049 1791 3127 1863 4.)
3162 1791 3307 1854 Quid
3349 1792 3439 1844 est
3476 1802 3635 1857 ergo,
3677 1781 3838 1855 quod

320 1907 578 1963 radebat.
611 1910 733 1972 Quo
765 1907 910 1962 iacto
943 1912 1208 1977 patenter
1237 1907 1565 1962 ostenditur
1607 1922 1816 1975 corpus
1847 1920 2020 1960 suum

322 1998 611 2068 quomodo
633 1996 744 2052 sibi
768 2013 977 2051 sanum
1012 1995 1290 2063 subdidit,
1315 1996 1468 2066 quod
1493 2001 1550 2050 et
1573 2011 1917 2066 percussum
1941 1994 2024 2049 sic

323 2085 647 2156 despiciens
662 2085 888 2141 curavit
907 2105 922 2152 ;
942 2101 1116 2156 quam
1133 2085 1229 2140 ille
1247 2084 1546 2140 mollitiem
1564 2101 1850 2140 sanaesuze
1865 2081 2024 2138 carni

323 2175 632 2240 concessit,
679 2175 778 2244 qui
813 2191 926 2229 non
966 2178 1208 2241 vestem,
1253 2190 1368 2230 non
1405 2173 1637 2244 digitos.
1678 2175 1777 2230 sed
1812 2178 2022 2228 testam

322 2264 492 2319 etiam
515 2263 853 2319 vulneribus
874 2263 1148 2318 admovit.
1173 2265 1343 2319 Testa
1361 2279 1495 2334 ergo
1519 2264 1759 2318 radebat
1777 2263 2020 2330 saniem,

323 2357 388 2409 ut
426 2354 802 2422 semetipsum
835 2358 890 2408 et
929 2353 986 2407 in
1025 2354 1344 2424 fragmento
1394 2353 1790 2421 considerans,
1847 2355 2023 2408 etiam

324 2443 394 2498 de
424 2443 746 2499 extersione
776 2443 1035 2500 vulneris
1059 2448 1315 2498 sumeret
1344 2458 1546 2498 curam
1581 2444 1811 2498 mentis.

398 2533 529 2603 [Vet.
571 2534 683 2604 [V.]
738 2535 819 2588 10.
856 2533 911 2586 1η
957 2532 1312 2603 ειενᾳανιίηἱο
1347 2533 1537 2603 jacens
1585 2534 1793 2601 cogitat
1838 2549 2031 2604 corpus

327 2623 477 2678 brevi
503 2628 712 2676 stercus
737 2623 1012 2690 futurum.
1046 2653 1112 2662 —
1133 2622 1279 2685 Quia
1321 2637 1452 2677 vero
1476 2639 1627 2692 sepe
1675 2638 1774 2694 per
1812 2640 1880 2678 ea
1907 2639 2032 2692 qua)

327 2713 481 2768 circa
529 2729 738 2784 corpus
772 2716 928 2779 sunt,
970 2712 1203 2767 animus
1235 2711 1494 2781 inﬂatur,
1528 2718 1584 2766 et
1610 2728 1711 2782 per
1742 2713 1848 2767 hoc
1876 2713 2030 2784 quod

329 2818 466 2872 erga
513 2817 617 2856 nos
664 2800 860 2872 agitur
908 2800 1193 2871 fragilitas
1237 2801 1420 2856 nostri
1453 2801 1714 2871 corporis
1746 2801 1817 2856 ab
1848 2801 2036 2856 oculis

330 2890 520 2947 cordis
555 2896 853 2946 amovetur
885 2890 1059 2956 (sicut
1092 2891 1334 2945 nonnuli
1378 2889 1686 2945 saeculares
1717 2907 1849 2946 cum
1882 2895 2034 2946 tem-

333 2979 633 3051 poralibus
656 2977 1392 3049 dignitatibusfulciuntur,
1418 2981 1558 3033 dum
1578 2980 1717 3034 locis
1731 2979 2032 3035 altioribus

335 3032 665 3136 president,
687 3032 825 3120 dum
853 3032 1168 3121 multorum
1198 3032 2035 3139 obsequiasibisuppete—re'
2067 3032 2110 3100 Ο

335 3159 532 3210 votum
576 3155 796 3222 vident,
837 3155 1202 3225 fragilitatem
1251 3173 1416 3211 suam
1460 3157 1673 3211 intueri
1721 3157 2039 3227 negligunt,

338 3249 396 3300 et
425 3259 525 3298 vas
547 3245 695 3313 quod
722 3249 948 3313 gestant
983 3243 1182 3309 ﬁctile,
1215 3261 1387 3315 quam
1420 3245 1493 3299 sit
1533 3244 1805 3300 velociter
1847 3251 2041 3301 conte-

339 3334 612 3398 rendum,
661 3331 1066 3387 obliviscentes
1114 3335 1272 3389 omni
1315 3337 1484 3389 modo
1533 3351 1648 3389 non
1689 3336 2044 3406 attendunt),

341 3422 550 3477 beatus
578 3420 689 3475 Job
723 3426 788 3476 ut
819 3421 1341 3477 considerationem
1369 3423 1694 3494 fragilitatis
1726 3439 1838 3479 sua:
1869 3423 2045 3478 etiam

345 3525 414 3566 ex
431 3511 950 3565 circumstantibus
985 3511 1250 3567 traheret.
1286 3518 1343 3566 at
1377 3522 1508 3567 ante
1539 3512 1731 3569 oculos
1763 3530 1900 3569 suos
1932 3513 2046 3567 vim

345 3617 465 3656 sua:
481 3602 871 3672 despectionis
885 3607 1141 3671 augeret,
1156 3601 1232 3672 (b)
1253 3620 1362 3658 non
1380 3603 1642 3675 quolibet
1656 3606 1712 3659 in
1730 3610 1899 3670 terra,
1920 3621 2046 3676 quae

346 3705 493 3761 pene
524 3692 735 3761 ubique
760 3691 978 3745 munda
1010 3695 1316 3760 reperitur,
1349 3696 1448 3748 sed
1486 3695 1544 3748 in
1577 3695 1940 3765 sterquilinio
1970 3711 2052 3750 se-

347 3778 502 3834 disse
532 3779 902 3834 describitur.
947 3782 1010 3834 ln
1044 3781 1412 3851 sterquilinio
1445 3784 1697 3854 ponebat
1727 3800 1956 3854 corpus,
1989 3791 2050 3838 ut

347 3882 418 3923 ex
466 3873 616 3922 terra
645 3879 873 3938 sumpta
910 3886 1034 3940 quae
1077 3877 1234 3926 esset
1279 3873 1471 3926 carnis
1503 3873 1855 3941 substantia,
1907 3875 2052 3929 bene

348 3957 657 4028 proﬁciens
679 3961 1059 4029 perpenderet
1095 3961 1348 4018 animus.
1393 3962 1450 4017 ln
1476 3964 1840 4033 sterquilinio
1870 3978 2050 4034 pone-

351 4047 442 4101 bat
471 4062 681 4117 corpus
715 4053 778 4102 ut
807 4049 980 4104 etiam
1013 4066 1081 4104 ex
1112 4049 1220 4103 loci
1261 4051 1440 4106 fetore
1472 4058 1722 4123 caperet,
1759 4055 1850 4107 71
1897 4052 2050 4124 quod

349 4134 559 4193 festino
589 4153 803 4209 corpus
833 4140 900 4194 ad
937 4141 1172 4194 fetorem
1206 4142 1434 4196 rediret.

425 4227 565 4297 inec.
623 4228 700 4298 V].
737 4228 821 4283 11.
877 4230 956 4283 Ex
997 4237 1318 4284 sanctorum
1358 4232 1590 4302 ﬂagellis
1636 4233 2054 4304 intelligendum

353 4332 469 4384 quae
500 4318 629 4384 ipsis
659 4332 884 4381 merces,
917 4335 1035 4388 qua
1067 4320 1269 4390 iniquis
1297 4337 1458 4390 paena
1489 4329 1814 4378 reservetur.
1848 4354 1915 4362 —-
1944 4325 2049 4378 Sed

2127 1893 2230 1946 Job
2263 1891 2361 1946 Dei
2406 1887 2745 1944 testimonio
2779 1884 3100 1955 praefertur,
3131 1887 3188 1935 et
3215 1885 3408 1934 tamen
3435 1877 3618 1948 plagis
3649 1889 3842 1943 usque

2132 1981 2201 2036 ad
2244 1978 2676 2048 sterquilinium
2728 1968 3208 2036 sternitur‘lQuid
3258 1973 3364 2034 est,
3397 1968 3550 2037 quod
3584 1965 3840 2018 Joannes

2132 2071 2235 2127 Dei
2265 2085 2399 2124 voce
2431 2067 2724 2131 laudatur,
2757 2067 2815 2119 et
2838 2072 3027 2117 tamen
3063 2076 3162 2130 pro
3196 2056 3498 2113 temulenti
3542 2052 3732 2110 verbis
3753 2052 3841 2125 (ά)

2135 2159 2192 2214 in
2219 2157 2548 2214 saltationis
2573 2153 2876 2225 praemium
2902 2147 3186 2205 moritur?
3206 2146 3354 2210 Quid
3389 2149 3498 2213 est,
3526 2142 3675 2214 quod
3700 2158 3850 2196 om-

2138 2249 2406 2319 nipotens
2437 2246 2586 2301 Deus
2618 2244 2700 2300 sic
2722 2242 3094 2298 vehementer
3117 2238 3173 2292 in
3196 2237 3304 2292 hoc
3335 2233 3542 2291 seculo
3565 2231 3843 2301 despicit,

2139 2318 2286 2409 quos
2319 2336 2401 2391 sic
2424 2321 2752 2390 sublimiter
2773 2337 2904 2385 ante
2925 2329 3132 2383 saecula
3158 2325 3359 2395 elegit:
3387 2323 3497 2377 nisi
3530 2321 3658 2385 hoc,
3683 2318 3843 2390 quod

2139 2425 2336 2499 pietati
2383 2422 2643 2478 ﬁdelium
2685 2425 2860 2494 patet,
2897 2418 3175 2490 quoniam
3217 2414 3430 2469 idcirco
3463 2412 3545 2466 sic
3573 2425 3674 2465 eos
3707 2423 3842 2480 pre-

2140 2519 2246 2572 mit
2294 2515 2350 2571 in
2402 2513 2647 2581 inﬁmis,
2708 2510 2847 2582 quia
2900 2505 3351 2577 videtquomodo
3397 2504 3734 2557 remuneret
3779 2499 3839 2552 in

2139 2607 2393 2664 summis
2418 2613 2497 2674 ;et
2535 2605 2687 2659 foras
2719 2616 2907 2671 usque
2935 2599 3002 2653 ad
3041 2599 3314 2668 despecta
3342 2592 3557 2662 dejicit,
3586 2590 3726 2661 quia
3747 2589 3842 2643 in-

2140 2703 2236 2754 tus
2268 2710 2444 2765 usque
2465 2694 2537 2748 ad
2569 2686 3181 2760 incomprehensibilia
3221 2682 3498 2756 perducit.
3532 2679 3675 2735 Hinc
3708 2692 3849 2749 ergo

2144 2786 2556 2856 unusquisque
2585 2781 2819 2850 colligat
2850 2777 2989 2848 quid
3019 2775 3136 2831 illic
3169 2775 3286 2829 sint
3317 2770 3547 2844 passuri
3577 2784 3728 2840 quos
3761 2782 3852 2822 re-

2146 2876 2373 2949 probat,
2402 2875 2450 2928 si
2498 2873 2594 2926 hic
2623 2871 2708 2926 sic
2740 2867 2962 2924 cruciat
3005 2882 3151 2937 quos
3203 2865 3520 2928 amat;aut
3563 2856 3854 2928 quomodo

2148 2966 2429 3022 ferientur
2458 2961 2556 3032 qui
2589 2961 2647 3015 in
2674 2957 2895 3029 judicio
2937 2954 3222 3026 arguendi
3249 2955 3406 3016 sunt,
3441 2949 3490 3006 si
3529 2949 3609 3004 sic
3641 2961 3854 3002 eorum

2150 3059 2268 3112 vita
2316 3052 2618 3126 permitur,
2667 3049 2767 3121 qui
2807 3049 2931 3119 ipso
2975 3046 3173 3116 judice
3205 3049 3349 3099 teste
3387 3040 3722 3098 laudantur.
3752 3035 3866 3091 Se-

2150 3148 2382 3218 quitur:

2649 3263 2880 3322 CAPUT
2921 3261 3040 3320 VIII
3072 3263 3215 3331 [Rec.
3251 3260 3358 3331 Vl].

2222 3380 2398 3434 Vsas.
2432 3378 2482 3432 9.
2518 3407 2585 3418 --
2616 3377 2766 3431 Dixit
2806 3377 2989 3428 autem
3027 3372 3114 3425 illi
3149 3385 3290 3425 uxor
3336 3383 3477 3422 sua:
3499 3361 3682 3419 Adhuc
3722 3377 3863 3433 per-

2152 3485 2343 3526 manes
2373 3470 2430 3524 in
2462 3466 2816 3536 simplicitate
2847 3469 2943 3517 tua
2967 3467 2989 3514 ?
3018 3460 3243 3516 Benedic
3272 3459 3398 3525 Deo,
3443 3459 3493 3511 et
3522 3467 3751 3508 morere.

2227 3594 2316 3650 12.
2352 3594 2537 3648 Tentat
2569 3587 2819 3644 diabolus
2849 3589 3056 3641 stantes
3087 3591 3179 3639 aut
3205 3576 3664 3636 tribulationibus
3694 3575 3862 3643 fran-

2155 3700 2302 3757 gere,
2316 3691 2412 3739 aut
2431 3677 2879 3753 persuasionibus
2892 3675 3136 3732 mollire.
3167 3673 3380 3744 Quaerit
3397 3667 3690 3723 mulierem
3702 3665 3866 3736 quasi

2155 3753 2385 3841 scalam,
2418 3788 2525 3844 qua
2555 3768 2614 3824 in
2644 3784 2736 3823 cor
2771 3767 2867 3822 Job
2908 3763 3161 3820 ascendat
3183 3761 3316 3818 :sed
3344 3761 3574 3831 frustra.
3606 3786 3677 3795 —
3699 3753 3864 3809 Auti-

2159 3878 2310 3934 quus
2343 3860 2525 3915 hostis
2564 3856 2894 3910 humanum
2944 3866 3129 3921 genus
3160 3848 3386 3903 duobus
3419 3844 3603 3900 modis
3637 3847 3864 3934 tentare

2159 3929 2486 4013 consuevit;
2510 3953 2576 4002 ut
2606 3941 2868 3998 videlicet
2889 3940 3065 3996 corda
3084 3939 3366 3994 stantium
3399 3939 3498 3989 aut
3529 3929 3862 3987 tribulatio—

2160 4042 2333 4097 nibus
2351 4041 2599 4110 frangat,
2619 4045 2719 4093 aut
2751 4029 3228 4104 persuasionibus
3253 4024 3496 4082 molliat.
3521 4024 3584 4078 In
3598 4019 3868 4110 utrisque

2159 4148 2290 4201 ergo
2333 4107 2537 4185 contra
2589 4131 2818 4183 beatum
2881 4123 2989 4178 Job
3048 4136 3108 4175 se
3157 4117 3527 4172 vehementer
3584 4107 3863 4166 exercuit.

2160 4221 2233 4292 (e)
2285 4220 2430 4275 Nam
2478 4220 2637 4289 prius
2685 4211 3090 4288 patrifamilias
3141 4205 3335 4262 intulit
3381 4204 3596 4258 damna
3646 4211 3867 4258 rerum,

2161 4310 2385 4367 orbavit
2424 4314 2645 4380 patrem
2679 4311 2860 4363 morte
2891 4302 3164 4366 ﬁliorum,
3198 4294 3486 4368 percussit
3513 4292 3868 4348 incolumem

354 4381 485 4459 ecce
508 4381 634 4458 cum
661 4381 985 4461 beatusJob
1010 4414 1092 4462 tot
1119 4381 1308 4464 rerum
1334 4411 1550 4466 damna
1570 4414 1841 4480 sustinet,
1876 4413 1947 4485 (c)
1973 4420 2037 4469 to

2164 4401 2468 4472 putredine
2510 4397 2837 4454 vulnerum.
2879 4393 2989 4449 Sed
3039 4389 3176 4461 quia
3221 4388 3649 4458 putrescentem
3692 4381 3868 4444 foras,

356 4491 656 4547 funeribus
692 4495 996 4563 pignerum
1030 4513 1340 4565 percussus
1368 4501 1544 4570 dolet,
1578 4507 1664 4557 tot
1694 4503 1933 4559 vulnera
1965 4509 2058 4560 to-

356 4583 535 4649 lerat;
561 4584 700 4638 dum
726 4585 1124 4642 decurrentem
1158 4591 1378 4646 saniem
1406 4599 1549 4647 testa
1581 4595 1752 4662 radit,
1786 4599 1922 4650 dum
1959 4613 2059 4666 per

357 4671 721 4745 putredinem
757 4673 1020 4730 defluens
1063 4675 1120 4731 in
1170 4681 1534 4750 sterquilinio
1566 4684 2056 4751 residet;intueri

354 4762 495 4819 libet
535 4763 672 4834 quid
718 4768 823 4824 est.
861 4764 1014 4834 quod
1053 4769 1406 4838 omnipotens
1437 4770 1590 4827 Deus
1622 4791 1765 4844 quos
1795 4776 1905 4830 sibi
1937 4781 2057 4831 tam

354 4854 561 4910 charos
590 4852 649 4907 in
680 4858 962 4909 mternum
1004 4856 1306 4927 conspicit,
1351 4864 1467 4916 tam
1498 4861 1861 4919 vehementer
1891 4866 2059 4936 quasi

352 4945 678 5016 despiciens
706 4943 932 5016 afﬂigit.
967 4945 1110 5002 Ecce
1132 4954 1323 5003 autem
1349 4950 1484 5006 dum
1508 4952 1657 5007 beati
1690 4953 1798 5008 Job
1819 4956 2063 5013 vulnera

356 5036 772 5107 cruciatusque
833 5037 1161 5106 considero,
1206 5045 1440 5109 repente
1486 5042 1698 5099 mentis
1741 5043 1940 5100 oculos
1989 5046 2061 5101 ad

354 5125 634 5182 Joannem
670 5127 902 5193 reduco,
936 5131 991 5182 et
1022 5144 1134 5182 non
1159 5127 1286 5184 sine
1306 5131 1651 5201 gravissima
1681 5135 2064 5194 admiratione

361 5216 672 5281 perpendo,
726 5217 876 5282 quod
924 5215 1020 5271 ille
1062 5218 1376 5289 prophetiae
1417 5221 1623 5290 spiritu
1669 5222 1820 5278 intra
1857 5227 2063 5282 matris

362 5304 593 5354 uterum
636 5302 932 5372 impletus,
972 5311 1166 5378 atque,
1210 5313 1274 5363 ut
1304 5309 1384 5363 ita
1414 5310 1679 5380 dixerim,
1722 5313 2061 5385 priusquam

437 5485 513 5567 ςᾳ)
536 5484 737 5567 gorb.,
765 5487 983 5567 germ.,
1018 5491 1109 5547 hic
1131 5499 1186 5549 et
1210 5513 1404 5567 supra,
1431 5499 1673 5556 vulnere.

434 5559 510 5639 (ρ)
533 5556 747 5638 Omnes
773 5558 1000 5625 Excusi,
1023 5579 1132 5618 non
1155 5556 1401 5635 qualibet
1427 5572 1673 5639 interra,
1695 5577 1899 5631 contra
1929 5577 2065 5633 Mss.

363 5635 788 5686 testimonium.

437 5699 516 5772 (ο)
545 5699 796 5770 Ebroio.,
828 5704 904 5758 tot
919 5701 1238 5763 vulneribus
1254 5712 1568 5779 pignerum.

2166 4507 2371 4547 sanum
2403 4489 2591 4544 adhuc
2622 4487 2867 4542 interius
2896 4488 3052 4538 stare
3073 4475 3375 4548 conspexit
3399 4492 3412 4543 ;
3433 4481 3490 4530 et
3507 4487 3680 4544 quem
3706 4475 3880 4525 exte—

2166 4582 2288 4636 rius
2323 4581 2543 4635 nudum
2578 4575 2845 4641 reddidit,
2880 4566 3299 4627 huncinterius
3323 4565 3588 4620 ditiorem
3623 4557 3749 4614 ﬁeri
3775 4572 3873 4628 per

2165 4672 2480 4729 exhibitam
2511 4669 2740 4723 laudem
2775 4661 3088 4720 conditoris
3109 4657 3312 4714 invidit
3336 4652 3576 4724 ;callide
3606 4648 3870 4719 cogitans

2166 4767 2372 4835 pensat
2408 4760 2559 4832 quod
2610 4763 2810 4812 contra
2840 4769 2899 4809 se
2946 4751 3163 4807 athleta
3210 4747 3309 4803 Dei
3360 4744 3515 4799 unde
3563 4739 3875 4835 premitur,

2165 4830 2302 4910 inde
2323 4830 2678 4914 sublevatur,
2700 4848 3004 4915 victusque
3034 4840 3102 4895 ad
3137 4836 3376 4893 subtilia
3409 4830 3666 4889 tentandi
3702 4842 3874 4899 argu-

2168 4947 2367 4998 menta
2411 4937 2782 4996 convertitur.
2816 4935 2950 5003 [γει.
2981 4931 3070 5002 V.]
3103 4928 3246 4984 Nam
3285 4924 3538 4995 antiquae
3561 4919 3702 4975 artis
3733 4916 3879 4972 insi-

2168 5033 2291 5087 dias
2321 5029 2555 5100 repetit;
2579 5036 2630 5084 et
2671 5026 2808 5097 quia
2840 5023 2950 5079 scit
2996 5016 3287 5090 quomodo
3338 5012 3520 5071 Adam
3555 5006 3742 5100 decipi
3772 5022 3878 5062 so-

2169 5123 2303 5187 leat,
2352 5098 2420 5175 ad
2456 5119 2629 5174 Evam
2663 5113 2930 5170 recurrit.
2987 5109 3082 5164 78
3116 5108 3354 5162 Beatum
3394 5103 3549 5158 enim
3581 5098 3700 5187 Job,
3728 5098 3879 5152 inter

2170 5214 2250 5266 tot
2291 5186 2488 5263 rerum
2535 5207 2768 5266 damna,
2802 5201 2952 5256 inter
2997 5204 3079 5253 tot
3127 5191 3567 5267 percussionum
3610 5186 3878 5252 vulnera,

2171 5300 2336 5371 quasi
2368 5299 2426 5353 in
2460 5297 2713 5367 quadam
2737 5293 3014 5348 virtutum
3046 5301 3174 5344 arce
3207 5291 3364 5340 stare
3394 5281 3678 5336 invictum
3712 5275 3880 5333 vidit.

2241 5497 2320 5566 (d)
2349 5495 2436 5550 Ita
2457 5508 2600 5575 pene
2629 5504 2833 5546 omnes
2859 5487 2996 5542 Mss.
3029 5484 3273 5549 Quidam
3312 5477 3487 5542 Editi,
3532 5478 3594 5531 in
3632 5470 3890 5529 saltatri-

2171 5571 2246 5624 cis
2275 5571 2596 5638 prgmium.

2244 5629 2318 5710 (e)
2349 5637 2470 5695 Duo
2493 5637 2679 5704 Rem.,
2700 5649 2831 5690 nam
2859 5631 2957 5704 qui
2983 5629 3164 5698 prius.
