4134 6174
223 233 339 295 605

1160 233 1572 298 MORALIUM
1621 235 1776 298 LIB.
1825 237 1932 298 111.
1980 272 2056 284 —
2102 239 2178 298 IN
2227 238 2392 301 CAP.
2441 239 2492 299 11
2540 238 2609 297 B.
2661 213 2836 296 son.

3641 235 3760 299 606

218 368 280 424 ln
331 368 450 423 alto
491 367 708 440 quippe
755 369 1009 424 mentem
1055 367 1292 436 fixerat;
1325 375 1382 425 et
1412 370 1625 427 idcirco
1658 373 1806 427 hanc
1839 373 1944 429 ho-
1976 377 2024 441 Α
2057 375 2208 431 lento
2242 391 2505 430 sermone
2536 387 2929 443 corrumpere.
2954 369 3140 426 Verba
3171 371 3321 426 enim
3361 375 3486 444 post
3520 373 3758 429 vulnera

215 458 385 513 stiles
416 458 648 514 insidia
679 459 1003 528 irrumpere
1035 475 1148 514 non
1181 460 1468 514 valebant.
1498 461 1785 524 Quaritur
1809 480 1944 535 ergo

214 551 286 606 ab
320 550 658 605 adversario
690 549 748 604 in
792 549 944 605 hanc
995 566 1185 606 arcem
1239 551 1696 608 munitissimam
1731 555 1946 624 quibus

215 640 500 712 gradibus
552 638 921 694 ascendatur.
953 638 1160 694 Vicina
1208 645 1294 694 est
1343 645 1536 696 autem
1570 645 1690 698 viro
1740 643 1949 700 mulier

217 735 399 799 atque
418 730 493 800 (a)
515 729 852 798 subjuncta.
877 729 984 784 Cor
1007 728 1182 798 igitur
1205 728 1463 785 mulieris
1487 735 1688 798 tenuit,
1705 737 1760 788 et
1782 733 1944 803 quasi

219 820 466 886 scalam,
501 834 618 889 qua
649 820 718 874 ad
753 836 850 875 cor
879 819 985 874 viri
1025 820 1336 875 ascendere
1383 822 1661 891 potuisset
1707 822 1945 878 invenit.

217 909 541 980 Occupavit
572 910 832 964 animum
857 909 1150 981 conjugis,
1175 908 1392 965 scalam
1428 911 1643 966 mariti.
1669 912 1775 966 Sed
1803 909 1947 966 nihil

217 998 336 1053 hac
385 1004 506 1054 arte
555 997 881 1070 pravaluit,
914 999 1053 1070 quia
1097 1004 1336 1054 sanctus
1367 1000 1454 1054 vir
1483 1001 1803 1070 subjectam
1836 999 1946 1056 sibi

218 1089 553 1154 mulierem,
579 1093 634 1144 et
665 1105 778 1144 non
813 1087 1184 1161 prapositam
1210 1090 1488 1158 attendit;
1512 1097 1568 1145 et
1592 1098 1741 1147 recta
1763 1091 1838 1163 (b)
1865 1091 1946 1145 lo-

220 1196 409 1251 quens
459 1179 675 1248 docuit,
728 1196 902 1250 quam
951 1195 1213 1250 serpens,
1261 1187 1324 1234 ut
1373 1197 1638 1252 perversa
1686 1181 1949 1252 loquere-

218 1274 342 1337 tur,
360 1268 956 1340 instigavit.Dignum
980 1270 1194 1339 quippe
1212 1279 1335 1324 erat
1359 1276 1421 1325 ut
1448 1271 1660 1327 ﬂuxam
1687 1277 1942 1326 mentem

217 1358 408 1413 virilis
441 1375 694 1414 censura
744 1359 1140 1430 restringeret,
1174 1375 1308 1414 cum
1344 1360 1600 1431 profecto
1632 1370 1683 1416 et
1715 1360 1785 1415 de
1816 1359 1942 1431 ipso

217 1448 415 1518 primo
470 1447 637 1517 lapsu
683 1446 927 1502 humani
958 1447 1188 1518 generis
1217 1448 1292 1519 (c)
1327 1453 1524 1505 nosset
1555 1450 1704 1519 quod
1739 1449 1944 1506 docere

222 1537 441 1591 mulier
472 1541 628 1592 recta
660 1536 926 1593 nesciret.
963 1536 1128 1592 Unde
1169 1537 1316 1592 bene
1347 1542 1403 1592 et
1435 1554 1538 1609 per
1571 1538 1819 1594 Paulum
1853 1539 1943 1592 di-

222 1625 380 1680 citur
415 1642 428 1681 :
464 1626 655 1682 Docere
691 1629 876 1681 autem
916 1625 1145 1680 mulieri
1187 1643 1301 1680 non
1345 1629 1602 1697 permitto
1631 1629 1677 1698 (1
1711 1629 1842 1682 Tim.
1879 1643 1939 1694 11,

231 1717 359 1786 t2);
393 1715 530 1786 quia
560 1716 836 1771 nimirum
881 1715 1198 1787 aliquando
1231 1733 1362 1771 cum
1397 1717 1612 1786 docuit,
1648 1735 1678 1772 a
1711 1718 1941 1788 sapien-
1973 1751 2019 1815 Β

223 1806 324 1860 tia
374 1804 695 1860 aeternitate
742 1806 1049 1874 separavit.
1085 1808 1366 1875 Antiquus
1411 1806 1607 1877 itaque
1647 1805 1833 1861 hostis
1865 1807 1935 1861 ab

223 1894 412 1950 Adam
449 1893 504 1947 in
541 1893 903 1964 sterquilinio
926 1893 1000 1965 (ά)
1029 1894 1300 1966 perdidit,
1335 1896 1433 1966 qui
1465 1896 1646 1950 Adam
1679 1897 1736 1950 in
1771 1913 1935 1966 para-

227 1984 356 2039 diso
376 1984 700 2055 superavit;
723 1989 900 2054 atque
918 1984 1262 2055 adjutricem
1281 2001 1448 2041 suam
1475 1985 1774 2041 mulierem
1797 1985 1937 2041 dum

226 2073 295 2127 ad
333 2076 502 2127 verba
546 2070 711 2127 mala
757 2073 1153 2143 persuasionis
1195 2073 1480 2142 accendit,
1513 2075 1581 2129 ad
1616 2075 1938 2130 doctrinam

229 2174 440 2219 sancta
490 2164 836 2220 eruditionis
887 2164 1085 2232 misit;
1115 2171 1172 2220 et
1203 2183 1329 2236 qua
1363 2166 1610 2221 excitata
1657 2165 1844 2221 fuerat
1877 2168 1942 2220 ut

228 2255 515 2324 perderet,
551 2252 782 2308 erudita
815 2258 901 2308 est
935 2269 1006 2308 ne
1049 2254 1280 2325 periret.
1314 2255 1404 2310 Sic
1437 2255 1519 2310 sic
1551 2272 1584 2309 a
1615 2254 1824 2310 nostris
1855 2254 1938 2308 vi-

229 2342 318 2395 ris
351 2342 595 2397 fortibus
625 2341 814 2398 hostis
846 2343 1188 2414 percutitur,
1224 2348 1286 2398 ut
1315 2361 1421 2399 sua
1441 2345 1492 2400 ei
1516 2344 1689 2400 etiam
1717 2345 1830 2399 tela
1855 2360 1940 2397 ra-

228 2430 488 2506 piantur.
523 2430 687 2487 Unde
718 2431 872 2487 enim
915 2448 978 2488 se
1021 2447 1368 2504 exaggerare
1397 2435 1650 2489 astimat
1679 2433 1939 2488 dolorem

227 2519 518 2588 vulneris,
572 2520 704 2576 inde
749 2521 822 2592 (e)
869 2522 951 2577 eis
999 2527 1200 2578 contra
1252 2523 1627 2595 semetipsum
1682 2521 1944 2594 suggerit

231 2629 404 2668 arma
435 2613 684 2668 virtutis.

307 2701 397 2755 13.
428 2703 514 2756 Ex
543 2702 715 2757 verbis
744 2704 995 2759 diabolus
1031 2720 1133 2775 per
1175 2720 1262 2760 eos
1305 2706 1401 2775 qui
1441 2705 1591 2759 nobis
1635 2703 1942 2771 adhaerent,

228 2805 328 2846 nos
351 2795 546 2846 tentat.
572 2822 640 2830 —
662 2794 739 2846 Ex
760 2791 949 2847 verbis
973 2801 1167 2848 autem
1197 2792 1344 2848 male
1377 2792 1781 2862 persuadentis
1804 2808 1944 2848 con-

221 2879 386 2951 jugis
419 2879 731 2952 vigilanter
750 2882 1031 2938 debemus
1061 2883 1321 2954 aspicere
1342 2884 1495 2954 quod
1529 2883 1810 2954 antiquus
1843 2883 1946 2938 ad-

229 2971 524 3026 versarius
577 2987 695 3027 non
744 2971 930 3028 solum
987 2989 1088 3044 per
1135 2974 1538 3044 semetipsum,
1573 2974 1674 3028 sed
1715 2990 1818 3044 per
1847 2989 1948 3028 eos

2055 464 2271 531 intulit,
2305 469 2368 518 ut
2409 463 2688 518 nimirum
2736 478 2868 516 cum
2919 462 3005 517 vis
3051 460 3264 515 doloris
3310 460 3751 532 ingravesceret,

2054 555 2219 610 facile
2277 553 2667 620 persuasionis
2727 552 3022 623 suggestio
3080 567 3347 621 perversa
3402 552 3755 623 praevaleret.

2054 646 2187 716 [νει.
2230 646 2332 717 VL]
2383 645 2492 700 Sed
2544 644 2592 698 si
2644 645 2835 714 ipsum
2896 641 3180 696 subtiliter
3238 642 3581 698 tentationis
3637 642 3760 711 ejus

2055 737 2318 792 ordinem
2355 736 2787 808 perpendimus,
2822 751 2934 805 qua
2965 732 3282 787 calliditate
3314 733 3513 787 saviat
3545 730 3762 786 inveni-

2057 843 2208 881 mus.
2245 826 2419 880 Movit
2453 840 2700 894 namque
2735 823 2895 894 prius
2918 823 3132 876 damna
3165 823 3523 888 substantia,
3548 838 3675 892 qua
3706 825 3765 876 et

2055 923 2216 972 extra
2249 922 2517 971 naturam
2553 916 2806 985 profecto
2837 918 3051 979 essent,
3079 916 3134 966 et
3163 917 3323 966 extra
3353 928 3579 982 corpus.
3616 912 3764 967 Sub-

2055 1006 2226 1060 traxit
2271 1006 2442 1072 filios,
2476 1005 2626 1076 quod
2672 1007 2792 1072 jam
2838 1003 3072 1074 quidem
3120 1008 3280 1056 extra
3326 1008 3595 1057 naturam
3646 1018 3760 1056 non

2056 1100 2228 1160 esset,
2263 1095 2360 1150 sed
2398 1102 2588 1148 tamen
2623 1094 2813 1147 adhuc
2845 1091 3219 1162 aliquatenus
3250 1094 3410 1144 extra
3458 1087 3760 1159 proprium

2055 1201 2282 1255 corpus.
2312 1185 2393 1240 Ad
2436 1189 2756 1239 extremum
2797 1181 3080 1253 percussit
3111 1187 3168 1236 et
3208 1197 3434 1251 corpus.
3473 1179 3584 1233 Sed
3619 1177 3760 1247 quia

2051 1274 2386 1330 vulneribus
2434 1273 2620 1328 carnis
2669 1274 2734 1327 ad
2785 1272 2996 1326 mentis
3042 1269 3251 1325 vulnus
3301 1268 3594 1340 pervenire
3641 1284 3757 1322 non

2051 1365 2249 1429 valuit,
2278 1365 2454 1419 etiam
2488 1365 2809 1434 conjuncta
2844 1361 3103 1416 mulieris
3138 1361 3234 1416 79
3267 1359 3525 1428 linguam
3552 1356 3762 1428 quasi-

2051 1455 2146 1508 vit.
2185 1457 2330 1520 Quia
2362 1457 2515 1508 enim
2562 1456 2762 1524 aperto
2809 1451 3119 1506 certamine
3165 1449 3425 1521 superari
3461 1465 3521 1504 se
3550 1446 3760 1515 doluit,

2051 1544 2121 1598 de
2139 1559 2234 1598 ore
2251 1541 2512 1612 conjugis
2528 1541 2794 1611 jaculum
2816 1540 2980 1610 quasi
3001 1540 3070 1593 de
3092 1539 3324 1593 insidiis
3351 1536 3606 1604 intorsit,
3627 1552 3757 1607 qua

2051 1649 2152 1704 pro
2167 1635 2309 1688 tecto
2338 1633 2590 1686 diceret:
2616 1630 2814 1685 Adhuc
2837 1645 3125 1700 permanes
3155 1630 3210 1681 in
3242 1627 3593 1697 simplicitate
3624 1630 3759 1680 tua?

2048 1723 2284 1778 Benedic
2315 1723 2440 1790 Deo,
2471 1726 2518 1776 et
2563 1736 2790 1776 morere.
2823 1720 2966 1774 Ecce
3007 1719 3285 1773 tentando
3320 1716 3514 1771 omnia
3557 1716 3757 1770 abstu-

2046 1811 2134 1877 lit,
2167 1828 2297 1866 ecce
2338 1813 2613 1866 tentando
2659 1807 2962 1864 mulierem
3010 1806 3264 1877 reliquit,
3305 1811 3360 1859 et
3405 1808 3606 1860 sancto
3636 1803 3754 1858 viro

2047 1900 2253 1957 callide
2275 1905 2486 1956 cuncta
2506 1899 2774 1967 diripuit;
2799 1899 2898 1954 sed
2925 1897 3089 1951 valde
3113 1896 3383 1951 callidius
3410 1893 3752 1961 adiutricem

2048 2007 2215 2045 suam
2253 1989 2560 2044 mulierem
2591 1987 2922 2054 reservavit,
2959 2003 3085 2057 qua
3119 1985 3270 2040 dicat
3295 2002 3307 2040 :
3332 1983 3516 2039 Adhuc
3543 1998 3762 2053 perma-

2045 2096 2140 2135 nes
2171 2083 2229 2135 in
2259 2080 2612 2151 simplicitate
2645 2081 2783 2133 tua?
2812 2076 2997 2131 Verba
3045 2093 3147 2132 sua
3192 2077 3305 2130 Eva
3351 2075 3582 2146 repetit.
3617 2074 3762 2130 Nam

2047 2169 2186 2240 quid
2207 2174 2296 2225 est
2319 2170 2506 2224 dicere
2531 2185 2543 2221 :
2575 2166 3011 2237 Simplicitatem
3045 2167 3264 2230 desere,
3291 2165 3404 2219 nisi
3434 2164 3761 2220 :Obedien-

2047 2258 2207 2324 tiam,
2241 2259 2308 2328 (Ι)
2339 2258 2578 2311 vetitum
2617 2255 2992 2321 comedendo,
3025 2258 3325 2308 contemne
3347 2252 3373 2305 ?
3403 2253 3469 2306 Et
3500 2251 3638 2321 quid
3673 2254 3762 2305 est

2049 2349 2241 2402 dicere
2274 2365 2287 2402 :
2324 2346 2558 2402 Benedic
2589 2347 2712 2411 Deo,
2746 2355 2798 2400 et
2831 2359 3058 2411 morere,
3094 2342 3205 2397 nisi
3233 2360 3245 2397 :
3274 2340 3759 2395 Transcendendo

2050 2443 2428 2508 praceptum,
2456 2435 2608 2490 ultra
2630 2450 2801 2504 quam
2837 2450 2896 2488 es
2924 2431 3220 2497 conditus,
3244 2430 3408 2485 vive?
3438 2430 3547 2485 Sed
3573 2429 3758 2483 Adam

2052 2529 2249 2582 noster
2297 2525 2462 2580 fortis
2506 2524 2566 2579 in
2611 2523 2980 2594 sterquilinio
3017 2521 3227 2591 jacuit,
3260 2521 3358 2591 qui
3401 2519 3458 2572 in
3494 2518 3760 2590 paradiso

2052 2615 2349 2686 quondam
2377 2613 2586 2669 debilis
2613 2615 2792 2667 stetit.
2817 2611 2960 2666 Nam
2994 2609 3147 2666 illico
3176 2611 3246 2664 ad
3282 2607 3429 2664 male
3462 2606 3762 2663 suadentis

2051 2705 2227 2759 verba
2257 2701 2580 2774 respondit,
2613 2702 2811 2756 dicens
2847 2717 2859 2756 :

2551 2789 2780 2846 CAPUT
2824 2789 2896 2844 1x
2935 2787 3083 2859 [Rec.
3129 2789 3259 2859 VII].

2125 2884 2301 2939 Vaas.
2336 2885 2422 2937 10.
2457 2913 2522 2921 -
2555 2882 2724 2949 Quasi
2753 2895 2864 2934 una
2895 2879 2960 2933 de
2987 2879 3170 2934 stultis
3213 2874 3543 2932 mulieribus
3584 2874 3764 2930 locuta

2053 2990 2125 3031 es.
2157 2974 2221 3031 Si
2253 2977 2392 3028 bona
2423 2973 2718 3041 accipimus
2748 2969 2812 3024 de
2841 2984 3010 3023 manu
3042 2968 3283 3034 Domini,
3313 2967 3394 3038 (a)
3415 2967 3561 3020 mala
3592 2977 3762 3033 quare

229 3059 402 3115 etiam
454 3061 553 3131 qui
607 3060 778 3118 nobis
824 3061 1142 3129 adharent,
1198 3067 1418 3118 statum
1470 3064 1682 3135 satagit
1731 3067 1941 3118 nostra
1971 3062 2159 3128 Cncn
2188 3061 2598 3119 sustineamus?

232 3151 446 3206 mentis
497 3149 799 3207 inclinare.
837 3151 981 3207 Cum
1033 3155 1187 3208 enim
1235 3169 1334 3209 cor
1381 3159 1644 3208 nostrum
1680 3170 1783 3209 sua
1815 3169 1944 3225 per-

231 3239 506 3295 suasione
557 3256 674 3295 non
724 3241 976 3309 subruit,
1009 3242 1080 3297 ad
1126 3242 1235 3298 hoc
1265 3241 1545 3297 nimirum
1581 3259 1678 3314 per
1712 3242 1944 3314 linguae

232 3328 657 3384 adharentium
699 3331 864 3400 repit.
911 3330 1056 3386 Hinc
1085 3331 1238 3386 enim
1271 3333 1554 3403 scriptum
1587 3336 1675 3388 est
1702 3347 1715 3387 :
1750 3333 1788 3386 Α
1816 3332 1948 3402 ﬁliis

235 3419 355 3474 tuis
401 3433 551 3485 cave,
598 3421 648 3473 et
688 3434 722 3472 a
765 3417 1071 3475 domesticis
1121 3422 1230 3474 tuis
1280 3420 1496 3476 attende
1541 3421 1725 3489 (Eccli.
1772 3438 1947 3493 xxxu,

236 3506 360 3572 26).
405 3506 541 3561 Hinc
589 3523 692 3578 per
740 3509 1078 3579 prOphetam
1131 3510 1387 3565 dicitur:
1426 3510 1804 3582 Unusquisque
1829 3528 1887 3567 se
1915 3529 1950 3568 a

234 3593 504 3668 proximo
534 3611 626 3650 suo
658 3597 946 3662 custodiat,
974 3603 1024 3652 et
1057 3599 1113 3652 in
1148 3602 1303 3654 omni
1329 3601 1513 3668 fratre
1555 3615 1652 3654 suo
1693 3615 1802 3655 non
1848 3600 1948 3655 ha-

242 3686 368 3739 beat
396 3685 656 3754 ﬁduciam
684 3687 816 3758 (Jer.
851 3704 924 3754 1x,
960 3688 1034 3758 4).
1071 3688 1215 3744 Hinc
1245 3706 1484 3744 rursum
1516 3690 1800 3760 scriptum
1823 3696 1948 3746 est:

231 3775 470 3860 inimici
516 3774 756 3830 hominis
810 3776 1086 3832 domestici
1127 3780 1246 3848 ejus
1296 3778 1508 3848 (Matth.
1546 3795 1600 3844 x,
1637 3779 1748 3849 36).
1782 3779 1954 3835 Calli-

241 3865 356 3919 dus
407 3881 656 3936 namque
705 3866 1093 3933 adversarius,
1128 3884 1258 3922 cum
1293 3885 1324 3922 a
1365 3869 1649 3924 bonorum
1683 3869 1956 3927 cordibus

238 3953 446 4024 repelli
477 3970 541 4009 se
569 3953 874 4025 conspicit,
901 3973 999 4012 eos
1031 3959 1130 4028 qui
1177 3958 1246 4012 ab
1292 3956 1410 4012 illis
1436 3957 1598 4012 valde
1629 3957 1957 4029 diliguntur

243 4045 528 4114 exquirit;
561 4049 618 4100 et
651 4061 752 4117 per
773 4061 969 4101 eorum
995 4049 1172 4102 verba
1207 4047 1510 4104 blandiens
1541 4048 1821 4120 loquitur,
1856 4049 1957 4120 qui

231 4133 382 4204 plus
412 4133 636 4190 cateris
666 4141 970 4204 amantur;
1006 4142 1068 4192 ut
1097 4138 1236 4192 dum
1269 4137 1357 4193 vis
1390 4140 1602 4193 amoris
1634 4154 1732 4192 cor
1768 4139 1956 4210 perfo-

243 4229 362 4287 rat,
389 4225 554 4279 facile
589 4226 989 4295 persuasionis
1016 4227 1145 4296 ejus
1177 4227 1405 4297 gladius
1438 4229 1509 4282 ad
1541 4227 1758 4283 intima
1793 4227 1961 4284 recti-

247 4313 476 4368 tudinis
497 4315 827 4370 munimina
849 4316 1157 4387 irrumpat.
1179 4316 1530 4371 Postdamoa
1546 4317 1724 4388 igitur
1740 4334 1958 4384 rerum,

248 4407 384 4474 post
419 4403 647 4496 funera
707 4405 1040 4496 pignorum,
1094 4405 1510 4496 postqvulnera
1560 4407 1959 4478 scissurasque
1990 4431 2036 4496 Β

250 4492 677 4561 membrorum,
698 4493 977 4562 antiquus
1011 4494 1195 4550 hostis
1227 4495 1490 4566 linguam
1527 4498 1704 4552 movit
1735 4497 1955 4552 uxoris.

329 4582 414 4638 14.
447 4583 503 4637 In
547 4583 692 4638 serie
733 4584 1098 4640 tentationum
1141 4586 1234 4641 Job
1278 4601 1399 4657 qua
1437 4592 1581 4640 artes
1624 4588 1860 4642 inimici.
1893 4615 1961 4628 ~—

250 4670 328 4725 Et
361 4673 679 4729 notandum
714 4689 828 4744 quo
861 4679 1118 4746 tempore
1149 4674 1253 4730 viri
1297 4682 1548 4732 mentem
1591 4675 1774 4732 studit
1805 4679 1963 4733 viru-

327 4864 403 4934 (a)
441 4863 522 4938 Ita
552 4882 754 4922 omnes
787 4866 927 4923 Mss.
962 4867 1155 4933 Corb.,
1189 4869 1407 4935 Germ.,
1442 4885 1555 4925 non
1601 4870 1868 4938 subjecta,
1903 4873 1963 4925 ut

251 4936 550 5025 legitur'in
576 4938 1171 5025 ‘Editis..l?aulo“post
1201 4945 1392 5025 tamen
1437 4936 1709 5025 legimus,
1740 4946 1962 5025 sanctus

250 5010 340 5063 vir
385 5009 684 5075 subiectam
730 5010 840 5065 sibi
887 5009 1196 5079 mulierem,
1230 5017 1363 5080 etc.,
1405 5020 1458 5068 et
1506 5009 1585 5066 ita
1632 5014 1688 5067 in
1735 5013 1956 5068 omnib.

251 5083 396 5135 Mss.
431 5080 698 5136 habetur.

324 5150 398 5226 (bl
430 5150 692 5226 Plurimi,
726 5156 775 5226 et
805 5163 948 5210 recta
978 5153 1130 5226 loqui
1157 5154 1354 5209 docuit.

325 5221 393 5292 (ο)
429 5221 574 5279 Vera
622 5223 791 5280 lectio
843 5241 910 5281 ex
966 5221 1242 5282 omnibus
1296 5227 1424 5282 Mss.
1477 5224 1851 5292 confirmata;
1902 5226 1960 5280 in

250 5295 558 5421 Eglletttullid
617 5297 795 5352 Editis
851 5314 952 5368 pro
1009 5303 1184 5354 nosset
1238 5297 1452 5369 legitur
1500 5306 1676 5364 nocet,
1726 5299 1783 5353 in
1836 5298 1963 5354 aliis

329 5382 356 5420 c
418 5410 430 5420 .

289 5381 430 5420 0688.

327 5437 404 5508 (d)
429 5437 530 5494 Hic
553 5440 778 5496 variant
813 5439 950 5496 Mss.
977 5440 1158 5511 antiq.
1189 5440 1349 5496 Rem.
1375 5457 1502 5496 cum
1528 5442 1719 5508 Corb.,
1745 5441 1961 5507 Germ.,

251 5508 472 5584 habet:
497 5514 758 5582 antiquus
775 5511 968 5584 itaque
1012 5508 1176 5568 hostis
1207 5514 1273 5584 ab
1306 5512 1474 5567 Adam
1523 5515 1577 5568 in
1618 5514 1963 5584 sterquilinio

246 5581 530 5669 perdidit;
547 5581 736 5669 quam
769 5581 1521 5669 lectionemﬁamplect‘iniur
1543 5581 1835 5669 post._vet.
1860 5583 1962 5638 Ed.

256 5655 426 5710 Paris
466 5655 504 5709 2
547 5655 776 5727 Rhem.,
822 5671 1024 5713 omnes
1070 5655 1316 5729 Remig,
1349 5655 1615 5724 Vindoc.,
1664 5661 1962 5724 Norman.,

2128 3153 2213 3206 15.
2263 3152 2360 3207 Job
2409 3151 2654 3206 externis
2703 3149 2860 3205 rebus
2907 3164 3133 3214 vacuus,
3186 3149 3332 3202 intus
3385 3145 3491 3199 Deo
3540 3144 3760 3210 plenus.

2053 3244 2196 3319 Mala
2226 3245 2494 3314 quatenus
2524 3246 2787 3296 vocentur
2814 3239 3129 3310 ﬂugella.—
3152 3236 3295 3291 Ecce
3327 3236 3544 3304 ubique
3576 3231 3766 3287 hostis

2056 3330 2355 3397 frangitur,
2393 3329 2609 3399 ubique
2638 3331 2968 3398 superatur,
3005 3341 3104 3396 per
3133 3329 3344 3378 cuncta
3372 3320 3763 3377 tentationum

2057 3422 2397 3488 argumenta
2445 3415 2772 3481 succubuit,
2807 3415 2942 3484 quia
2987 3418 3045 3468 et
3093 3411 3236 3466 illud
3272 3425 3448 3465 suum
3479 3406 3765 3462 familiare

2058 3508 2329 3564 solatium
2361 3506 2538 3561 etiam
2570 3507 2640 3559 de
2672 3505 2912 3559 muliere
2961 3503 3176 3558 amisit.
3226 3501 3381 3556 Inter
3424 3499 3545 3554 hac
3585 3497 3765 3568 igitur

2060 3601 2329 3653 sanctum
2354 3595 2538 3649 virum
2567 3593 2778 3648 intueri
2815 3593 2975 3656 libet,
3001 3593 3155 3646 foras
3187 3590 3358 3645 rebus
3379 3603 3650 3652 vacuum,
3673 3587 3763 3638 in-

2062 3675 2350 3740 trinsecus
2382 3683 2496 3738 Deo
2531 3683 2788 3753 plenum.
2818 3682 3028 3738 Paulus
3061 3696 3192 3736 cum
3228 3679 3284 3732 in
3319 3678 3508 3746 seipso
3531 3675 3764 3729 divitias

2065 3773 2362 3845 sapientia
2393 3773 2634 3826 interna
2668 3771 3049 3839 conspiceret,
3084 3785 3262 3838 seque
3296 3769 3486 3836 ipsum
3518 3765 3774 3820 exterius

2066 3879 2195 3918 esse
2234 3861 2603 3933 corruptibile
2647 3877 2860 3930 corpus
2901 3860 3138 3925 videret,
3179 3858 3259 3912 ait
3295 3873 3306 3909 :
3341 3856 3609 3910 Habemus
3656 3853 3776 3907 the-

2065 3969 2293 4008 saurum
2337 3954 2506 4005 istum
2546 3954 2600 4004 in
2649 3951 2791 4004 vasis
2835 3948 3096 4018 ﬁctilibus
3141 3948 3213 4015 (ll
3243 3946 3363 4000 Cor.
3398 3961 3473 4010 1v,
3504 3946 3583 4013 7).
3631 3942 3777 3995 Ecce

2066 4043 2125 4097 in
2182 4044 2344 4096 beato
2382 4040 2492 4096 Job
2523 4056 2623 4094 vas
2667 4038 2842 4094 ﬁctile
2886 4039 3174 4092 scissuras
3219 4035 3480 4088 ulcerum
3528 4031 3781 4085 exterius

2069 4131 2290 4200 sensit;
2343 4130 2447 4186 sed
2499 4131 2589 4185 hic
2639 4129 2951 4185 thesaurus
2994 4125 3239 4181 interius
3281 4125 3502 4190 integer
3544 4120 3776 4175 mansit.

2069 4221 2245 4277 Foras
2296 4221 2446 4277 enim
2501 4236 2600 4291 per
2643 4218 2880 4273 vulnera
2930 4215 3175 4287 crepuit,
3228 4213 3328 4268 sed
3379 4210 3780 4265 indeficienter

2071 4312 2322 4366 interius
2373 4326 2614 4366 nascens
2664 4309 2974 4363 thesaurus
3021 4303 3316 4376 sapientia
3363 4317 3462 4370 per
3491 4300 3570 4370 (h)
3603 4299 3777 4354 verba

2069 4407 2284 4458 sancta
2335 4398 2679 4455 eruditionis
2729 4396 3041 4459 emanavit,
3072 4393 3268 4448 dicens
3302 4407 3314 4444 :
3348 4392 3409 4446 Si
3454 4391 3598 4445 bona
3629 4404 3782 4443 acce-

2067 4493 2251 4565 pimus
2281 4489 2345 4544 de
2372 4505 2542 4544 manu
2578 4485 2818 4553 Domini,
2848 4485 2997 4539 mala
3026 4498 3195 4554 quare
3223 4498 3336 4536 non
3366 4480 3784 4535 sustmeamus?

2073 4584 2226 4637 bona
2274 4578 2516 4643 scilicet,
2550 4578 2701 4631 dona
2752 4575 2849 4630 Dei
2891 4573 2976 4629 vel
3025 4573 3366 4644 temporalia
3399 4569 3484 4626 vel
3529 4576 3780 4635 aterna;

2073 4672 2221 4730 mala
2254 4675 2469 4734 autem,
2504 4665 2733 4738 ﬂagella
2765 4665 3068 4736 praesentia
3109 4662 3430 4735 appellans,
3464 4661 3533 4716 de
3564 4659 3776 4729 quibus

2071 4866 2199 4922 Val.
2235 4863 2341 4933 CL,
2373 4867 2506 4931 etc.,
2538 4862 2810 4933 antiquus,
2825 4859 3020 4933 itaque
3061 4856 3227 4933 hostis
3254 4854 3424 4909 Adam
3453 4855 3508 4906 in
3538 4845 3775 4918 sterqui-

2077 4939 2213 4994 linio
2238 4929 2508 5007 perdidit.
2544 4937 2622 5007 Ita
2651 4929 2760 4987 vet.
2787 4929 2948 5007 ﬁdit.
2972 4929 3152 5007 _Bas_it.

2142 5010 2215 5082 (e)
2238 4993 2524 5082 'Mendose
2555 5006 2612 5082 in
2645 5009 2753 5082 vet.
2787 5003 2938 5082 Edit.
2971 5000 3256 5082 Paris.,“et
3284 4993 3778 5082 Basil.,iet_c_a_te:

2073 5067 2174 5149 ris,
2199 5067 2352 5135 [inde
2399 5083 2467 5133 ei.
2502 5078 2582 5132 Ad
2618 5078 2762 5130 viros
2804 5077 2971 5144 fortes
3001 5071 3070 5124 de
3103 5068 3315 5149 quibus
3360 5080 3537 5149 supra
3579 5067 3774 5149 a‘ctum

2073 5135 2174 5210 é'ai'
2210 5154 2478 5218 refertur,
2510 5149 2645 5202 inde
2683 5149 2760 5200 eis
2797 5135 2985 5201 contra
3029 5135 3372 5208 semetipsum
3401 5135 3622 5207 (Satan)
3657 5150 3778 5204 sug-

2071 5227 2211 5295 gerit
2245 5239 2402 5278 arma
2434 5221 2676 5295 virtutis.
2819 5285 2836 5295 ο
2914 5283 3059 5295 mm
3130 5281 3140 5295 I
3225 5280 3234 5290 ,

2144 5299 2215 5366 (f)
2247 5295 2341 5350 Sic
2371 5290 2782 5366 Gorb:,_Ger_m.
2818 5285 2880 5366 In_
2914 5283 3097 5338 Editis
3130 5280 3363 5349 legitur,
3395 5295 3612 5366 pomum
3645 5279 3775 5366 ueti-

2074 5349 2212 5423 tum,
2239 5349 2299 5422 In
2325 5363 2502 5420 nullis
2528 5349 2666 5416 Mss.
2692 5357 3020 5412 invenimus
3048 5369 3288 5424 pomum,
3315 5354 3465 5422 quod
3499 5349 3774 5421 supplen-

2074 5441 2213 5494 dum
2248 5439 2489 5493 fortasse
2522 5434 2868 5504 putaverunt
2898 5427 3185 5504 Editores.

2147 5511 2220 5580 (g)
2243 5511 2303 5563 In
2329 5493 2583 5563 secundo
2609 5503 2811 5580 Rhein,
2832 5504 2886 5553 et
2909 5515 3024 5580 uno
3049 5496 3267 5568 Remig.
3293 5511 3524 5567 semper
3544 5493 3776 5564 legitur,

2074 5572 2220 5636 mala
2250 5591 2554 5650 quareinon
2585 5572 2991 5650 suscipiamus?

2059 5668 2064 5676 '
2146 5651 2221 5725 (h)
2255 5641 2390 5708 Mss.
2425 5648 2650 5718 Norm.,
2671 5641 2799 5701 vei.
2831 5643 2917 5701 Cl.
2951 5646 3008 5700 et
3036 5641 3157 5715 alii,
3187 5642 3261 5699 ad
3290 5641 3470 5699 verba.
