4134 6174
366 263 483 324 607

1637 250 1927 319 SANCTI
1962 253 2328 317 GREGORII
2376 251 2617 315 MAGNI

3766 261 3893 323 608

362 406 465 473 per
516 401 851 474 prophetam
906 400 1182 457 Dominus
1213 396 1355 454 dicit
1388 413 1401 452 :
1437 397 1539 467 Ego
1572 394 1851 460 Dominus,
1883 398 1934 449 et
1962 409 2069 449 non
2100 394 2153 460 Α
2178 390 2476 463 jungenda
2505 396 2659 457 sunt,
2696 393 2759 446 ut
2792 406 2973 447 unum
3006 406 3238 464 semper
3268 409 3335 448 ex
3365 392 3544 450 altero
3577 395 3855 453 fulciatur
3882 415 3898 467 ;

362 498 442 548 est
491 492 650 558 alter,
699 494 955 560 formans
1005 492 1200 549 lucem.
1232 496 1284 543 et
1314 502 1505 543 creans
1554 484 1837 545 tenebras;
1866 486 2075 553 faciens

356 597 568 653 pacem,
618 588 669 636 et
718 597 910 638 creans
962 580 1113 634 mala
1162 578 1311 646 (lsai.
1362 591 1488 641 va,
1544 574 1623 644 7).
1673 574 1870 644 Neque
1916 572 2071 628 enim

366 672 541 740 mala,
587 689 714 743 qua:
764 670 925 726 nulla
974 686 1081 725 sua
1128 677 1335 723 natura
1384 664 1732 733 subsistunt,
1766 681 1799 720 a
1830 665 2074 718 Domino

361 766 664 827 creantur;
713 758 818 815 sed
848 774 1044 813 creare
1075 772 1136 811 se
1168 757 1320 810 mala
1351 754 1637 809 Dominus
1670 753 1903 817 indicat,
1938 766 2071 807 cum

357 867 447 908 res
479 852 623 907 bene
654 850 919 905 conditas
954 846 1123 902 nobis
1157 845 1308 900 male
1341 844 1647 912 agentibus
1679 844 1737 897 in
1771 841 2072 913 ﬂagellum

355 941 582 1005 format,
609 944 673 994 ut
696 954 764 993 ea
793 938 923 1009 ipsa
956 942 1009 991 et
1043 952 1143 1006 per
1173 936 1452 999 dolorem,
1478 949 1593 1005 quo
1626 932 1857 1001 feriunt,
1884 929 2070 985 delin-

356 1027 675 1101 quentibus
732 1026 884 1082 mala
916 1029 1029 1082 sinl
1056 1043 1071 1083 :
1104 1029 1161 1079 et
1193 1041 1297 1097 per
1324 1028 1618 1089 naturam,
1651 1039 1765 1093 qua
1793 1024 2071 1086 existunt,

358 1118 529 1173 bona.
587 1116 749 1172 Unde
798 1124 851 1172 et
902 1131 1188 1171 venenum
1244 1130 1397 1169 mors
1437 1112 1670 1183 quidem
1703 1120 1789 1166 est
1824 1108 2074 1182 homini,

354 1208 453 1263 sed
486 1211 682 1262 tamen
710 1208 828 1262 vita
858 1204 1132 1277 serpenti.
1163 1206 1373 1260 Amore
1403 1206 1557 1259 enim
1594 1200 1965 1272 praesentium
2000 1198 2071 1254 ab

358 1295 613 1353 auctoris
665 1295 848 1351 nostri
897 1294 1207 1350 dilectione
1259 1292 1654 1358 recessimus;
1704 1300 1757 1345 et
1807 1304 2074 1360 perversa

362 1401 529 1440 mens
550 1386 688 1439 dum
717 1384 794 1456 (a)
818 1381 1116 1439 dilectioni
1146 1390 1422 1437 creatum
1454 1396 1515 1436 se
1548 1379 1827 1445 subdidit,
1854 1396 1885 1433 a
1915 1393 2075 1433 crea-

363 1474 505 1529 toris
555 1473 827 1529 societate
857 1470 1161 1543 disiunxit.
1198 1471 1276 1525 Ex
1321 1470 1411 1525 bis
1452 1485 1585 1539 ergo
1628 1469 1698 1523 ab
1732 1473 1963 1523 auctore
1992 1467 2074 1522 fe-

368 1562 573 1619 rienda
593 1571 733 1629 erat,
758 1579 887 1633 quae
908 1579 1110 1617 errans
1142 1560 1367 1616 auctori
1398 1564 1812 1630 praeposuerat,
1837 1561 1901 1611 ut
1923 1558 2076 1612 unde

367 1653 543 1709 homo
574 1654 804 1722 culpam
853 1669 968 1707 non
1017 1650 1215 1707 timuit
1265 1650 1553 1719 superbus
1585 1648 1907 1714 admittere,
1940 1645 2077 1701 inde

370 1758 595 1813 poenam
620 1742 999 1813 corrigendos
1031 1739 1345 1807 inveniret;
1371 1744 1426 1794 et
1451 1744 1605 1793 tanto
1629 1736 1805 1793 citius
1837 1737 2078 1807 resipis-

371 1833 527 1885 ceret
557 1829 627 1884 ad
662 1827 760 1884 illa
788 1845 912 1899 quas
944 1827 1219 1901 perdidit,
1247 1831 1465 1897 quanto
1497 1824 1715 1881 doloris
1748 1823 1920 1896 plena
1949 1839 2079 1879 esse

372 1917 734 1988 conspiceret
756 1934 883 1989 quae
909 1916 1194 1988 quaesivit.
1230 1914 1393 1970 Unde
1420 1919 1477 1969 et
1509 1915 1655 1970 bene
1677 1914 1894 1969 dicitur
1912 1930 1927 1969 :
1946 1916 2080 1968 For-

374 2023 541 2062 mans
593 2007 802 2072 lucem,
835 2010 892 2062 et
923 2022 1126 2061 creans
1177 2005 1469 2069 tenebras,
1503 2004 1639 2072 quia
1671 2020 1802 2059 cum
1847 2020 1947 2075 per
1987 2003 2085 2057 ﬂa-

374 2096 527 2169 gella
570 2096 827 2152 exterius
876 2094 1095 2151 doloris
1145 2095 1389 2150 tenebrae
1439 2100 1733 2162 creantur,
1782 2094 1943 2149 intus
1986 2108 2087 2163 per

373 2185 765 2243 eruditionem
797 2187 897 2241 lux
926 2185 1140 2241 mentis
1171 2184 1531 2240 accenditur.
1566 2184 1805 2239 Faciens
1855 2198 2085 2255 pacem,

373 2280 430 2331 et
459 2291 664 2331 creans
696 2276 868 2342 mala,
900 2275 1038 2346 quia
1068 2278 1208 2329 tunc
1241 2273 1410 2329 nobis
1442 2290 1550 2343 pax
1579 2289 1712 2327 cum
1751 2278 1860 2328 Deo
1890 2272 2083 2328 reddi-

372 2368 494 2433 tur,
515 2382 649 2421 cum
676 2367 794 2422 haac
816 2383 942 2438 quin
970 2366 1115 2420 bene
1138 2369 1277 2421 sunt
1298 2364 1553 2430 condita,
1579 2364 1674 2419 sed
1701 2364 1777 2435 (b)
1800 2379 1913 2417 non
1940 2361 2087 2417 bene

378 2456 709 2528 concupita,
742 2456 799 2511 in
833 2473 901 2512 ea
930 2472 1057 2527 quae
1099 2454 1269 2511 nobis
1312 2452 1464 2510 mala
1510 2458 1668 2520 sunt,
1700 2451 1930 2524 ﬂagella
1957 2467 2087 2507 ver-

382 2551 444 2603 tu
457 2552 608 2602 ntur.
635 2546 741 2603 Per
762 2546 993 2618 culpam
1024 2547 1240 2618 quippe
1270 2544 1387 2600 Deo
1409 2545 1703 2600 discordes
1724 2543 2083 2611 exstitimus;

382 2636 626 2708 dignum
649 2652 782 2707 ergo
804 2642 891 2693 est
914 2642 973 2692 ut
995 2637 1063 2691 ad
1092 2651 1291 2707 pacem
1325 2633 1484 2689 illius
1518 2650 1616 2705 per
1646 2632 1875 2705 ﬂagella
1896 2633 2089 2688 redea-

384 2742 548 2795 mus;
583 2731 644 2782 ut
673 2743 805 2782 cum
840 2742 1206 2797 unaquaque
1255 2741 1346 2779 res
1392 2725 1535 2780 bene
1564 2723 1799 2779 condita
1828 2722 1996 2778 nobis
2023 2721 2083 2777 in

382 2817 638 2873 dolorem
673 2817 937 2881 vertitur,
969 2815 1207 2870 correcti
1240 2814 1342 2870 80
1375 2830 1541 2868 mens
1572 2815 1638 2869 ad
1674 2812 1926 2869 auctoris
1975 2829 2081 2883 pa-

382 2923 506 2963 cem
532 2905 831 2961 humiliter
856 2908 1220 2960 reformatur.
1248 2905 1375 2959 Haec
1404 2904 1598 2974 itaque
1621 2903 1846 2972 ﬂagella
1878 2904 2082 2959 beatus

375 2998 485 3050 Job
520 2995 670 3050 mala
699 2994 996 3061 nominat;
1032 2995 1169 3065 quia
1200 2993 1407 3048 salutis
1434 2999 1491 3047 et
1511 2992 1953 3064 tranquillitatis
1985 2994 2083 3050 bo-

380 3100 546 3151 num,
579 3100 689 3157 qua
722 3085 1155 3155 perturbatione
1186 3082 1668 3163 feriantkpensat.

2183 485 2476 549 quatenus
2497 484 2552 534 et
2581 479 2791 548 ﬂagelli
2827 496 3055 550 poenam
3093 483 3375 539 memoria
3405 490 3689 553 temperet
3738 488 3899 554 doni,

2184 571 2241 620 et
2269 567 2404 621 doni
2435 566 2690 621 laetitiam
2726 569 2985 623 mordeat
3016 570 3270 637 suspicio
3291 588 3355 625 ac
3380 572 3625 628 formido
3651 574 3894 645 ﬂagelli.

2183 655 2430 710 Sanctus
2480 656 2659 727 igitur
2689 658 2794 724 vir,
2831 661 2895 711 ut
2924 674 3262 728 oppressam
3300 666 3552 716 mentem
3586 664 3739 717 inter
3766 665 3895 719 vul-

2184 760 2322 800 nera
2372 744 2641 812 mulceat,
2675 746 2732 800 in
2766 744 3122 818 ﬂagellorum
3157 747 3458 806 doloribus
3490 750 3894 809 blandimenta.

2182 833 2463 888 donorum
2497 841 2721 903 pensat,
2754 835 2951 890 dicens
2984 851 2996 889 :
3035 837 3097 891 Si
3125 838 3265 892 bona
3292 842 3598 908 accepimus
3627 839 3695 895 de
3722 858 3898 896 manu

2182 920 2424 989 Domini,
2472 922 2623 977 mala
2669 938 2841 994 quare
2888 938 3000 979 non
3044 926 3466 982 sustineamus?
3508 927 3615 985 Ubi
3656 934 3713 984 et
3750 930 3900 987 bene

2184 1012 2502 1081 praemittit,
2539 1014 2733 1068 Locuta
2762 1028 2817 1069 es
2845 1013 3005 1086 quasi
3032 1031 3145 1071 una
3174 1031 3243 1071 ex
3272 1018 3661 1088 insipientibus
3689 1019 3901 1074 mulie-

2182 1101 2356 1157 ribus.
2390 1102 2533 1165 Quia
2575 1102 2729 1159 enim
2779 1119 2985 1159 sensus
3015 1104 3083 1175 (c)
3115 1120 3297 1172 pravas
3330 1107 3613 1175 mulieris,
3650 1124 3766 1164 non
3799 1126 3900 1164 au-

2183 1196 2301 1247 tem
2346 1207 2519 1247 sexus
2565 1192 2624 1247 in
2669 1193 2807 1249 vitio
2847 1197 2957 1262 est,
3003 1209 3375 1266 nequaquam
3422 1197 3503 1252 ait
3535 1213 3547 1252 :
3582 1199 3801 1253 Locuta
3833 1213 3903 1255 es

2188 1279 2356 1350 quasi
2390 1296 2507 1335 una
2537 1295 2604 1335 ex
2637 1282 3003 1347 mulieribus,
3038 1284 3161 1353 sed,
3184 1301 3253 1340 ex
3283 1285 3497 1355 ineptis
3529 1285 3900 1354 mulieribus,

2188 1374 2251 1423 ut
2272 1369 2540 1425 videlicet
2561 1372 2903 1427 ostendatur
2922 1374 3061 1443 quia
3083 1374 3237 1444 quod
3264 1391 3502 1443 pravum
3524 1374 3785 1446 sapit,(d)
3806 1391 3901 1431 ac-

2189 1459 2447 1516 cedentia
2496 1460 2779 1528 stultitim,
2830 1479 2943 1518 non
2990 1468 3185 1520 autem
3232 1466 3477 1521 conditae
3525 1465 3604 1522 sit
3656 1470 3901 1521 natura.

2188 1549 2515 1619 Sequnur:

2684 1677 2917 1733 CAPUT
2958 1677 3004 1732 Χ
3051 1681 3194 1749 (nec.
3245 1682 3398 1753 VIII].

2261 1786 2400 1842 Isin.
2429 1816 2496 1826 —-
2528 1787 2590 1842 In.
2615 1786 2866 1843 omnibus
2908 1785 2994 1843 his
3031 1804 3141 1844 non
3175 1791 3416 1860 peccavit
3444 1789 3541 1846 Job
3573 1790 3731 1846 labiis
3759 1791 3904 1846 suis.

2268 1917 2352 1970 17.
2382 1917 2478 1972 Job
2511 1931 2617 1972 non
2648 1917 2887 1985 peccavit
2932 1918 3117 1986 labiis,
3164 1922 3291 1991 quia
3336 1935 3435 1975 nec
3478 1922 3681 1985 iniusta
3723 1921 3906 1991 dixit,

2190 2005 2456 2076 necjusta
2474 2007 2791 2062 reticuit.-—
2813 2006 3053 2063 Duobus
3077 2008 3266 2064 modis
3291 2008 3459 2065 labiis
3476 2010 3906 2081 delinquimus,

2193 2109 2324 2149 cum
2378 2100 2479 2149 aut
2526 2096 2743 2165 injuste
2775 2096 3046 2165 dicimus,
3080 2100 3181 2153 aut
3204 2099 3366 2168 justa
3398 2104 3729 2155 reticemus.
3762 2099 3909 2154 Nam

2194 2184 2239 2238 si
2272 2184 2585 2255 aliquando
2616 2195 2669 2241 et
2699 2191 2889 2242 tacere
2920 2187 3092 2259 culpa
3122 2205 3235 2244 non
3267 2194 3443 2258 esset,
3471 2190 3752 2260 propheta
3784 2206 3903 2245 non

2193 2273 2408 2329 diceret
2459 2278 2602 2330 εγω
2647 2274 2807 2341 mihi,
2860 2278 2989 2347 quia
3037 2279 3188 2332 tacui
3231 2278 3381 2348 (lsai.
3434 2295 3508 2347 vr,
3557 2280 3632 2349 5).
3684 2283 3906 2335 Beatus

2193 2362 2375 2435 igitur
2409 2364 2520 2420 Job
2574 2364 2633 2419 in
2682 2366 2907 2421 cunctis
2952 2382 3077 2437 quae
3126 2367 3260 2439 egit,
3294 2367 3464 2423 labiis
3505 2367 3628 2423 suis
3663 2368 3902 2424 minime

2192 2454 2470 2525 peccavit,
2503 2454 2640 2525 quia
2689 2471 2792 2510 nec
2839 2460 3041 2512 contra
3093 2456 3391 2512 ferientem
3440 2458 3690 2528 superba
3735 2457 3903 2526 dixit,

2194 2561 2297 2600 nec
2346 2550 2547 2600 contra
2594 2545 2936 2601 suadentem
2986 2551 3143 2603 recta
3192 2549 3442 2603 reticuit.
3495 2547 3609 2603 Nec
3654 2547 3902 2620 loquens

2192 2653 2349 2709 ergo,
2377 2652 2482 2693 nec
2513 2641 2710 2693 tacens
2741 2636 3005 2709 deliquit,
3030 2639 3129 2710 qui
3159 2644 3214 2694 et
3243 2638 3555 2711 ﬂagellanti
3592 2639 3741 2710 patri
3766 2656 3900 2710 gra-

2192 2726 2302 2783 tias
2332 2726 2602 2792 reddidit,
2635 2731 2689 2781 et
2722 2727 2870 2782 male
2913 2730 3182 2783 suadenti
3213 2728 3443 2801 conjugi
3476 2728 3750 2784 doctrinm
3800 2745 3901 2783 sa-

2190 2815 2469 2887 pientiam
2515 2817 2883 2872 ministravit.
2917 2817 3059 2881 Quia
3096 2819 3249 2872 enim
3295 2818 3463 2873 scivit
3491 2818 3631 2888 quid
3664 2819 3898 2874 deberet

2192 2907 2323 2976 Deo,
2348 2906 2486 2977 quid
2521 2906 2801 2976 proximo,
2837 2907 3058 2963 scilicet
3088 2907 3425 2978 patientiam
3453 2907 3763 2973 conditori,
3797 2924 3897 2963 sa-

2189 2996 2467 3067 pientiam
2499 2996 2753 3067 conjugi,
2788 2996 3003 3053 idcirco
3042 3002 3098 3053 et
3145 2999 3295 3054 hanc
3343 2997 3740 3070 redarguendo
3772 2998 3897 3052 do-

2190 3086 2331 3153 cuit,
2364 3093 2416 3140 et
2460 3084 2623 3140 illum
2674 3087 2888 3157 gratias
2933 3089 3153 3159 agendo
3196 3087 3473 3143 laudavit.
3506 3087 3645 3154 Quis
3692 3091 3897 3143 autem

451 3147 543 3228 16.
569 3147 804 3244 ἑιαρὲειέ
847 3190 1005 3245 paena
1052 3175 1316 3229 memoria
1364 3147 1519 3239 doni,
1556 3172 1747 3227 laetitia
1788 3176 1936 3228 metu
1963 3176 2076 3243 ﬂa-
2110 3147 2152 3216 α
2193 3147 2481 3243 nostrum,
2507 3175 2557 3230 si
2592 3147 2774 3231 unum
2798 3147 3097 3249 quodlibet
3117 3178 3327 3233 vulnus
3351 3147 3732 3248 tantis‘hujus
3765 3192 3903 3247 per-

375 3265 511 3337 gelli
556 3265 933 3336 temperanda.
980 3265 1182 3319 Sensus
1219 3262 1425 3334 pravis,
1468 3278 1576 3318 non
1612 3279 1775 3317 sexus
1814 3265 1879 3319 in
1924 3264 2079 3320 vitio.

379 3386 446 3397 —
495 3356 606 3411 Sed
657 3356 802 3410 illud
852 3356 1017 3411 valde
1065 3354 1124 3408 in
1174 3355 1298 3423 ejus
1342 3353 1532 3409 verbis
1580 3353 1924 3409 intuendum
1971 3361 2082 3423 est,

379 3452 583 3501 contra
636 3445 1077 3518 persuasionem
1137 3442 1402 3515 conjugis
1461 3450 1680 3515 quanta
1735 3443 2081 3500 considera-

376 3536 555 3591 tionis
598 3540 719 3591 arte
765 3552 828 3591 se
873 3536 1130 3607 colligat,
1182 3533 1381 3589 dicens
1425 3551 1437 3589 :
1478 3533 1539 3588 Si
1587 3534 1725 3588 bona
1772 3534 2079 3604 accepimus

378 3616 442 3683 de
500 3643 671 3682 manu
737 3628 977 3689 Domini,
1042 3624 1194 3679 mata
1251 3641 1423 3695 quare
1486 3640 1597 3679 non
1658 3627 2082 3681 sustineamus?

379 3718 515 3788 [νει.
580 3716 712 3787 νη]
773 3715 981 3787 Magna
1036 3715 1249 3786 quippe
1314 3712 1633 3769 consolatio
1688 3716 2082 3772 tribulationis

380 3816 485 3875 est,
542 3808 591 3862 si
649 3822 780 3863 cum
840 3807 1081 3861 adversa
1138 3805 1414 3876 patimur,
1465 3804 1719 3860 auctoris
1778 3806 1959 3860 nostri
2007 3805 2080 3862 ad

366 3884 723 3953 memoriam
749 3896 905 3952 dona
936 3911 1295 3951 revocamus.
1328 3894 1445 3949 Nec
1478 3895 1691 3966 frangit
1712 3894 1866 3965 quod
1891 3910 1957 3949 ex
1977 3896 2081 3950 do-

377 3986 498 4044 lore
550 3985 763 4053 obviat,
818 3986 867 4041 si
919 3984 1094 4040 menti
1145 3985 1321 4039 citius
1362 3984 1493 4051 hoc,
1539 3985 1692 4055 quod
1738 4000 1806 4039 ex
1846 3999 2086 4040 munere

2186 3264 2477 3322 cussionis
2526 3265 2830 3336 acciperet,
2864 3284 2976 3323 non
3025 3283 3158 3322 mox
3190 3268 3261 3323 ab
3306 3266 3533 3322 intimis
3567 3270 3898 3337 prostratus

2178 3350 2439 3426 jaceret?
2471 3354 2612 3410 Ecce
2643 3360 2858 3411 stratus
2892 3357 3030 3412 foris
3061 3357 3397 3412 vulneribus
3427 3356 3634 3425 carnis,
3668 3361 3901 3411 erectus

2185 3443 2539 3501 intrinsecus
2584 3446 2910 3501 munimine
2958 3452 3256 3517 permanet
3295 3448 3539 3511 mentis;
3572 3450 3631 3501 et
3659 3446 3765 3501 sub
3796 3461 3903 3500 se-

2186 3535 2432 3605 metipso
2472 3552 2643 3591 omne
2684 3536 2952 3608 jaculum
3000 3536 3360 3593 transvolare
3407 3535 3709 3608 conspicit,
3742 3536 3901 3608 quod

2192 3625 2250 3680 in
2299 3641 2358 3681 se
2403 3626 2652 3681 exterius
2696 3628 2962 3682 districta
3006 3644 3176 3683 manu
3226 3628 3467 3683 saeviens
3518 3628 3702 3683 hostis
3749 3628 3899 3698 figit,

2190 3714 2497 3787 vigilanter
2528 3717 2907 3788 deprehendit
2930 3718 3149 3787 jacula,
3185 3719 3354 3773 modo
3387 3717 3726 3772 vulneribus
3758 3731 3905 3771 con-

2193 3811 2283 3862 tra
2314 3824 2375 3863 se
2403 3825 2434 3862 a
2466 3807 2626 3877 facie,
2663 3809 2835 3863 modo
2880 3809 3069 3863 verbis
3114 3810 3283 3881 quasi
3332 3825 3399 3865 ex
3450 3808 3622 3863 latere
3661 3809 3906 3863 intorta.

2192 3898 2262 3953 Et
2328 3898 2573 3953 bellator
2634 3905 2830 3954 noster
2888 3900 3457 3955 circumvallantium
3515 3899 3908 3953 certaminum

2195 3986 2414 4042 fervore
2444 3988 2862 4058 deprehensus,
2897 3990 3113 4060 ubique
3157 3989 3445 4060 patientiae
3487 4005 3601 4044 suae
3633 3988 3906 4059 clypeum

378 4076 664 4147 sublevat,
691 4083 973 4131 occurrat.
1009 4074 1154 4130 Hinc
1178 4089 1432 4144 namque
1464 4073 1747 4143 scriptum
1770 4078 1855 4128 est
1882 4088 1894 4126 :
1920 4074 1977 4127 In
2001 4072 2091 4129 die
2196 4076 2460 4147 opponit;
2495 4078 2757 4148 undique
2791 4077 3155 4133 venientibus
3186 4078 3431 4149 spiculis
3462 4076 3676 4143 obviat,
3708 4082 3767 4130 et
3798 4091 3907 4146 per

360 4164 642 4221 ’bonorum
673 4180 742 4219 ne
766 4165 1058 4219 immemor
1085 4163 1161 4217 sis
1190 4162 1483 4229 malorum,
1515 4164 1566 4216 et
1595 4164 1653 4215 in
1685 4161 1776 4215 die
1812 4162 2090 4215 malorum
2195 4171 2403 4223 cuneta
2422 4167 2701 4222 virtutum
2734 4167 2914 4223 latera
2940 4170 3427 4241 circumspectum
3453 4172 3655 4225 contra
3684 4166 3911 4223 irruen-

380 4271 451 4311 ηε
495 4253 783 4310 immemor
826 4255 902 4309 sis
954 4252 1217 4308 bonorum
1266 4250 1465 4321 (Eccli.
1516 4266 1595 4317 χι,
1642 4250 1759 4321 27).
1812 4248 2085 4320 Quisquis

386 4343 540 4397 enim
557 4345 711 4398 dona
732 4342 1001 4414 percipit,
1017 4342 1117 4398 sed
1134 4342 1419 4397 donorum
1434 4344 1693 4412 tempore
1714 4355 2086 4411 nequaquam

2198 4257 2278 4311 tia
2306 4254 2543 4311 vulnera
2576 4257 2643 4328 (θ)
2674 4266 2923 4312 mentem
2958 4263 3128 4313 rotat.

2270 4345 2407 4416 [Vet.
2448 4347 2605 4417 VIll.]
2658 4347 2744 4403 18.
2795 4349 3051 4404 Tentatur
3102 4364 3201 4421 per
3244 4352 3463 4405 amicos.
3495 4380 3563 4389 —
3599 4347 3707 4404 Sed
3738 4346 3910 4403 anti-

386 4431 561 4489 etiam
611 4432 838 4501 ﬂagella
887 4432 1267 4504 pertimescit,
1300 4431 1358 4487 in
1390 4431 1639 4487 elatione
1684 4447 1785 4503 per
1826 4431 2085 4487 laetitiam
2116 4432 2163 4498 D
2195 4451 2348 4507 quus
2377 4435 2565 4492 hostis
2593 4454 2737 4507 quos
2768 4436 3053 4495 valentius
3084 4440 3357 4504 vincitur,
3388 4455 3454 4495 eo
3480 4436 3575 4493 8|
3606 4437 3795 4493 adhuc
3826 4438 3905 4493 ad

382 4521 620 4579 corruit.
644 4522 922 4591 Quisquis
955 4527 1147 4577 autem
1180 4521 1428 4593 ﬂagellis
1461 4522 1748 4589 atteritur,
1774 4523 1872 4578 sed
1898 4522 2088 4594 ﬂagel-

380 4612 575 4668 lorum
615 4616 875 4682 tempore
923 4627 1289 4683 nequaquam
1339 4628 1401 4668 se
1449 4630 1517 4669 ex
1564 4612 1755 4683 donis,
1792 4629 1919 4685 quae
1950 4630 2085 4669 eum

383 4702 629 4773 contigit
666 4703 979 4773 accepisse,
1012 4700 1361 4768 consolatur,
1395 4704 1465 4758 ab
1515 4707 1665 4759 statu
1719 4703 1929 4759 mentis
1960 4719 2085 4759 om-

383 4789 621 4849 nimoda
666 4790 1065 4861 desperatione
1112 4790 1454 4846 destruitur.
1510 4791 1602 4847 Sic
1654 4808 1790 4863 ergo
1843 4796 2087 4862 utraque

449 5047 741 5122 (a)Anti_q.
759 5046 989 5114 Rhem.,
1010 5060 1159 5122 unus
1180 5042 1517 5122 ex_Remig.,
1541 5047 2081 5122 (_3_om_pend.,Corb_.,

379 5116 599 5188 Germ.,
651 5116 832 5188 Golb.,
884 5123 995 5177 vet.
1046 5118 1197 5173 Edit.
1245 5117 1426 5174 Paris.
1460 5124 1517 5173 et
1557 5116 1758 5189 Basil.,
1790 5118 1920 5174 dum
1951 5116 2089 5174 dele-

379 5194 615 5247 ctationi
644 5196 943 5249 ereaturas.

450 5262 735 5387 $)b§ndciti,
765 5264 856 5319 sed
884 5264 1027 5320 male
1054 5264 1369 5335 concupita.
1422 5261 1757 5337 Elegantius
1791 5262 1957 5330 Mss.,
1988 5262 2088 5319 sed

385 5348 495 5387 non
527 5348 673 5389 bene.

454 5403 542 5480 (c)_
569 5405 656 5459 Ita
698 5411 831 5460 Mss.
855 5406 1075 5480 _l_‘lorm.
1110 5424 1331 5476 omnes,
1380 5407 1612 5480 Rhem.,
1644 5407 1837 5474 Corb.,
1870 5407 2085 5475 Germ.,

366 5474 825 5551 ,Remiglunus
854 5476 1117 5551 Vindoc.,
1149 5474 1389 5549 Turon.,
1420 5474 1763 5551 Compend.,
1799 5481 1943 5543 Val.,
1977 5474 2085 5550 (.31.,

377 5552 488 5603 etc.
520 5548 590 5601 At
618 5545 745 5615 Ed.,
778 5547 911 5617 quia
939 5551 1092 5602 enim
1118 5566 1307 5607 sensus
1336 5545 1524 5617 prauae
1552 5545 1856 5608 uoluntatis
1888 5545 2085 5609 mulis;

376 5618 553 5675 ribus.
604 5617 905 5676 Secundus
934 5618 1174 5677 Vindoc.
1208 5617 1515 5679 confirmat
1561 5624 1716 5682 hanc
1757 5625 2084 5681 lectionem.

450 5689 527 5763 (ά)
558 5688 754 5757 Gilot.,
776 5687 983 5759 Vatic.,
1007 5689 1313 5759 Gussanv.,
1337 5695 1649 5761 accidentis,
1677 5703 1876 5751 contra
1910 5696 2084 5752 ﬁdem

2193 4526 2439 4582 insidias
2489 4529 2788 4584 ardentius
2820 4528 3154 4602 instigatur.
3186 4528 3331 4585 Nam
3366 4529 3503 4602 quia
3536 4545 3681 4585 uxor
3709 4529 3908 4586 incre-

2193 4621 2326 4689 pata
2356 4617 2604 4686 reticuit,
2630 4618 2896 4689 protinus
2928 4620 3073 4675 alios
3103 4620 3203 4691 qui
3227 4621 3292 4691 (f)
3316 4619 3655 4691 increpandi
3678 4620 3751 4675 ad
3774 4635 3913 4676 con-

2182 4708 2464 4764 tumelias
2522 4713 2851 4780 surgerent,
2910 4709 3196 4765 excitavit.
3260 4709 3418 4765 Sicul
3470 4710 3627 4765 enim
3687 4710 3911 4765 damna

2194 4812 2389 4854 rerum
2413 4798 2639 4854 studuit
2654 4798 2915 4856 crebrius
2938 4800 3262 4857 nuntiando
3282 4802 3619 4872 percutere;
3644 4799 3727 4855 ita
3746 4816 3915 4856 nunc

2196 5050 2334 5109 Mss.
2372 5058 2427 5107 et
2456 5055 2566 5107 vet.
2600 5051 2749 5107 Edit.

2265 5124 2337 5194 (ε)
2373 5125 2451 5179 Ita
2495 5124 2686 5188 Corb.,
2719 5124 2935 5195 Germ.,
2984 5128 3041 5181 et
3079 5141 3286 5183 omnes
3336 5128 3517 5184 nostri
3568 5127 3733 5195 Mss.,
3788 5144 3907 5183 non

2194 5200 2429 5269 mentem
2461 5198 2701 5269 roborat,
2738 5202 2799 5251 ut
2831 5198 2887 5250 in
2926 5196 3213 5269 plerisque
3245 5198 3425 5255 Editis
3455 5199 3687 5269 legitur.

2262 5268 2341 5336 (Γ)
2364 5270 2505 5343 _Ant.
2540 5268 2769 5343 R_bem_,
2801 5270 2900 5337 qui
2926 5268 3247 5343 increpandi
3274 5268 3631 5327 contumelias
3656 5287 3910 5343 suggere-

2194 5348 2336 5415 rcnt.
2358 5340 2889 5415 Secundus‘Rhem.
2915 5348 2972 5394 et
3003 5342 3297 5397 secundus
3330 5343 3573 5410 Remig.,
3596 5345 3692 5415 qui
3720 5340 3913 5400 incre-

2191 5411 2371 5487 pando
2412 5412 2777 5487 contumelias
2820 5423 3190 5487 suggererent.
3239 5418 3465 5470 Primus
3514 5411 3777 5487 Remig,
3813 5415 3915 5487 qui

2196 5482 2265 5539 ad
2294 5482 2683 5553 increpandam
2713 5482 3063 5539 contumeliis
3110 5493 3421 5554 surgerent.
3453 5482 3782 5551 Germ.,ad
3811 5482 3912 5542 in-

2195 5554 2455 5627 crepandi
2482 5555 2838 5610 contumelias
2879 5567 3186 5627 surgerent.
3220 5558 3409 5621 Corb.,
3437 5558 3653 5618 Germ.,
3688 5576 3909 5616 secun-

2194 5626 2285 5682 dis
2315 5624 2486 5701 curis,
2522 5627 2646 5696 sed,
2674 5627 2763 5701 _uti
2812 5624 3051 5698 videtur,
3104 5629 3174 5686 ab
3223 5631 3422 5688 eadem
3474 5647 3678 5701 manu,
3708 5633 3914 5689 incre-

2180 5696 2392 5771 pando,
2426 5714 2542 5755 non
2576 5696 2747 5755 male.
