4134 6174
252 244 371 304 609

1196 234 1611 297 MORALIUM
1657 233 1801 293 LIB.
1853 231 1957 291 IlI.
2013 264 2072 273 —
2125 229 2198 290 IN
2246 230 2413 291 CAP.
2466 232 2515 293 ll
2560 233 2626 293 B.
2672 233 2836 297 JOB.

3649 252 3769 313 310

246 377 558 435 robustum
600 376 801 447 pectus
841 371 1056 444 satagit
1100 369 1403 426 verborum
1443 364 1812 425 contumeliis
1853 381 1955 421 sae-
1981 366 2033 434 Α
2067 368 2151 421 est
2180 362 2365 420 dolori
2396 379 2568 436 quem
2591 367 2839 438 suscipit
2878 373 3073 439 ponat,
3103 386 3173 427 ne
3213 389 3328 429 non
3350 375 3540 435 solum
3574 381 3771 439 dolen-

241 468 382 540 pius
418 467 674 523 feriendo
706 469 1029 536 penetrare.
1058 460 1372 531 Sequitur:

778 548 1003 606 CAPUT
1043 549 1107 605 xi
1143 549 1288 619 [aee
1326 547 1429 619 IX].

313 644 489 701 Vens.
528 644 614 699 11.
638 674 708 683 —-
747 643 920 712 Igitur
954 641 1240 694 audientes
1295 643 1403 691 tres
1450 635 1620 690 amici
1666 634 1761 691 Job
1800 649 1960 689 omne

238 736 456 791 malum
486 732 626 805 quod
656 733 935 787 accidisset
965 732 1038 798 ei,
1064 732 1324 783 venerunt
1344 725 1562 795 singuli
1592 725 1656 780 de
1687 725 1799 780 loco
1821 740 1915 778 suo
1938 742 1957 779 :

241 824 483 895 Eliphaz
520 822 883 887 Themanites,
918 818 1132 874 Buldud
1190 817 1407 872 Saintes
1454 820 1504 871 et
1551 814 1764 886 Saphar
1810 814 1959 868 Naa-

237 914 525 970 mathites.
554 912 932 968 Condixerant
975 910 1123 965 enim
1161 908 1289 973 sibi,
1323 910 1381 962 ut
1422 904 1633 977 pariter
1681 905 1956 959 venientes

241 1004 530 1061 visitarent
550 1020 696 1069 eum,
731 1008 781 1057 et
811 1001 1240 1056 consolarentur.

325 1094 411 1149 19.
445 1095 762 1148 Amicorum
789 1092 883 1147 Job
926 1102 1070 1145 recta
1118 1090 1351 1144 intentio
1400 1088 1787 1143 indiscrelione
1832 1088 1952 1155 fus-

244 1191 423 1238 catur.
459 1213 524 1221 —
558 1182 661 1247 Qui
702 1197 769 1235 ex
819 1181 1086 1235 condicto
1127 1181 1195 1233 ad
1244 1178 1444 1233 afflicti
1502 1178 1952 1233 consolationem

246 1276 512 1341 veniunt,
547 1280 604 1326 et
634 1273 784 1324 inter
814 1286 876 1325 se
898 1275 953 1324 et
974 1286 1102 1340 erga
1134 1274 1727 1339 percussumquautae
1760 1268 1950 1323 chari-

242 1361 381 1415 tatis
429 1360 660 1425 fuerint,
705 1361 1192 1413 demonstrantur.
1255 1357 1526 1420 Quamvis
1575 1366 1627 1412 et
1676 1373 1773 1426 per
1826 1358 1949 1425 hoc,

239 1451 397 1524 quod
430 1450 729 1517 Scriptura
760 1465 858 1503 eos
905 1447 1048 1502 tanti
1082 1448 1187 1502 viri
1217 1450 1437 1503 amicos
1472 1447 1650 1502 fuisse
1681 1453 1951 1514 testatur,

238 1540 383 1611 quia
414 1539 547 1593 boni
580 1535 759 1592 studii
800 1543 857 1591 et
886 1543 1049 1591 rectae
1083 1536 1295 1592 fuerint
1326 1538 1663 1592 intentionis
1693 1537 1951 1592 Ostendi-

236 1634 371 1696 tur;
407 1629 506 1682 sed
561 1635 753 1682 tamen
803 1626 925 1681 haec
970 1628 1095 1697 ipsa
1145 1626 1378 1681 illorum
1442 1628 1709 1692 intentio,
1760 1627 1845 1681 eis
1879 1625 1951 1680 ad

2074 464 2185 509 tem
2220 471 2334 509 non
2370 455 2759 525 mulceat,sed
2786 458 3169 530 intemperate
3190 462 3625 534 dolens,afﬂicti
3651 476 3771 529 ani.

2071 561 2233 599 mum
2267 545 2336 600 ad
2365 545 2591 616 pondus
2624 547 3045 617 desperationis
3080 560 3321 621 premat.
3357 556 3449 612 Sic
3489 561 3642 616 enim
3675 564 3773 620 do-

2069 634 2153 689 lor
2185 642 2386 690 noster
2418 639 2787 692 maerentium
2824 640 3005 694 dolori
3032 643 3376 714 jungendus
3408 657 3515 715 est,
3561 658 3621 706 ut
3674 671 3773 725 per

2069 728 2596 797 temperamentum
2629 727 2914 794 sublevet,
2948 747 3061 785 non
3096 739 3289 789 autem
3346 754 3443 807 per
3490 756 3774 810 augmen-

2067 817 2185 868 tum
2219 821 2437 887 gravet.
2467 814 2628 870 Unde
2663 816 2903 873 fortasse
2949 820 3337 892 colligeudum
3372 835 3459 881 est
3484 829 3584 886 82
3617 836 3770 904 quod

2066 904 2239 957 amici
2271 904 2418 958 beati
2453 905 2563 959 Job
2598 906 2908 977 plusquam
2960 926 3197 965 necesse
3230 916 3436 981 fuerat,
3474 919 3529 972 in
3562 938 3776 979 conso—

2067 991 2281 1047 latione
2323 993 2779 1066 doluerunt,qui
2832 998 2967 1051 dum
3024 1004 3454 1069 percussionem
3505 1019 3772 1080 cernunt,

2065 1083 2164 1136 sed
2220 1086 2479 1153 percussi
2533 1094 2784 1139 mentem
2850 1088 3135 1156 nesciunt,
3188 1091 3266 1145 ita
3326 1095 3381 1147 in
3418 1096 3768 1156 immensum

2065 1168 2286 1225 luctum
2321 1174 2466 1226 versi
2499 1182 2657 1242 sunt,
2694 1191 2757 1228 ac
2786 1175 2833 1230 si
2871 1192 3181 1245 percussus
3213 1196 3297 1233 vxr
3324 1188 3493 1238 tantaa
3539 1188 3771 1243 fcrtitu-

2063 1258 2239 1320 dinis,
2267 1262 2508 1333 iuplaga
2532 1264 2809 1333 corporis,
2845 1265 3021 1320 etiam
3056 1284 3086 1321 a
3118 1274 3290 1325 corde
3320 1273 3642 1331 cecidisset.
3675 1278 3771 1334 Se-

2064 1350 2300 1419 quitur:

2701 1445 2931 1501 CAPUT
2980 1448 3123 1503 Xllf.

2132 1531 2308 1587 Vsas.
2346 1534 2430 1588 13.
2462 1564 2528 1574 -
2572 1534 2943 1607 Sederunlque
2989 1556 3113 1593 cum
3157 1556 3217 1596 eo
3256 1544 3312 1596 in
3362 1552 3510 1599 terra
3566 1558 3771 1617 septem

2061 1619 2252 1675 diebus
2281 1632 2332 1677 et
2353 1629 2883 1693 seplemnoclibuset
2902 1645 3053 1682 nemo
3085 1630 3411 1699 loquebatur
3430 1638 3481 1690 ei
3502 1641 3727 1693 verbum
3743 1656 3769 1705 ;

231 1719 421 1774 verba
455 1717 995 1788 prorumpentibus,
1032 1722 1166 1772 ante
1197 1716 1441 1771 districd
1476 1716 1697 1787 judicia
1729 1717 1949 1781 oculos,
1985 1732 2028 1796 Β
2061 1709 2314 1765 videbant
2341 1718 2487 1767 enim
2516 1715 2757 1769 dolorem
2788 1716 2855 1787 (θ)
2879 1719 2997 1786 ejus
3029 1734 3141 1774 esse
3171 1722 3556 1781 vehementem.

238 1808 480 1863 subortu
513 1807 949 1864 indiscretione.
988 1811 1265 1861 fuscatur.
1301 1807 1601 1878 Sequitur:

777 1894 1009 1951 CAPUT
1041 1895 1137 1950 Xll
1168 1895 1308 1968 [Rea
1342 1895 1417 1967 X].

310 1986 489 2043 Vens.
526 1986 611 2041 12.
646 2016 715 2027 ——
747 1986 988 2057 Cumque
1032 1987 1331 2041 elevassent
1360 1986 1551 2056 procul
1595 1987 1776 2042 oculos
1806 2002 1951 2049 suos,

239 2095 350 2134 non
381 2083 752 2149 cognoverunt
780 2093 935 2137 eum;
956 2080 1004 2131 et
1031 2077 1405 2131 exclamantes
1419 2077 1799 2146 ploraverunt,
1823 2081 1953 2133 scis-

238 2169 422 2240 :isque
450 2168 687 2223 vestibus
717 2170 1036 2237 sparserunt
1067 2169 1344 2237 pulverem
1392 2184 1558 2237 super
1588 2170 1750 2238 caput
1789 2183 1952 2222 suum

240 2258 550 2312 iri-cretum.

310 2346 405 2401 20.
440 2345 823 2401 Consolaturus
852 2346 1127 2415 afﬂictum
1176 2345 1327 2402 debet
1354 2362 1599 2401 mierere.
1634 2347 1699 2401 At
1728 2346 1945 2400 modum

234 2437 419 2491 dolori
445 2442 633 2507 ponat.
672 2467 734 2477 —
774 2435 919 2499 Quia
962 2437 1221 2506 percussi
1253 2436 1504 2503 speciem
1561 2435 1728 2507 plaga
1761 2440 1951 2492 muta-

235 2534 418 2594 verat,
454 2525 628 2581 amici
673 2526 965 2597 plorantes
1015 2525 1367 2590 exclamant,
1415 2534 1601 2580 vestes
1647 2526 1943 2597 scindunt,

244 2615 443 2687 capita
481 2614 711 2687 pulvere
743 2619 1099 2685 aspergunt;
1127 2620 1187 2669 ut
1218 2629 1351 2669 cum
1382 2621 1669 2669 mutatum
1694 2632 1851 2685 eum,
1874 2618 1946 2672 ad

237 2721 419 2777 quem
454 2708 741 2771 venerant,
766 2709 1087 2772 cernerent,
1111 2705 1297 2774 ipsam
1316 2707 1492 2761 etiam
1517 2705 1948 2762 consolatorum

237 2796 500 2865 speciem
531 2799 890 2865 spontaneus
938 2792 1101 2848 dolor
1133 2794 1486 2849 immutaret.
1522 2793 1672 2850 Ordo
1730 2796 1949 2867 quippe

243 2883 668 2941 consolationis
697 2888 805 2949 est,
836 2888 901 2937 ut
946 2898 1077 2938 cum
1118 2884 1392 2939 volumus
1430 2885 1712 2940 afﬂictum
1746 2902 1948 2955 quem-

243 2975 403 3046 piam
436 2992 467 3027 a
501 2988 741 3027 maerore
771 2973 1153 3041 suspendere,
1190 2974 1533 3029 studeamus
1584 2974 1745 3045 prius
1802 2994 1947 3033 mm-

244 3063 425 3119 rendo
457 3064 582 3132 ejus
612 3061 795 3116 luctui
829 3062 1195 3117 concordare.
1235 3061 1531 3118 Dolentem
1553 3081 1807 3137 namque
1834 3083 1947 3124 non

246 3157 441 3224 potest
470 3150 781 3217 consolari,
817 3150 917 3221 qui
942 3166 1054 3206 non
1089 3155 1395 3207 concordat
1419 3154 1546 3223 ejus
1576 3154 1778 3222 dolori,
1816 3158 1954 3228 quia

250 3258 317 3298 eo
351 3243 498 3312 ipso,
532 3258 647 3312 quo
677 3258 709 3295 a
740 3240 1038 3296 maerentis
1079 3242 1392 3296 afﬂictione
1431 3243 1741 3316 discrepat,
1767 3253 1958 3303 minus

248 3331 326 3386 ab
360 3330 455 3386 illo
486 3330 783 3401 recipitur,
804 3330 929 3401 (a)a
959 3346 1074 3401 quo
1095 3330 1599 3402 mentisqualitate
1631 3341 1956 3405 separatur.

250 3419 519 3475 Emolliri
550 3419 744 3490 itaque
779 3418 936 3489 prius
969 3419 1141 3474 debet
1169 3420 1421 3486 animus,
1459 3430 1518 3475 ut
1561 3421 1777 3479 afﬂicto
1829 3442 1960 3481 con-

247 3514 451 3582 gruat.
486 3525 812 3580 congruens
845 3508 1108 3576 in'hazrat,
1160 3509 1449 3565 inhaarens
1505 3512 1717 3569 trahat.
1768 3514 1961 3583 Neque

247 3597 414 3654 enim
462 3598 671 3653 ferrum
726 3598 874 3653 ferro
923 3598 1303 3667 coniungitur
1361 3599 1409 3653 si
1470 3616 1585 3655 non
1647 3606 1960 3673 utrumque

248 3687 438 3742 exusti
472 3703 542 3742 ne
572 3687 1023 3759 ignisliquetur;
1057 3690 1113 3740 et
1141 3686 1350 3741 durum
1384 3686 1544 3742 molli
1570 3705 1682 3743 non
1706 3691 1959 3747 adhaeret

248 3776 367 3830 nisi
402 3776 563 3847 prius
593 3775 810 3830 duritia
833 3777 961 3845 ejus
992 3780 1317 3845 temperata
1340 3775 1654 3843 mollescat,
1702 3783 1765 3833 ut
1792 3781 1958 3850 quasi

244 3866 359 3920 hoc
391 3867 582 3936 ipsum
616 3865 735 3930 fiat,
768 3865 923 3935 quod
944 3870 1258 3919 curaturut
1280 3870 1496 3920 teneat.
1524 3866 1614 3921 Sic
1646 3869 1962 3938 necjacen-

243 3959 335 4009 tes
365 3954 671 4025 erigimus,
704 3953 817 4007 nisi
845 3970 875 4007 a
908 3953 1093 4023 rigore
1128 3956 1309 4008 nostri
1342 3959 1534 4009 status
1585 3955 1956 4026 inclinemur,

243 4043 387 4115 quia
442 4043 587 4098 dum
624 4044 906 4099 rectitudo
950 4043 1158 4097 stantis
1180 4044 1255 4115 (b)
1279 4044 1578 4114 ajacentis
1602 4046 1715 4100 situ
1750 4046 1960 4103 discre-

246 4139 363 4203 pat,
396 4147 554 4198 eum,
584 4131 674 4187 cui
706 4131 1173 4189 condescendere
1197 4132 1452 4203 negligit,
1480 4150 1848 4207 nequaquam
1874 4137 1958 4193 Ie-

244 4229 363 4278 vat.
396 4224 585 4278 Amici
613 4225 791 4292 igitur
814 4222 962 4278 beati
998 4222 1108 4278 Job
1137 4227 1198 4278 ut
1229 4224 1509 4280 afﬂictum
1542 4243 1574 4281 a
1601 4226 1800 4284 dolore
1830 4245 1957 4285 sus—

245 4318 587 4391 penderent,
636 4320 986 4372 curaverunt
1035 4318 1358 4373 necessario
1408 4320 1583 4375 simul
1628 4322 1851 4391 dolere;
1901 4328 1957 4380 et

244 4423 381 4463 cum
406 4406 777 4462 vulneratum
812 4405 971 4461 illius
1022 4423 1233 4478 corpus
1264 4408 1548 4480 viderent,
1602 4413 1957 4468 studuerunt

2133 1802 2222 1856 22.
2276 1803 2560 1859 COntz‘nuz’s
2605 1822 2693 1872 ne,
2746 1823 2816 1859 an
2868 1812 3193 1864 intermissis
3240 1820 3450 1879 septem
3488 1817 3679 1874 diebus
3709 1835 3774 1876 ac

2062 1892 2327 1956 noctibus,
2362 1895 2528 1949 amici
2557 1912 2677 1949 cum
2711 1896 2805 1951 Job
2848 1896 3086 1952 sederint
3138 1901 3425 1957 incertum.
3461 1936 3531 1946 —
3564 1906 3768 1966 Utrum

2063 1981 2353 2037 continuis
2386 1997 2594 2055 septem
2630 1986 2833 2040 diebus
2865 1993 2919 2041 et
2950 1996 3172 2059 septem
3210 1993 3475 2049 noctibus
3519 2012 3651 2052 cum
3685 2000 3769 2054 af-

2063 2068 2217 2125 ﬂicto
2241 2071 2348 2127 Job
2373 2074 2739 2142 sederint,an
2770 2083 2925 2131 certe
2944 2078 3150 2132 diebus
3172 2087 3390 2150 septem
3422 2090 3478 2139 et
3498 2090 3769 2146 noctibus

2062 2160 2306 2217 totidem
2340 2164 2615 2220 instantia
2647 2167 2695 2221 ei
2732 2167 2945 2221 crebrae
2997 2168 3349 2225 visitationis
3398 2175 3768 2250 adbazserint,

2062 2250 2420 2322 ignoramus.
2480 2256 2638 2325 Saepe
2687 2257 2842 2310 enim
2890 2272 3007 2311 rem
3068 2259 3392 2328 quamlibet
3430 2268 3513 2317 tot
3560 2266 3766 2323 diebus

2059 2356 2230 2411 agere
2268 2343 2537 2405 dicimur,
2600 2346 2863 2414 quamvis
2933 2362 3045 2400 non
3120 2347 3338 2404 eisdem
3426 2351 3632 2409 diebus
3691 2357 3761 2412 ad

2060 2449 2186 2491 eam
2219 2435 2494 2489 continue
2539 2449 2829 2489 vacemus.
2875 2434 3037 2504 Saepe
3080 2451 3211 2491 vero
3254 2436 3555 2507 Scriptura
3599 2459 3766 2500 sacra

2059 2527 2142 2581 sic
2174 2532 2355 2581 totum
2392 2540 2491 2594 pro
2517 2530 2693 2593 parte,
2720 2522 2870 2576 sicut
2892 2539 2994 2593 pro
3025 2528 3382 2595 totoPartem
3409 2545 3766 2599 ponerecon-

2059 2618 2265 2675 suevit.
2298 2618 2404 2670 Pro
2438 2620 2553 2668 toto
2587 2613 2741 2667 enim
2796 2619 3016 2684 partem
3060 2613 3332 2687 loquitur,
3387 2626 3535 2675 Sicut
3582 2622 3763 2681 Jacob

2059 2704 2340 2760 familiam
2374 2701 2701 2758 describens
2723 2701 2897 2755 dicit:
2926 2703 3156 2757 Intravit
3185 2705 3345 2760 Iacob
3375 2710 3433 2763 in
3458 2712 3764 2783 ﬁgi/ptum

2058 2812 2182 2850 cum
2211 2793 2499 2849 animabus
2528 2790 2879 2860 septuaginta
2908 2790 3059 2860 (Gen.
3102 2809 3254 2859 xnw,
3286 2798 3374 2866 27)
3428 2801 3561 2863 Quae
3595 2803 3767 2859 nimi.

2060 2902 2189 2939 rum
2222 2900 2353 2940 cum
2389 2883 2617 2937 animas
2650 2886 2955 2946 memerat,
2986 2888 3213 2937 constat
3243 2885 3380 2957 quia
3410 2887 3757 2950 intrantium

2059 2980 2114 3030 et
2143 2990 2381 3044 corpora
2413 2970 2876 3039 comprehendit.
2912 2974 3165 3027 Rursum
3212 2979 3398 3031 totum
3452 2995 3552 3048 pro
3606 2989 3767 3050 parte

2064 3062 2346 3131 insinuat,
2396 3063 2550 3118 sicut
2608 3060 2677 3115 ad
2742 3067 3192 3116 monumentum
3252 3063 3431 3122 Maria
3481 3072 3766 3142 queritur,

2067 3155 2322 3209 dicens:
2367 3154 2629 3208 Tulerunt
2687 3151 2978 3206 Dominum
3033 3154 3105 3206 de
3163 3168 3530 3229 monumento,
3590 3167 3640 3215 et
3691 3163 3766 3235 (ἀ)

2068 3246 2337 3300 nescimus
2383 3244 2478 3298 ubi
2503 3245 2799 3313 posuerunt
2844 3257 2969 3296 eum
3025 3243 3207 3312 (Joan.
3254 3262 3346 3311 xx,
3390 3248 3502 3317 22).
3565 3250 3768 3308 Solum

2067 3335 2281 3405 quippe
2320 3350 2531 3404 corpus
2571 3330 2803 3388 Domini
2845 3332 3156 3401 quaesitura
3202 3341 3453 3399 venerat,
3504 3344 3559 3394 et
3606 3341 3768 3412 quasi

2067 3428 2257 3478 totum
2289 3423 2462 3478 simul
2496 3421 2808 3477 Dominum
2827 3421 2900 3489 (e)
2925 3421 3136 3476 fultum
3159 3423 3544 3494 deplorat.An
3568 3434 3775 3501 ergoet

2068 3511 2174 3568 hoc
2200 3513 2259 3567 in
2290 3512 2412 3567 loco
2444 3516 2630 3567 totum
2667 3526 2767 3579 pro
2802 3514 2959 3579 parte
2999 3510 3225 3565 dicatur
3266 3514 3553 3571 incertum
3587 3524 3694 3574 est.

2138 3602 2227 3656 23.
2262 3601 2366 3655 Nec
2394 3616 2570 3655 sermo
2616 3602 2685 3653 sit
2724 3613 2980 3669 praeceps,
3023 3614 3121 3655 nec
3154 3609 3272 3670 post
3318 3600 3561 3660 debitum
3604 3609 3775 3665 silen-

2070 3694 2208 3746 tium
2230 3691 2579 3744 indiscretus.
2617 3721 2679 3729 —-
2722 3687 2829 3742 Sed
2857 3692 3049 3741 tamen
3085 3688 3212 3749 hoc,
3257 3692 3408 3761 quod
3458 3694 3552 3749 diu
3588 3700 3779 3755 tacue-

2072 3785 2225 3844 runt,
2257 3784 2314 3833 et
2344 3779 2697 3848 quandoque
2728 3776 3016 3847 loquendo
3059 3778 3350 3848 reprobati
3384 3789 3542 3849 sunt,
3578 3788 3773 3858 negle-

2070 3874 2157 3925 cte
2189 3867 2653 3939 praetereundum
2679 3882 2789 3919 non
2810 3871 2914 3918 est.
2938 3864 3090 3918 Sunt
3114 3881 3362 3937 namque
3388 3873 3651 3926 nonnulli
3673 3877 3774 3944 qui

2070 3962 2125 4013 et
2154 3956 2313 4028 loqui
2363 3956 2790 4026 praecipitanter
2838 3952 3147 4023 incipiunt,
3181 3962 3237 4008 et
3274 3956 3548 4014 effrenate
3578 3967 3770 4032 ccepta

2069 4046 2401 4105 effrenatius
2431 4047 2848 4115 exsequuntur.
2886 4040 2949 4095 Et
2989 4045 3128 4097 sunt
3172 4044 3435 4099 nonnulli
3467 4047 3567 4118 qui
3612 4051 3771 4105 tarde

2069 4138 2298 4209 quidem
2332 4135 2487 4206 loqui
2523 4132 2817 4197 inchoant,
2844 4131 2942 4186 sed
2968 4129 3146 4185 semel
3178 4130 3540 4203 inchoantes,
3562 4136 3770 4193 habere

2070 4227 2305 4283 modum
2342 4222 2652 4279 locutionis
2702 4222 2993 4291 ignorant.
3035 4219 3217 4273 Amici
3252 4220 3430 4292 igitur
3478 4224 3630 4280 beati
3660 4226 3771 4281 Job

2068 4318 2327 4374 dolorem
2361 4314 2643 4375 videntes,
2672 4311 2773 4364 diu
2807 4313 3151 4376 tacuerunt;
3184 4309 3280 4364 sed
3310 4312 3469 4366 tarde
3493 4312 3772 4373 inchoan-

2067 4414 2172 4474 tes,
2204 4405 2513 4460 indiscrete
2546 4400 2722 4455 locuti
2763 4406 2922 4464 sunt,
2966 4397 3104 4468 quia
3153 4414 3388 4469 parcere
3415 4401 3633 4459 dolenti
3669 4422 3769 4462 no-

242 4497 365 4568 ipsi
394 4504 578 4553 vestes
607 4497 917 4567 scindere;
949 4502 1005 4553 et
1042 4514 1174 4553 cum
1226 4498 1606 4555 immutatum
1659 4504 1956 4573 οοηερίορ-
1993 4484 2036 4549 Ι)
2068 4488 2964 4557 luerunt.Tenueruntlinguam,
3000 4490 3765 4567 neprzepropereinoiperet;

243 4593 400 4655 rent,
452 4589 795 4643 studuerunt
846 4586 1082 4659 pulvere
1129 4587 1315 4659 capita
1364 4590 1616 4657 findere;
1664 4596 1954 4661 quatenus

244 4677 498 4733 afﬂictus
546 4678 631 4731 vir
687 4681 845 4733 tanto
906 4676 1130 4732 facilius
1175 4693 1375 4733 eorum
1428 4678 1602 4733 verba
1652 4681 1951 4752 reciperet,

245 4773 471 4841 quanto
500 4766 555 4821 in
588 4768 673 4823 eis
704 4784 877 4822 suum
902 4766 1122 4839 aliquid
1139 4767 1208 4822 de
1223 4766 1537 4823 afﬂictione
1564 4770 1956 4840 cognovisset.

318 4858 459 4929 [νει.
493 4858 576 4914 IX.
606 4857 719 4927 211,
754 4856 861 4911 Sed
898 4856 1049 4910 inter
1082 4856 1201 4910 haec
1231 4855 1535 4912 sciendum
1588 4864 1674 4914 est
1706 4860 1847 4930 quia
1904 4861 1954 4918 is

241 4947 346 5019 qui
379 4946 663 5003 afﬂictum
695 4944 984 5002 consolari
1015 4944 1330 5013 desiderat,
1354 4961 1690 5003 mensuram
1718 4965 1954 5010 necesse

278 5206 283 5211 μ
314 5144 394 5213 (α)
415 5142 623 5214 Antiq.
648 5140 1201 5214 Rbemtsecundus
1223 5140 1469 5214 Remig.,
1502 5140 1694 5205 Corb.,
1728 5148 1950 5214 Germ,

238 5212 547 5278 Norman.,
576 5212 702 5268 Val.
736 5214 841 5280 CL,
874 5212 1115 5280 Turon.,
1148 5216 1236 5267 cui
1266 5212 1465 5266 mentis
1494 5214 1771 5283 qualitate
1803 5212 1954 5287 sepa-

236 5293 421 5342 ratur.

316 5359 394 5430 (b)
424 5355 670 5430 Plurimi
705 5370 840 5430 mss.
876 5370 1005 5410 cum
1027 5354 1231 5430 Corb.,
1253 5353 1446 5410 Germ.
1467 5360 1524 5411 et
1544 5364 1653 5413 vet.
1677 5357 1829 5415 Edit.
1852 5361 1954 5417 Pa-

242 5426 350 5485 ris.
377 5426 439 5485 et
470 5428 673 5496 Basil.,
706 5446 739 5481 a
760 5428 977 5498 jacente
1005 5426 1300 5494 discrepat.

322 5502 393 5571 (e)
425 5500 597 5571 Deest
626 5501 744 5568 ejus
762 5497 835 5554 in
867 5498 1058 5562 Corb.,
1092 5498 1365 5571 Germﬁ.ﬁet
1398 5497 1661 5571 plurimis
1693 5517 1834 5557 mss,

317 5569 398 5643 (tl)
423 5572 547 5643 Duo
579 5570 805 5639 Rbem.,
838 5573 949 5626 duo
982 5571 1223 5637 Renum,
1252 5570 1375 5625 Val.
1410 5569 1517 5640 CL,
1539 5570 1725 5641 Colb.,
1759 5575 1949 5630 Germ.

240 5656 303 5700 et
332 5641 456 5708 alii,
491 5641 711 5697 habent
740 5647 793 5698 et
822 5644 1005 5697 nescio
1035 5643 1148 5708 ubi,
1182 5646 1291 5698 etc.
1396 5682 1407 5698 .

317 5717 394 5785 (e)
427 5716 517 5771 Ita
546 5712 726 5785 antiq.
765 5713 952 5775 Rem.,
1000 5728 1150 5769 unus
1190 5713 1435 5785 Remig,
1478 5715 1710 5787 Turon.,
1753 5718 1950 5789 Corb.,

2064 4586 2166 4642 sed
2196 4583 2567 4655 incipientem
2596 4577 2778 4634 semel
2811 4592 3177 4648 nequaquam
3202 4579 3479 4634 moderati
3506 4588 3662 4651 sunt,
3699 4601 3770 4643 ne

2066 4692 2126 4733 se
2154 4691 2222 4730 ex
2253 4670 2652 4728 consolatione
2686 4683 2869 4738 usque
2901 4667 2970 4721 ad
3012 4667 3401 4724 contumelias
3444 4672 3769 4732 eﬂ'renaret.

2065 4765 2131 4819 Et
2164 4765 2312 4818 bona
2332 4760 2570 4831 quidem
2595 4754 2916 4812 intentione
2938 4756 3008 4811 ad
3028 4755 3447 4813 consolandum
3469 4768 3764 4831 venerant;

2066 4856 2164 4910 sed
2200 4854 2329 4919 hoc,
2361 4852 2513 4923 quod
2549 4849 2644 4920 pia
2666 4864 2830 4903 mens
2853 4848 3137 4902 mundum
3162 4846 3277 4901 Deo
3301 4847 3531 4913 obtulit,
3549 4850 3761 4907 locutio

2064 4941 2416 5016 prmcipitata
2443 4938 2687 4995 vitiavit.
2738 4937 3023 5008 Scriptum
3072 4936 3289 5006 quippe
3333 4939 3459 4990 est:
3509 4936 3567 4992 Si
3616 4946 3761 4996 recte

2062 5148 2252 5203 Germ.
2276 5152 2330 5200 et
2351 5143 2449 5199 alii
2479 5147 2702 5200 veteres
2732 5143 2872 5198 Mss.
2905 5146 3055 5198 Voce
3076 5139 3183 5195 hac
3206 5138 3415 5195 tuttum
3447 5141 3758 5204 aliquando

2062 5219 2248 5274 utitur
2293 5217 2603 5285 Gregorius
2660 5216 2716 5270 in
2758 5213 3047 5285 epistolis.
3095 5216 3366 5285 Eamdem
3400 5223 3759 5285 usurparunt

2061 5296 2266 5346 auctor
2296 5283 2437 5343 libri
2462 5289 2533 5342 de
2562 5284 2830 5359 Speculo,
2859 5284 3009 5359 apud
3045 5283 3448 5359 Augustinum,
3482 5283 3757 5359 ap‘pend.,

2061 5366 2100 5417 t.
2136 5361 2227 5427 Vl,
2260 5360 2480 5434 cap._l,_
2505 5358 2828 5434 etJoannes
2859 5356 3038 5434 abbas
3070 5356 3391 5434 Fi_scan.,i_n
3424 5358 3627 5414 eadem
3658 5356 3762 5434 ap;

2063 5434 2261 5503 pend.,
2290 5449 2350 5503 7p.
2389 5431 2510 5483 120.
2538 5429 2598 5483 In
2628 5427 2750 5485 Utic
2807 5427 3247 5503 babetur‘etiam
3280 5427 3507 5503 tullum,
3539 5434 3635 5485 sed
3675 5427 3763 5489 r'e-

2062 5498 2312 5559 centiori'
2342 5517 2519 5555 manu
2551 5498 3005 5570 superscriptum
3056 5499 3269 5570 legitur
3296 5500 3573 5556 sublatum
3604 5508 3668 5558 ut
3700 5506 3759 5560 in

2064 5575 2209 5629 Edit.
2242 5576 2288 5628 A
2319 5573 2522 5627 tultum
2554 5568 2752 5638 postea
2784 5568 2999 5625 factum
3036 5568 3131 5626 est
3154 5568 3381 5626 toltum.
3416 5571 3579 5629 Unde
3608 5578 3759 5633 mala

2064 5647 2223 5713 totta,
2259 5661 2360 5715 pro
2393 5661 2452 5699 re
2476 5644 2691 5711 injuste
2715 5646 2935 5698 exacta.
2970 5641 3031 5698 In
3056 5642 3196 5699 Mss.
3216 5642 3411 5699 Germ.
3437 5643 3652 5715 legitur
3679 5664 3759 5705 εε-

2058 5718 2297 5790 pultum.
