4134 6174
356 299 472 364 611

353 437 570 506 οΠθνας,
603 448 708 486 non
741 433 884 486 recte
915 436 1095 484 autem
1130 427 1363 494 dividas,
1390 428 1620 495 peccasti
1647 423 1862 495 (Cenes.
1905 441 1978 490 iv,
2009 423 2067 490 7,
2099 422 2151 489 Α

355 542 442 580 sec
501 524 662 590 LXX).
696 521 862 576 Recte
898 537 1148 588 namque
1183 519 1443 579 oll'ertur,
1495 532 1624 570 cum
1673 523 1826 569 tecta
1877 516 2065 566 inten-

357 619 514 670 tione
548 613 689 683 qu.d
714 613 924 674 agitur.
947 611 1053 663 Sed
1093 619 1240 661 recte
1267 625 1376 660 non
1403 606 1644 659 divnlitu
1663 622 1703 673 r,
1724 608 1767 659 si
1797 623 1905 659 nou
1937 605 2067 668 hoc,

360 706 515 775 quod
550 711 640 755 die
673 703 883 771 agitur,
920 698 1093 752 etiam
1128 696 1419 750 subtiliter
1451 693 2066 748 discernatur.0blata

352 811 505 849 enim
541 799 691 845 recte
731 788 984 842 dividere
1016 791 1103 841 est
1135 785 1405 854 quzelibet
1441 786 1590 838 bona
1617 793 1812 838 nostra
1874 783 2068 837 studia

355 885 604 939 sollicite.
630 881 708 951 (ιι)
742 876 1121 931 discernendo
1153 892 1412 945 pensare.
1439 875 1600 939 Quod
1653 874 1930 927 nimirum
1966 871 2065 942 qui

361 989 531 1043 agere
563 968 922 1028 dissimulat,
955 965 1128 1020 etiam
1166 974 1317 1019 recte
1349 966 1595 1018 otl‘erens
1617 967 1832 1033 peccat.

429 1058 672 1132 [Vet.X.]
704 1059 794 1112 24.
846 1054 1245 1110 Providendum
1292 1063 1348 1108 ut
1395 1054 1535 1123 quod
1583 1059 1726 1108 recto
1764 1054 1942 1107 studio
1973 1054 2067 1104 in-

353 1154 611 1219 cipimus,
654 1157 798 1201 recto
827 1147 934 1216 [ine
971 1159 1316 1215 peragamus.
1368 1173 1434 1182 —
1476 1141 1635 1212 Saepe
1665 1157 1798 1211 ergo
1828 1146 1884 1196 et
1914 1141 2064 1212 quod

356 1241 508 1294 bono
540 1238 736 1292 studio
769 1236 1053 1306 gerimus,
1086 1235 1225 1288 dum
1259 1232 1589 1287 discernere
1620 1240 1784 1287 caute
1820 1229 2066 1300 negligi-

359 1347 513 1391 mus,
549 1327 981 1398 quojudieetur
1016 1325 1126 1379 ﬁne
1168 1325 1502 1389 nescimus;
1531 1328 1587 1376 et
1640 1337 2062 1392 nonnunquam

352 1423 459 1477 hoc
492 1422 555 1474 ﬁt
591 1427 781 1473 reatus
813 1417 1101 1481 criminis,
1138 1415 1292 1486 quod
1329 1421 1566 1485 putatur
1599 1430 1774 1468 causa
1809 1412 2058 1467 virtutis.

354 1513 626 1583 Quisquis
649 1519 837 1563 autem
863 1511 1183 1562 amicorum
1209 1507 1354 1560 beati
1388 1505 1498 1559 Job
1532 1507 1684 1558 facta
1713 1504 2061 1568 considerat,

357 1617 531 1671 quam
569 1600 660 1670 pia
707 1599 777 1652 ad
813 1612 944 1649 eum
990 1595 1309 1649 intentione
1352 1594 1614 1648 venerint
1664 1609 1778 1646 non
1812 1594 2062 1660 ignorat.

348 1689 666 1744 Pensemus
701 1687 856 1741 enim
891 1686 1059 1753 cujus
1093 1683 1396 1737 charitatis
1444 1683 1638 1751 fuerit,
1669 1682 1740 1735 ad
1776 1680 2060 1736 alﬂictum

1628 289 1905 354 SANCTI
1950 244 2325 353 casco-au
2371 291 2627 352 MAGNI

3763 299 3892 359 612

2254 423 2389 495 [νει.
2459 426 2544 480 XI.
2602 427 2720 481 Rec.
2795 425 2902 496 XL]
2958 424 3028 479 25
3074 426 3471 482 ALLt-zcontcus
3529 437 3762 488 SENSUS.
3817 463 3895 472 —

2181 514 2397 569 Chriin
2428 520 2479 569 et
2512 515 2759 568 Ecclesia
2797 520 3002 584 quanta
3031 517 3104 568 sit
3128 516 3463 584 conjunctio.
3489 549 3551 557 —
3579 519 3706 573 Haec
3719 521 3896 590 juxta

2179 604 2482 660 historiam
2516 607 2765 660 breviter
2794 613 3037 659 tractata
3064 609 3480 674 percurrimus,
3517 625 3672 663 nunc
3706 613 3779 664 ad
3814 613 3900 666 al-

2178 695 2528 765 legoriarum
2566 697 2900 768 mysterium
2926 698 3094 752 verba
3130 703 3446 755 vertamus.
3495 699 3604 753 Sed
3645 701 3779 771 quia
3829 704 3893 757 in

2177 787 2405 840 exordio
2445 786 2621 855 hujus
2653 786 2842 856 operis
2873 789 3008 840 dum
3044 786 3113 841 de
3147 789 3370 842 unitate
3403 789 3613 859 Capitis
3634 797 3688 843 et
3711 807 3894 861 corpo

2179 875 2258 928 ris
2281 881 2675 941 tractat-emus,
2693 874 2939 929 sollicita
2958 875 3278 930 intentione
3297 877 3690 941 prmmisimus
3706 897 3897 951 quan-

2175 969 2235 1018 ta
2268 965 2324 1018 in
2358 964 2441 1018 eis
2464 965 2538 1018 sit
2569 981 2850 1035 compago
2874 965 3196 1031 charitatis,
3221 965 3359 1036 quia
3392 966 3669 1021 nimirum
3696 975 3754 1023 et
3779 974 3889 1024 Do-

2178 1053 2371 1108 minus
2397 1052 2578 1108 multa
2595 1053 2784 1108 adhuc
2811 1069 2910 1124 per
2928 1069 3158 1123 corpus,
3191 1055 3342 1124 quod
3366 1071 3471 1110 nos
3503 1060 3889 1128 sumus,pati-

2177 1151 2288 1209 tur,
2319 1150 2374 1197 et
2399 1143 2521 1213 jam
2556 1159 2766 1213 corpus
2791 1143 3010 1213 ejus,id
3035 1151 3120 1198 est
3148 1143 3423 1211 Ecclesia,
3455 1146 3522 1201 de
3545 1163 3646 1202 suo
3670 1150 3890 1220 capite,

2174 1232 2439 1288 videlicet
2463 1234 2720 1301 Domino,
2753 1233 2810 1288 in
2844 1234 2984 1288 coelo
3018 1233 3337 1301 gloriatur;
3363 1235 3442 1290 ita
3475 1253 3625 1291 nunc
3649 1240 3887 1308 passio-

2175 1340 2275 1378 nes
2307 1324 2550 1391 exprimi
2580 1325 2843 1394 ejusdem
2888 1324 3090 1394 capitis
3139 1326 3371 1390 debent,
3422 1331 3485 1381 ut
3524 1329 3883 1384 ostendatur

2175 1429 2349 1483 quam
2377 1413 2562 1468 multa
2591 1414 2768 1468 etiam
2802 1413 2858 1467 in
2907 1429 3146 1485 corpore
3169 1432 3274 1469 suo
3307 1417 3578 1471 sustinet.
3629 1417 3689 1472 Si
3722 1419 3886 1473 enim

2173 1512 2345 1574 caput
2368 1509 2630 1559 nostrum
2648 1510 2935 1560 tormenta
2959 1512 3157 1560 nostra
3183 1523 3296 1561 non
3323 1512 3645 1578 tangerent,
3662 1525 3816 1580 nequ
3829 1527 3890 1564 a-

2174 1610 2347 1664 quam
2382 1611 2481 1664 pro
2504 1593 2731 1648 atﬂictis
2766 1595 3043 1649 membris
3078 1596 3433 1666 persecutori
3466 1613 3573 1652 suo
3605 1597 3777 1653 etiam
3814 1599 3888 1653 de

2173 1681 2315 1736 ccelo
2346 1681 2621 1737 clamaret
2647 1698 2658 1735 :
2695 1682 2878 1747 Saule,
2903 1683 3088 1749 Saule,
3110 1684 3333 1754 quidme
3359 1686 3700 1757 persequeris
3715 1688 3887 1757 αξιοι.

355 1778 720 1834 concorditer
749 1774 1088 1830 convenisse
1114 1788 1127 1837 ;
1153 1778 1365 1841 quanta
1389 1771 1569 1826 virtus
1599 1769 2063 1842 longanimitatis
2095 1791 2142 1857 Β
2176 1788 2251 1837 ix,
2289 1772 2368 1842 5.)
2401 1771 2461 1826 Si
2493 1774 2788 1826 cruciatus
2831 1773 3017 1827 nostri
3066 1773 3195 1842 ejus
3253 1790 3431 1841 pcena
3483 1790 3599 1830 non
3664 1779 3884 1846 essent,

353 1867 661 1930 exstiterit,
695 1870 915 1934 septem
947 1863 1153 1917 diebus
1183 1867 1238 1916 et
1271 1861 1538 1916 noctibus
1568 1877 1701 1915 cum
1738 1860 1951 1913 al'ﬂicto
1983 1865 2066 1914 ta-

355 1959 549 2014 cuisse
573 1972 587 2022 ;
614 1972 736 2023 quae
770 1951 1095 2019 humilitas,
1122 1953 1178 2006 in
1201 1957 1349 2006 terra
1370 1957 1450 2004 tot
1481 1951 1686 2004 diebus
1707 1966 1769 2003 ac
1792 1949 2062 2005 noctibus

353 2048 575 2102 sedisse
601 2062 612 2111 ;
647 2044 746 2099 83
781 2059 907 2113 quae
931 2040 1281 2112 compassio,
1309 2039 1540 2111 pulvere
1571 2041 1760 2110 capita
1790 2055 2064 2108 consper-

355 2138 523 2192 sisse.
549 2135 658 2190 Sed
692 2139 885 2186 tamen
910 2131 1252 2186 inchoantes
1279 2131 1456 2199 loqui,
1484 2130 1633 2184 unde
1655 2145 1717 2184 se
1746 2127 2060 2183 aestimave-

351 2231 492 2279 runt
525 2223 826 2295 premium
865 2221 1149 2275 mercedis
1182 2224 1503 2291 acquirere,
1538 2219 1673 2273 inde
1692 2235 1787 2274 eos
1818 2218 2060 2285 contigit

351 2319 580 2369 reatum
613 2310 1080 2380 reprehensionis
1112 2309 1391 2373 invenire,
1427 2311 1564 2378 quia
1611 2307 1861 2361 incautis
1907 2321 2059 2376 saepe

352 2405 422 2460 ad
459 2401 680 2474 peccati
712 2400 882 2454 finem
910 2398 1173 2467 vertitur,
1206 2397 1376 2453 etiam
1403 2398 1553 2469 quod
1591 2413 1692 2467 pro
1725 2395 1848 2451 solo
1865 2394 2058 2450 studio

349 2493 636 2549 mercedis
662 2489 994 2547 inchoatur.
1027 2489 1171 2544 Ecce
1202 2487 1484 2559 praecipiti
1534 2485 1826 2542 locutione
1859 2485 2055 2557 perdi-

341 2583 554 2637 derunt
586 2583 829 2648 bonum,
862 2577 1016 2649 quod
1052 2582 1216 2632 tanto
1251 2576 1443 2631 labore
1506 2577 1743 2630 mercati
1777 2580 1935 2630 sunt.
1988 2573 2058 2628 Et

343 2671 454 2727 nisi
478 2670 655 2725 divini
681 2668 869 2740 gratia
890 2668 1095 2722 oﬂ'erre
1125 2682 1224 2722 eos
1248 2666 1599 2721 sacriﬁcium
1624 2681 1723 2736 pro
1755 2681 1861 2718 suo
1893 2667 2054 2719 reatu

343 2761 733 2833 praecepisset,
765 2757 902 2812 inde
934 2774 967 2811 a
1016 2756 1262 2811 Domino
1313 2756 1474 2824 justo
1523 2753 1716 2825 puniri
1765 2757 2050 2824 poterant,

346 2853 500 2906 unde
532 2867 592 2906 se
625 2849 851 2920 placere
880 2847 1129 2902 Domino
1161 2846 1508 2900 mirabiliter
1547 2844 1930 2899 aestimabant.
1960 2843 2050 2896 ln-

344 2942 414 2997 de
436 2940 656 3010 judicis
689 2936 1018 3005 displicent,
1053 2935 1207 2991 unde
1240 2934 1351 2989 sibi
1385 2935 1551 3006 quasi
1589 2951 1689 3005 pro
1712 2933 2048 2990 defensione

329 3028 550 3099 judicia
586 3043 686 3097 per
734 3025 1170 3080 etfrenationem
1223 3024 1472 3092 placent.
1513 3022 1728 3077 Idcirco
1761 3039 1892 3077 vero
1926 3021 2047 3077 haec

336 3116 605 3175 dicimus.
667 3119 731 3169 ut
788 3114 857 3168 ad
909 3115 1251 3167 memoriam
1310 3111 1625 3180 legentium
1686 3127 2042 3193 revocemus,

336 3210 626 3277 quatenus
659 3201 907 3258 sollicite
952 3201 1201 3270 quisque
1245 3200 1574 3255 consideret
1619 3217 1686 3255 ea
1717 3216 1841 3270 quae
1889 3199 2042 3254 malo

334 3299 468 3350 voto
501 3296 931 3363 perpetrantur,
966 3295 1184 3359 quanta
1222 3289 1506 3343 Dominus
1539 3289 2041 3344 animadversione

337 3384 558 3456 puniat,
595 3382 642 3437 si
675 3382 950 3435 inchoata
997 3380 1148 3435 bono
1185 3380 1399 3447 studio,
1434 3381 1533 3434 sed
1568 3379 1925 3451 negligentiae
1958 3380 2044 3434 in-

337 3471 712 3529 discretionis
743 3471 1019 3538 admista,
1060 3475 1220 3524 tanta
1251 3469 1573 3525 invectione
1616 3470 1877 3540 castigat.
1902 3469 2042 3533 Quis

339 3581 454 3619 non
490 3562 769 3618 mercedis
801 3576 1040 3616 causam
1095 3559 1386 3631 peregisse
1427 3577 1488 3615 se
1529 3561 1808 3625 crederet,
1853 3560 1902 3615 si
1943 3564 2045 3615 aut

333 3655 390 3709 in
417 3651 754 3708 defensione
773 3651 871 3705 Dei
895 3651 1215 3721 quidquam
1233 3653 1433 3704 contra
1459 3649 1785 3718 proximum
1802 3649 2041 3720 diceret,

332 3747 432 3797 aut
464 3745 616 3797 certe
647 3749 870 3810 septem
904 3739 1110 3792 diebus
1142 3755 1207 3793 ac
1238 3737 1507 3793 noctibus
1539 3755 1641 3808 pro
1677 3737 1924 3808 proximi
1946 3740 2044 3794 do-

329 3832 454 3888 lore
487 3830 815 3886 tacuisset?
839 3829 902 3883 Et
924 3834 1117 3882 tamen
1151 3829 1318 3884 amici
1345 3829 1492 3883 beati
1516 3829 1621 3883 Joh
1645 3828 1762 3883 haec
1785 3834 2042 3900 agentes,

335 3921 404 3976 ad
439 3918 669 3989 culpam
697 3916 1014 3972 laborando
1035 3922 1445 3986 pervenerunt,
1469 3918 1605 3987 quia
1624 3917 2043 3972 consolationis

331 4010 566 4082 quidem
609 4008 826 4062 bonum
875 4007 1027 4078 quod
1077 4006 1346 4077 agebant,
1398 4011 1715 4072 noverant;
1755 4007 1856 4061 sed
1907 4024 2042 4062 cum

334 4104 550 4172 quanta
572 4099 858 4165 agendum
893 4101 1047 4150 esset
1080 4096 1445 4151 discretionis
1477 4094 1649 4161 libra,
1685 4095 2039 4151 nesciebant.

331 4191 492 4248 Unde
525 4202 755 4243 necesse
785 4191 874 4242 est
906 4191 969 4240 ut
1002 4202 1114 4240 non
1156 4184 1345 4240 solum
1387 4183 1721 4237 intueamur
1749 4183 1884 4253 quid
1920 4186 2042 4255 agi-

328 4294 481 4344 mus,
514 4276 615 4332 sed
648 4277 818 4330 etiam
853 4291 984 4330 cum
1018 4279 1240 4346 quanta
1282 4271 1630 4326 discretione
1663 4287 2031 4342 peragamus,

325 4365 586 4418 Primum
622 4364 884 4432 quidem,
911 4379 981 4418 ne
1025 4363 1170 4417 mala
1200 4377 1435 4432 quoquo
1461 4361 1657 4427 modo,
1683 4362 2031 4431 posmodum

2175 1877 2489 1918 conversus
2520 1861 2888 1931 alﬂictusque
2922 1861 3136 1916 Paulus
3179 1863 3421 1918 minime
3456 1864 3702 1919 diceret:
3739 1865 3887 1936 Sup-

2171 1953 2289 2022 pleo
2317 1967 2381 2006 ea
2418 1968 2537 2021 qua:
2566 1950 2759 2006 desunt
2801 1952 3125 2022 passionum
3175 1952 3404 2019 Christi,
3436 1955 3496 2008 in
3540 1970 3702 2009 carne
3753 1970 3882 2011 mea

2167 2039 2305 2110 (Col.
2342 2057 2378 2106 ι,
2412 2040 2524 2111 24).
2559 2041 2623 2094 Ει
2651 2047 2839 2094 tamen
2874 2040 3295 2096 resurrectione
3335 2041 3462 2110 jam
3521 2042 3611 2097 sui
3666 2044 3878 2113 capitis

2171 2130 2453 2186 exaltatus
2485 2131 2660 2184 dicit:
2691 2130 2795 2198 Qui
2843 2146 2942 2184 nos
2990 2131 3461 2199 conresuscitavit,
3493 2138 3544 2187 ei
3591 2134 3880 2190 consedere

2167 2222 2294 2290 fecit
2317 2223 2374 2274 in
2405 2220 2712 2275 cwlestibus
2745 2220 2956 2290 (Ephes.
2992 2236 3053 2286 ιι,
3079 2221 3156 2291 6).
3191 2221 3408 2293 Nempe
3432 2220 3586 2277 hunc
3626 2222 3683 2276 in
3716 2228 3881 2279 terra

2169 2312 2635 2382 persecutionum
2669 2314 2957 2364 tormenla
2996 2311 3500 2378 constrinxerant;
3527 2313 3622 2367 sed
3667 2329 3872 2383 poena-

2168 2417 2295 2455 rum
2329 2417 2568 2456 suarum
2605 2400 2959 2473 ponderibus
3002 2417 3258 2473 pressus,
3291 2418 3421 2457 ecce
3451 2402 3572 2471 jam
3606 2418 3707 2473 per
3747 2403 3877 2474 glo-

2167 2489 2313 2544 riam
2347 2490 2556 2560 capitis
2597 2490 2657 2545 in
2689 2490 2831 2545 coelo
2863 2489 3330 2554 residebat.Quia
3361 2491 3566 2561 ergoin
3599 2492 3876 2548 omnibus

2167 2581 2398 2635 unitum
2423 2583 2597 2650 caput
2618 2587 2670 2633 et
2695 2594 2902 2650 corpus
2928 2580 3215 2645 novimus,
3240 2579 3318 2634 sic
3341 2579 3418 2649 (ὁ)
3441 2597 3470 2635 a
3495 2581 3876 2651 percussione

2164 2668 2370 2739 capitis
2401 2667 2739 2738 incipimus,
2771 2671 2834 2722 ut
2863 2667 3496 2738 subsequentertamen
3520 2670 3586 2723 ad
3612 2669 3872 2740 corporis

2162 2756 2387 2828 ﬂagella
2412 2756 2734 2811 veniamus.
2769 2756 2877 2810 Sed
2913 2755 3039 2824 hoc,
3073 2756 3226 2826 quod
3260 2757 3512 2827 quadam
3559 2758 3650 2811 die
3683 2758 3860 2814 Satan

2159 2861 2354 2901 coram
2389 2845 2636 2901 Domino
2658 2844 3342 2916 astilissedieitur,quod
3375 2845 3527 2900 unde
3558 2846 3749 2902 veniat
3771 2847 3874 2903 84

2159 2939 2550 3006 percontatur,
2585 2934 2740 3007 quod
2763 2935 2969 2989 beatus
2990 2936 3092 2990 Job
3118 2936 3347 3005 magnis
3378 2934 3694 2991 conditoris
3730 2953 3874 3004 prae.

2158 3025 2344 3079 coniis
2379 3025 2696 3093 praefertur,
2731 3023 2866 3096 quia
2888 3025 3013 3095 jam
3047 3039 3200 3095 saepe
3240 3024 3644 3093 discussimus,
3678 3025 3864 3096 repli-

2158 3129 2286 3170 care
2310 3117 2659 3169 devitamus.
2682 3114 2773 3168 Sic
2794 3114 2949 3168 enim
2973 3113 3068 3168 diu
3091 3129 3254 3169 mens
3273 3114 3445 3169 rebus
3475 3114 3869 3170 discussisin-

2157 3202 2425 3268 volvitur,
2460 3202 2756 3273 pervenire
2778 3202 2846 3256 ad
2869 3201 3200 3257 indiscussa
3228 3201 3596 3273 praepeditur.
3616 3201 3697 3256 Ibi
3722 3217 3866 3275 ergo

2152 3291 2442 3363 allegoriae
2475 3308 2630 3346 nunc
2653 3291 2882 3346 initium
2910 3290 3206 3361 ponimus,
3234 3291 3331 3345 ubi
3357 3295 3487 3360 post
3516 3291 3689 3346 verba
3709 3308 3865 3364 saepe

2153 3385 2414 3454 repetita,
2449 3383 2789 3452 adjunctum
2819 3381 2949 3437 novi
2978 3381 3194 3451 aliquid
3227 3380 3468 3437 scimus.
3505 3381 3704 3454 Itaque
3736 3381 3821 3437 ait
3848 3399 3864 3438 :

2787 3470 3022 3528 CAPUT
3071 3470 3215 3526 XIV.

2225 3561 2579 3616 Commovisti
2617 3577 2703 3615 me
2749 3560 3012 3616 adversus
3051 3577 3201 3628 eum,
3241 3569 3302 3616 ut
3349 3561 3653 3630 afﬂigerem
3696 3560 3861 3615 illum

2150 3655 2384 3723 frustra.

2220 3742 2310 3795 26.
2348 3740 2593 3796 Christus
2623 3756 2724 3811 pro
2754 3755 2808 3795 se
2853 3746 3091 3810 frustra,
3136 3755 3242 3810 pro
3290 3739 3444 3794 nobis
3492 3755 3600 3794 non
3646 3741 3866 3810 frustra

2150 3831 2416 3900 afﬂictus.
2453 3861 2517 3871 —
2547 3830 2600 3883 Si
2638 3831 2836 3885 beatus
2866 3829 2973 3883 Job
2995 3827 3404 3900 Redemptoris
3434 3828 3616 3883 nostri
3638 3828 3699 3884 in
3727 3845 3866 3899 pas-

2151 3925 2313 3976 sione
2345 3921 2516 3991 positi
2549 3921 2801 3992 speciem
2838 3924 3014 3986 tenet,
3048 3919 3338 3990 quomodo
3370 3919 3441 3973 ad
3473 3919 3649 3974 Satan
3683 3934 3718 3972 a
3749 3923 3866 3974 Do-

2155 4011 2311 4065 mino
2344 4010 2548 4065 dicitur
2574 4027 2585 4063 :
2624 4009 2982 4065 Commovisli
2998 4024 3080 4063 mc
3108 4007 3367 4063 adversus
3388 4023 3511 4063 eum
3531 4011 3556 4060 .9
3576 4005 3862 4063 Mediator

2151 4101 2391 4172 quidem
2425 4099 2524 4154 Dei
2557 4104 2609 4154 et
2657 4098 2982 4166 hominum,
3017 4098 3192 4152 homo
3224 4096 3484 4152 Christus
3536 4097 3729 4164 Jesus,
3789 4101 3862 4152 ut

2148 4190 2352 4262 eulpae
2409 4193 2612 4244 nostrae
2670 4186 3154 4259 transgressionis
3227 4187 3641 4258 exstingueret,
3696 4186 3855 4241 venit

2148 4279 2515 4336 mortalitatis
2550 4287 2754 4333 nostra:
2786 4277 3015 4349 ﬂagella
3036 4275 3322 4346 tolerare;
3373 4275 3475 4330 sed
3506 4275 3644 4347 quia
3677 4276 3857 4330 unius

2146 4383 2275 4422 cum
2312 4367 2474 4422 Patre
2497 4367 2879 4438 ejusdemque
2913 4375 3127 4419 naturae
3169 4369 3274 4432 est,
3299 4365 3586 4434 quomodo
3620 4377 3719 4434 per
3745 4362 3857 4417 Sa-

322 4469 457 4508 vero
485 4467 554 4505 ne
583 4452 731 4506 bona
763 4453 994 4507 incaute
1025 4454 1330 4507 faciamus.
1366 4452 1448 4506 Ad
1474 4467 1599 4522 quae
1633 4451 1910 4505 nimirum
1946 4452 2039 4507 bo-
2073 4456 2115 4521 D
2153 4463 2246 4512 tan
2283 4461 2506 4511 motum
2540 4473 2601 4510 se
2623 4457 2901 4512 adversus
2932 4470 3061 4510 eum
3095 4458 3263 4509 Pater
3293 4453 3521 4520 asserit,
3545 4467 3674 4506 cum
3709 4467 3858 4508 cou-

328 4558 404 4598 na
430 4540 676 4595 sollicite
708 4541 1037 4611 peragenda
1061 4541 1339 4611 propheta
1365 4557 1469 4594 nos
1491 4539 2033 4606 admonet,dicens:

324 4629 639 4688 Maledictus
688 4629 864 4693 homo,
910 4629 1007 4702 qui
1052 4629 1187 4698 facit
1234 4645 1369 4700 opus
1420 4631 1643 4684 Domini
1697 4630 2037 4700 negligenler

328 4721 551 4795 (lere-m.
588 4735 782 4785 xnvm,
817 4720 928 4790 10).
964 4719 1039 4772 Ad
1089 4719 1193 4773 hoc
1243 4735 1373 4774 vero
1426 4719 1536 4773 ista
1587 4719 1915 4789 proﬁciant,
1971 4724 2036 4775 ut

322 4815 456 4868 ante
473 4807 982 4876 terribilisjudicis
1007 4808 1220 4862 subtile
1251 4813 1425 4878 atque
1449 4808 2033 4878 lﬂCOlllprehCDSlblle

325 4916 570 4960 examen
603 4914 717 4953 non
752 4897 940 4954 solum
977 4897 1131 4952 mala
1163 4914 1292 4969 quae
1321 4895 1749 4963 commisimus,
1779 4898 1878 4952 sed
1905 4898 2034 4966 ipsa

320 4992 520 5052 etiam,
554 4989 600 5044 si
634 5006 748 5060 qua
778 4989 836 5043 in
893 4987 1056 5043 nobis
1101 4993 1239 5044 sunt
1289 4987 1432 5043 bene
1471 4994 1651 5055 gesta,
1703 4986 2029 5057 timeamus,

318 5080 458 5152 quia
489 5095 640 5149 saepe
671 5078 730 5133 in
764 5079 892 5149 ejus
931 5076 1156 5148 judicio
1193 5075 1361 5146 culpa
1391 5089 1519 5129 esse
1570 5075 2032 5145 deprehenditur

318 5169 475 5238 quod
499 5169 682 5223 virtus
713 5176 843 5223 ante
869 5167 1160 5236 judicium
1185 5169 1451 5235 putatur;
1478 5170 1533 5220 et
1555 5167 1708 5219 unde
1737 5171 2030 5236 exspecta-

320 5259 419 5309 tur
435 5255 522 5324 pia
545 5272 762 5312 merces
795 5257 1007 5327 operis,
1033 5257 1167 5312 inde
1196 5254 1738 5327 suppliciumjustte
1765 5255 2032 5326 sequitur

323 5342 587 5400 ultionis.

391 5572 469 5644 (a)
503 5573 723 5628 Ebroic.
752 5579 810 5628 et
840 5574 1040 5644 aliqui,
1071 5577 1352 5634 subtiliter
1379 5578 1751 5634 discernenda.

391 5645 463 5717 (ὁ)
500 5647 570 5721 in
605 5645 896 5721 plerisque
927 5649 1133 5721 Editis,
1165 5650 1633 5721 apersecutione;
1659 5652 1793 5709 Mss.
1823 5667 2026 5709 omnes

321 5716 458 5776 cum
492 5716 688 5786 Corb.,
720 5717 938 5789 Germ,
971 5716 1188 5777 habent
1216 5716 1250 5776 a
1273 5720 1654 5792 percussione.

2149 4551 2258 4601 stet
2290 4547 2444 4617 quod
2473 4545 2654 4601 Patris
2687 4545 2931 4616 Filiique
2961 4544 3328 4599 concordiam
3361 4541 3522 4597 nulla
3549 4541 3858 4614 potestatis

2147 4636 2531 4706 inaequalitas,
2556 4635 2726 4692 nulla
2748 4635 3057 4690 voluntatis
3081 4633 3388 4688 diversitas
3420 4630 3860 4702 interrumpat?

2143 4727 2254 4781 Sed
2291 4732 2484 4780 tamen
2511 4727 2718 4792 isdem,
2751 4725 2848 4795 qui
2882 4724 3032 4778 Patri
3069 4722 3308 4794 aequalis
3337 4726 3422 4778 est
3450 4737 3548 4794 per
3578 4722 3856 4776 divinita-

2144 4824 2279 4874 tem,
2313 4816 2469 4869 venit
2511 4821 2744 4884 propter
2780 4831 2885 4869 nos
2916 4814 2985 4868 ad
3020 4813 3261 4883 ﬂagella
3294 4828 3390 4883 per
3411 4827 3672 4867 carnem.
3717 4810 3858 4874 Quae

2143 4906 2418 4960 nimirum
2444 4904 2669 4972 ﬂagella
2689 4921 2800 4960 non
2823 4903 3160 4974 susciperet,
3179 4902 3288 4958 nisi
3317 4903 3557 4957 formam
3585 4900 3857 4957 damnati

2141 4994 2398 5049 hominis
2429 4995 2764 5050 redimendo
2813 4992 3181 5063 sumpsisset.
3226 4991 3294 5046 Et
3338 4990 3451 5046 nisi
3483 4989 3713 5062 primus
3736 4988 3851 5044 ho-

2141 5099 2235 5139 mo
2268 5083 2652 5153 delinqueret,
2685 5083 2972 5138 secundus
3001 5079 3067 5154 (ο)
3093 5079 3166 5135 ad
3201 5079 3490 5151 passionis
3508 5078 3720 5150 probra
3747 5078 3852 5133 mi-

2140 5175 2293 5230 nime
2319 5172 2558 5228 veniret.
2592 5173 2736 5228 Cum
2769 5186 2906 5242 ergo
2957 5170 3178 5240 primus
3228 5169 3405 5224 homo
3456 5184 3559 5240 per
3605 5171 3783 5223 Satan
3814 5183 3852 5224 ι

2139 5263 2386 5319 Domino
2428 5267 2614 5316 motus
2645 5265 2753 5328 est,
2789 5265 2930 5314 tunc
2961 5267 3046 5315 est
3079 5257 3359 5314 Dominus
3393 5257 3450 5313 in
3484 5256 3728 5313 homine
3758 5272 3847 5311 se-

2137 5353 2326 5410 cundo
2356 5354 2897 5408 commotus.Satan
2923 5349 3119 5420 itaque
3141 5348 3213 5402 ad
3239 5347 3419 5418 hujus
3444 5346 3849 5411 atﬂictionem,

2209 5579 2281 5648 (cl
2315 5578 2474 5632 Rem.
2503 5582 2560 5632 et
2591 5577 2816 5649 Remig.
2841 5590 3044 5633 omnes
3098 5589 3230 5630 cum
3280 5572 3474 5640 Corb.,
3522 5571 3748 5642 Germ.,
3778 5571 3851 5628 ad

2131 5650 2450 5724 passionum
2479 5650 2708 5721 probra.
