4156 6178
1803 60 1915 110 \.

1933 112 1990 120 Ψ-

221 263 347 325 613

1166 258 1589 321 MORALIUM
1633 257 1781 318 LIB.
1827 255 1937 316 IlI.
1981 285 2060 299 —
2104 256 2182 316 IN
2229 258 2400 323 CAP.
2448 261 2504 321 II
2548 262 2616 322 B.
2663 262 2829 324 10B.

3639 271 3759 334 614

211 394 538 451 Dominum
586 400 725 448 tunc
770 391 1106 456 commovit,
1157 394 1390 461 quando
1423 393 1480 447 in
1515 391 1783 463 paradiso
1816 391 1934 462 pri-

2049 387 2214 445 tatur.
2245 391 2462 449 Satanz
2519 396 2733 467 loquela
2793 407 2908 451 tum
2953 412 3049 466 rer
3084 412 3160 466 se,
3212 403 3328 454 tum
3371 417 3468 471 per
3513 421 3656 462 suos.
3689 438 3762 448 -—

214 503 384 542 mum
423 485 720 540 hominem
755 500 785 535 a
810 481 1056 553 justitiae
1088 482 1344 537 culmine
1377 483 1780 536 iuobedientim
1810 481 1899 535 cu]

219 592 299 646 pa
336 575 664 646 prostravit.
703 572 821 626 Nisi
855 573 1009 626 enim
1043 573 1221 625 Aulam
1259 571 1513 642 primum
1550 588 1645 641 per
1675 571 1934 625 Volunla-

211 666 374 720 rium
400 665 602 718 vitium
625 662 683 716 in
708 662 914 716 animm
938 668 1177 715 mortem
1207 662 1498 724 traxisset,
1521 665 1698 716 Adam
1723 678 1936 715 secun-

208 756 332 810 dus
364 755 490 809 sine
522 752 655 807 vitio
687 751 743 806 in
771 751 962 806 carnis
995 758 1239 805 mortem
1274 751 1667 806 voluntariam
1701 768 1812 805 non
1839 765 1933 805 ve-

214 845 398 899 niret.
434 844 582 897 Bene
631 857 769 909 ergo
816 839 865 894 si
897 838 1067 894 etiam
1102 840 1172 892 de
1205 840 1585 911 Itedemptore
1618 847 1814 894 nostro
1845 838 1935 892 di-

206 934 411 989 citur:
457 931 803 987 Commovisti
832 945 918 984 me
963 929 1222 983 adversus
1253 945 1398 995 eum,
1437 933 1493 983 ut
1519 931 1828 999 afﬂigerem
1856 930 1936 982 il—

203 1025 331 1079 lum
356 1025 590 1092 frustra.
643 1027 724 1075 Ac
771 1020 816 1074 si
862 1021 1124 1091 apertius
1173 1021 1435 1074 dicatur:
1474 1020 1623 1075 Dum
1673 1020 1783 1076 iste
1819 1037 1932 1074 non

209 1132 353 1181 sua,
389 1115 486 1170 sed
523 1113 681 1168 illius
712 1128 890 1168 causa
911 1112 1170 1175 moritur,
1206 1117 1344 1167 tunc
1379 1128 1470 1168 me
1496 1113 1551 1167 in
1588 1113 1763 1182 hujus
1790 1112 1936 1167 afﬂi-

205 1205 466 1261 ctionem
492 1202 881 1270 commovisti,
910 1217 1041 1257 cum
1067 1201 1230 1256 illum
1255 1218 1287 1257 a
1325 1218 1413 1258 me
1451 1203 1660 1258 callida
1702 1220 1936 1273 persua-

209 1295 383 1352 sione
435 1291 682 1348 traxisti.
757 1291 836 1346 De
901 1307 1013 1359 quo
1070 1297 1125 1346 et
1191 1291 1338 1345 bene
1397 1292 1651 1358 additur,
1697 1293 1930 1365 frustra.

209 1382 458 1438 Frustra
505 1380 721 1452 quippe
771 1377 1028 1433 afﬂictus
1068 1383 1177 1446 est,
1225 1378 1325 1450 qui
1379 1385 1435 1434 et
1482 1379 1663 1447 culpas
1715 1380 1933 1436 ultione

207 1487 459 1543 pressus
515 1473 624 1535 est,
701 1472 757 1522 et
827 1465 1012 1538 culpae
1096 1467 1366 1539 contagio
1415 1469 1759 1539 inquinatus
1818 1486 1932 1525 non

211 1566 331 1616 est.
367 1560 603 1614 Frustra
634 1558 891 1613 afflictus
923 1561 1032 1621 est,
1066 1559 1146 1629 (a)
1177 1559 1277 1629 qui
1309 1559 1670 1624 incarnatus,
1705 1561 1934 1630 propria

213 1648 480 1706 admissa
530 1664 644 1704 non
697 1647 924 1713 habuit,
977 1653 1033 1701 et
1098 1653 1291 1703 tamen
1339 1663 1567 1718 pmnam
1608 1648 1930 1704 carnalium

2048 479 2337 551 Malignus
2371 486 2611 556 spiritus
2641 503 2768 542 cum
2805 487 3243 557 Redemptorem
3283 501 3540 548 nostrum
3579 497 3760 550 mira-

2046 571 2193 623 culis
2228 589 2525 629 coruscare
2558 577 2862 646 conspicit.
2906 579 3118 631 clamat
3151 594 3163 632 :
3197 581 3408 634 Scimus
3432 582 3510 652 (ά)
3542 584 3640 652 qui
3663 588 3757 649 sis,

2045 659 2277 716 Sanctus
2330 664 2422 716 Dei
2477 667 2628 732 (Luc,
2685 682 2758 718 ιν.
2809 665 2922 736 34).
2957 668 3064 731 Qui
3117 669 3236 722 haec
3287 671 3509 738 dicens,
3557 689 3757 740 cogno-

2045 754 2260 807 scendo
2294 753 2392 808 Dei
2415 756 2620 809 Filium
2647 759 3029 827 pertimescit;
3061 761 3159 812 sed
3193 766 3385 814 tamen
3412 763 3521 816 vim
3559 780 3760 833 super-

2047 857 2130 894 na:
2169 844 2401 912 pietatis
2442 846 2739 915 ignorans,
2793 863 3216 918 nonnunquam
3248 852 3386 903 dum
3427 853 3758 921 passibilem

2044 932 2393 996 considerat,
2450 936 2741 988 hominem
2788 951 2996 1004 purum
3051 943 3232 1005 putat.
3285 938 3500 994 Multos
3563 949 3757 998 autem

2042 1022 2148 1074 sub
2176 1023 2504 1077 sanctitatis
2541 1026 2730 1093 specie
2779 1025 2836 1078 in
2882 1027 3156 1096 pastorali
3192 1030 3410 1098 positus
3441 1030 3564 1084 loco
3602 1032 3757 1086 didi-

2043 1119 2212 1177 ceret,
2261 1112 2357 1180 qui
2400 1129 2431 1166 a
2488 1112 2810 1168 visceribus
2853 1113 3154 1169 charitatis
3204 1117 3375 1171 alieni
3427 1118 3614 1186 valde,
3659 1136 3759 1189 pro

2045 1200 2289 1254 minimo
2315 1201 2501 1256 aliena
2521 1204 2736 1257 damna
2757 1205 3097 1274 pensabant.
3135 1206 3298 1260 Hunc
3329 1224 3464 1278 ergo
3491 1210 3656 1278 quasi
3691 1226 3761 1263 ex

2044 1290 2173 1344 aliis
2197 1290 2496 1362 colligens,
2537 1292 2670 1359 quia
2719 1294 3034 1348 subtractis
3089 1295 3312 1360 multis,
3348 1299 3608 1363 superari
3645 1315 3756 1354 non

2041 1379 2203 1445 vidit,
2242 1396 2424 1450 usque
2449 1383 2518 1434 ad
2548 1384 2676 1450 ejus
2698 1399 2956 1443 carnem.
2986 1399 3083 1450 per
3117 1391 3326 1439 tactum
3352 1387 3640 1456 passionis
3675 1388 3760 1442 sic

2042 1470 2277 1535 exarsit,
2313 1476 2376 1523 ut
2406 1471 2622 1526 diceret
2655 1489 2665 1525 :
2703 1474 2909 1527 Pellem
2949 1489 3046 1543 pro
3093 1476 3255 1544 pelle,
3307 1480 3355 1530 et
3406 1483 3602 1532 cuncta
3632 1491 3761 1549 quae

2044 1556 2205 1611 habet
2240 1559 2416 1626 homo,
2448 1560 2597 1614 dabit
2644 1578 2741 1631 pro
2772 1565 2960 1616 anima
2997 1580 3116 1618 sua.
3149 1565 3410 1634 Alioquin
3458 1566 3612 1621 mitte
3641 1584 3760 1622 ma-

1998 1705 2002 1708 _
2044 1653 2369 1715 numtuam,
2402 1657 2454 1704 et
2504 1655 2668 1718 tange
2711 1668 2767 1705 os
2815 1653 2931 1718 eius
2963 1663 3015 1707 et
3059 1670 3301 1718 carnem,
3336 1663 3391 1708 et
3442 1662 3571 1709 tunc
3610 1657 3760 1712 vide-

214 1740 352 1796 sine
383 1738 554 1809 culpa
593 1737 871 1807 suscepit.
923 1738 1066 1791 Hinc
1114 1743 1202 1792 est
1249 1738 1404 1792 enim
1455 1739 1608 1808 quod
1656 1755 1756 1808 per
1795 1739 1931 1793 Pro-
1964 1758 2014 1824 B
2047 1737 2127 1793 bis
2159 1742 2385 1809 quodin
2413 1743 2613 1809 faciem
2663 1742 2944 1797 benedicat
2986 1744 3100 1796 tibi.
3143 1745 3220 1798 Ac
3254 1745 3298 1798 si
3332 1755 3524 1814 aperte
3566 1746 3756 1803 dicat:

218 1831 458 1901 pbetam
492 1827 772 1899 loquitur,
801 1827 1034 1882 dicens:
1070 1829 1196 1895 Quae
1237 1845 1346 1883 non
1376 1831 1563 1898 rapui,
1595 1835 1726 1884 tunc
1755 1829 1934 1884 exsol-

220 1920 414 1974 vebam
445 1918 617 1989 (Psal.
662 1933 854 1981 vauI,
880 1919 958 1985 5).
992 1919 1076 1986 (b)
1103 1918 1268 1971 Alius
1301 1934 1555 1989 namque
1595 1920 1665 1974 ad
1703 1919 1934 1988 paradi-

221 2025 349 2064 sum
370 2009 668 2072 conditus,
689 2007 896 2061 divinae
924 2008 1198 2077 potentiae
1221 2007 1666 2063 similitudinem
1691 2008 1936 2078 superbe

214 2114 422 2169 rapere
452 2097 654 2163 voluit,
681 2097 782 2152 sed
809 2101 1002 2151 tamen
1038 2096 1273 2166 culpam
1300 2099 1474 2166 hujus
1498 2098 1782 2168 superbire
1807 2097 1934 2152 sine

218 2184 394 2256 culpa
425 2185 712 2240 Mediator
740 2185 1003 2239 exsolvit.
1037 2185 1180 2239 Hinc
1207 2190 1296 2239 est
1327 2186 1478 2255 quod
1512 2186 1664 2241 Patri
1697 2186 1931 2257 quidam

210 2274 452 2343 sapiens
469 2273 636 2329 dicit:
666 2273 800 2327 Cum
819 2274 893 2326 sis
907 2276 1116 2342 justus,
1138 2273 1287 2343 juste
1308 2276 1494 2328 omnia
1516 2275 1782 2345 disponis,
1811 2291 1932 2329 eum

211 2378 429 2435 quoque
454 2365 551 2432 qui
581 2378 689 2417 non
728 2362 878 2417 debet
914 2364 1106 2431 puniri
1135 2363 1460 2418 condemnas
1502 2363 1649 2434 (Sap.
1685 2381 1786 2431 xu,
1821 2364 1930 2433 15).

292 2453 387 2508 27.
422 2453 522 2520 Qui
562 2452 696 2506 Deus
740 2451 1020 2506 Christum
1064 2454 1406 2507 innocentem
1435 2456 1605 2523 pcenis
1637 2454 1839 2525 aﬂecit.
1865 2483 1932 2494 -—

216 2542 336 2599 Sed
360 2542 719 2612 pensandum
753 2546 840 2597 est
873 2543 1158 2612 quomodo
1181 2543 1381 2612 justus
1413 2542 1505 2609 sit,
1540 2548 1598 2597 et
1619 2542 1812 2597 omnia
1837 2544 1931 2613 ju-

213 2637 310 2687 ste
332 2632 619 2700 disponat,
643 2631 689 2686 si
713 2646 869 2700 eum,
889 2632 988 2701 qui
1014 2648 1126 2686 non
1150 2631 1319 2686 debet
1342 2631 1532 2701 puniri
1556 2633 1927 2687 condemnat.

212 2721 508 2778 Mediator
535 2721 746 2777 etenim
781 2731 972 2776 noster
1003 2721 1194 2792 puniri
1229 2738 1330 2791 pro
1362 2721 1676 2792 semetipso
1700 2739 1812 2777 non
1838 2723 1932 2776 de-

210 2810 370 2873 buit,
392 2810 530 2880 quia
561 2809 790 2865 nullum
824 2808 1006 2878 culpas
1037 2809 1372 2881 contagium
1421 2811 1782 2881 perpetravit.
1819 2812 1930 2867 Sed

210 2903 266 2955 si
305 2901 430 2970 ipse
458 2899 770 2954 indebitam
809 2917 917 2954 non
941 2900 1276 2970 susciperet,
1302 2917 1601 2971 nunquam
1628 2917 1734 2956 nos
1763 2919 1797 2957 a
1827 2903 1928 2957 de-

213 2990 337 3046 bita
381 2996 561 3044 morte
601 2989 888 3044 liberaret.
928 2988 1092 3043 Pater
1121 3004 1254 3059 ergo
1298 2991 1651 3055 cumjustus
1702 2991 1797 3052 sit,
1825 2991 1928 3059 ju-

2045 1828 2258 1883 Moveri
2289 1844 2357 1882 ex
2388 1829 2500 1898 bis,
2534 1847 2660 1900 quae
2693 1841 2853 1885 extra
2885 1848 2945 1887 se
2978 1841 3138 1899 sunt,
3173 1832 3451 1903 negligit;
3487 1836 3587 1890 sed
3623 1845 3759 1890 tunc

2042 1919 2320 1975 veraciter
2367 1922 2464 1991 qui
2515 1921 2590 1976 sit
2634 1925 2993 1993 agnoscitur,
3045 1924 3093 1977 si
3127 1923 3183 1977 in
3219 1940 3280 1978 se
3313 1924 3438 1993 ipso
3470 1928 3624 1996 quod
3657 1927 3762 1981 do-

2041 2005 2175 2073 leat,
2205 2009 2552 2076 experiatur.
2589 2009 2719 2062 Haec
2757 2026 2859 2079 por
2905 2026 2966 2063 se
2989 2010 3159 2064 Satan
3193 2027 3326 2065 cum
3359 2011 3484 2066 fieri
3517 2013 3760 2082 appetit,

2042 2111 2157 2149 non
2191 2095 2401 2155 verbis.
2427 2099 2522 2151 sed
2557 2097 2865 2152 desideriis
2888 2097 3050 2152 dixit.
3074 2099 3202 2153 Haec
3238 2115 3336 2168 per
3369 2104 3633 2155 membra
3657 2117 3765 2156 sua

2041 2189 2097 2238 et
2121 2184 2310 2239 verbis
2357 2194 2411 2239 et
2437 2185 2741 2240 desideriis
2790 2186 3010 2242 intulit.
3047 2187 3175 2256 Ipse
3213 2190 3428 2258 quippe
3469 2190 3758 2259 loquitur,

2040 2289 2172 2328 cum
2211 2275 2378 2343 juxta
2431 2275 2726 2346 prophetas
2769 2292 2956 2330 vocem
3006 2277 3132 2346 ejus
3185 2293 3465 2347 sequaces
3506 2280 3753 2336 dicunt:

2037 2363 2318 2417 Mittamus
2349 2363 2566 2432 lignum
2596 2365 2656 2419 in
2698 2382 2901 2435 panem
2947 2367 3084 2435 ejus,
3118 2370 3168 2420 et
3189 2369 3486 2420 eradamus
3531 2383 3658 2422 eum
3688 2369 3753 2426 de

2039 2456 2186 2506 terra
2223 2453 2528 2508 viventium
2557 2455 2784 2522 (Jerem.
2834 2471 2912 2520 χι,
2979 2455 3086 2524 19).
3134 2454 3383 2526 Lignum
3428 2457 3642 2528 quippe
3690 2458 3752 2515 in

2038 2556 2250 2611 panem
2283 2541 2533 2608 mittere,
2565 2551 2645 2596 est
2687 2543 3029 2614 configendo
3061 2544 3186 2613 ejus
3217 2544 3441 2614 corpori
3494 2547 3750 2616 stipitem

2039 2629 2226 2684 crucis
2273 2629 2578 2696 adhibere;
2613 2640 2669 2685 et
2711 2632 2883 2686 vitam
2926 2630 3082 2686 illius
3131 2633 3202 2686 de
3233 2637 3386 2688 terra
3432 2634 3752 2689 viventium

2037 2719 2271 2782 eradere
2321 2735 2383 2774 se
2429 2735 2597 2788 posse
2644 2719 2999 2787 existimant,
3048 2736 3215 2790 quem
3265 2721 3402 2776 dum
3438 2723 3747 2778 mortalem

2037 2807 2428 2878 conspiciunt,
2458 2808 2610 2863 finiri
2637 2814 2821 2864 morte
2847 2808 3243 2876 suspicantur.

2685 2897 2914 2952 CAPUT
2945 2897 3090 2953 XVI.

2106 2985 2280 3042 Vsas.
2308 2989 2361 3043 6.
2395 2986 2640 3042 —Dixit
2669 2997 2856 3042 autem
2904 2987 3169 3042 Dominus
3214 2988 3285 3043 ad
3335 2989 3506 3044 Satan
3555 3007 3567 3044 :
3622 2991 3753 3044 Ecce

217 3084 373 3134 stum
430 3078 700 3150 puniens,
743 3078 939 3134 omnia
983 3081 1142 3148 juste
1192 3078 1479 3149 disponit;
1515 3080 1649 3147 quia
1696 3096 1796 3150 per
1825 3079 1933 3136 hoc
1965 3070 2016 3136 Ο
2044 3079 2101 3128 in
2131 3093 2299 3130 manu
2331 3085 2425 3131 tua
2454 3082 2553 3140 est,
2590 3081 2968 3132 verumtamen
2996 3077 3246 3132 animam
3279 3078 3437 3132 illius
3464 3093 3644 3133 serva.

217 3177 431 3224 cuncta
453 3168 760 3239 justificat,
795 3168 947 3240 quod
968 3184 1100 3223 eum
1127 3168 1223 3237 qui
1255 3168 1384 3223 sine
1427 3174 1653 3236 peccato
1684 3174 1788 3236 est,
1831 3186 1933 3240 pro

220 3261 630 3328 peccatoribus
656 3259 933 3323 damnat;
970 3263 1033 3312 ut
1053 3274 1118 3312 eo
1151 3256 1330 3312 electa
1360 3259 1558 3312 omnia
1587 3259 1656 3312 ad
1703 3262 1930 3314 culmen

202 3347 456 3419 justitiae
483 3355 787 3419 surgerent
814 3363 826 3402 :
849 3363 963 3417 quo
986 3347 1036 3400 is
1059 3347 1158 3418 qui
1181 3351 1270 3401 est
1291 3363 1465 3415 super
1486 3348 1684 3402 omnia
1715 3349 1934 3406 damna

210 3436 520 3507 injustitiai
543 3444 754 3492 nostris
770 3437 1107 3491 sustineret.
1134 3436 1294 3501 Quod
1318 3451 1454 3506 ergo
1476 3435 1594 3490 illic
1623 3439 1930 3493 damnatus

214 3542 357 3583 cum
393 3542 504 3580 non
537 3526 741 3580 debeat
763 3526 996 3591 dicitur,
1021 3525 1128 3580 hoc
1157 3525 1248 3580 hic
1283 3524 1536 3580 afﬂictus
1567 3527 1780 3580 frustra
1813 3544 1931 3582 me-

217 3619 507 3671 moratur.
533 3615 638 3679 Qui
662 3621 849 3670 tamen
865 3616 1028 3685 juxta
1050 3615 1424 3684 semetipsum
1445 3614 1660 3668 frustra
1677 3615 1932 3672 afflictus

216 3710 334 3769 est,
359 3705 533 3774 juxta
564 3720 694 3759 vero
718 3709 917 3759 nostra
947 3711 1072 3759 acta
1104 3720 1216 3758 non
1244 3704 1448 3757 frustra
1466 3703 1555 3773 (ο).
1589 3703 1686 3759 85
1709 3704 1932 3775 Itubigo

213 3796 438 3867 quippe
483 3795 605 3849 vitii
657 3795 891 3866 purgari
923 3811 1036 3848 non
1072 3793 1273 3864 potuit,
1318 3793 1427 3848 nisi
1463 3793 1594 3864 igne
1637 3795 1927 3850 tormenti.

212 3885 392 3940 Venit
420 3885 614 3955 itaque
644 3883 770 3939 sine
800 3883 958 3951 vitio,
1003 3885 1102 3954 qui
1135 3900 1193 3938 se
1223 3882 1538 3952 subjiceret
1569 3888 1778 3953 sponte
1808 3889 1934 3940 tor-

217 3985 459 4041 mento;
497 3981 559 4028 ut
583 3975 778 4028 debita
808 3981 1019 4028 nostra:
1053 3972 1346 4043 iniquitati
1385 3971 1678 4043 supplicia
1705 3989 1771 4027 eo
1805 3990 1933 4029 reos

211 4081 360 4120 suos
387 4066 543 4134 juste
563 4065 1047 4133 amitterent,quo
1081 4063 1234 4116 hunc
1267 4078 1299 4116 a
1330 4062 1658 4129 semetipsis
1683 4062 1930 4118 liberum

210 4155 441 4222 injuste
472 4157 818 4208 tenuissent.
855 4152 1089 4206 Frustra
1120 4167 1256 4223 ergo
1306 4156 1362 4206 et
1392 4168 1505 4206 non
1539 4153 1754 4207 frustra
1783 4153 1932 4208 afﬂi-

212 4245 348 4298 ctus
377 4250 484 4300 est.
518 4242 616 4312 qui
648 4242 704 4294 in
736 4257 799 4296 se
829 4239 1067 4311 quidem
1101 4240 1363 4294 admissa
1411 4256 1524 4295 non
1567 4239 1792 4310 habuit,
1827 4241 1928 4297 sed

210 4347 420 4388 cruore
452 4331 681 4402 proprio
714 4337 910 4385 reatus
945 4329 1123 4384 nostri
1161 4329 1453 4383 maculam
1486 4329 1672 4384 tersit.

730 4418 961 4474 CAPUT
991 4418 1084 4473 xv
1116 4418 1250 4488 [νει.
1282 4418 1421 4486 xu].

291 4507 464 4563 Vitas.
501 4508 550 4575 4,
581 4509 636 4564 5.
689 4539 754 4550 -
802 4507 1146 4578 Respondens
1174 4511 1347 4562 Satan
1392 4508 1524 4563 ait:
1575 4507 1778 4562 Pellem
1824 4524 1927 4578 pro

205 4599 378 4671 pelle,
424 4609 474 4653 et
519 4604 711 4654 cuncta
775 4613 902 4670 quae
954 4599 1110 4653 habet
1159 4597 1337 4666 homo,
1389 4596 1544 4651 dabit
1603 4611 1700 4666 pro
1739 4598 1930 4653 anima

2109 3167 2201 3224 59.
2251 3167 2468 3222 Satanae
2507 3169 2772 3234 membra,
2820 3183 3004 3222 omnes
3047 3169 3190 3223 male
3236 3171 3492 3224 viventes.
3535 3169 3754 3223 Satanz

2040 3273 2258 3324 manus,
2316 3261 2549 3327 potestas
2604 3258 2740 3327 ejus.
2795 3257 2887 3311 Illi
2932 3272 2986 3311 se
3035 3257 3256 3312 tradens
3309 3258 3588 3324 Dominus,
3629 3273 3754 3313 cum

2041 3347 2148 3401 sibi
2196 3348 2397 3401 servire
2442 3348 2606 3416 cogit.
2668 3377 2735 3386 —
2780 3345 3147 3401 Conditorem
3203 3346 3470 3402 omnium
3526 3348 3750 3404 Seiane

2045 3438 2242 3492 manui
2269 3437 2544 3492 traditum
2570 3437 2697 3506 quis
2723 3435 2805 3490 vel
2840 3436 3131 3506 desipiens
3153 3436 3402 3491 credat?
3435 3437 3534 3492 sed
3557 3442 3749 3494 tamen

2043 3528 2281 3583 edoctus
2301 3528 2559 3591 veritate,
2609 3527 2741 3595 quis
2777 3527 2995 3580 nesciat
3035 3527 3190 3595 quod
3222 3525 3484 3594 ejusdem
3525 3528 3750 3582 Satanas

2044 3617 2306 3670 membra
2347 3623 2482 3668 sunt
2533 3631 2757 3681 omnes,
2792 3616 2889 3684 qui
2944 3614 2993 3670 ei
3041 3630 3305 3684 perverse
3345 3614 3749 3686 vivendojun-

2043 3709 2257 3775 guntur
2287 3703 2312 3758 ’Ξ
2344 3703 2672 3758 Membrum
2707 3703 2919 3773 quippe
2950 3703 3076 3771 ejus
3110 3703 3327 3758 Pilatus
3359 3705 3599 3771 exstitit,
3624 3706 3750 3775 qui,

2041 3809 2227 3864 usque
2257 3794 2326 3848 ad
2361 3792 2566 3846 mortis
2605 3800 2884 3856 extrema,
2934 3792 3254 3847 venientem
3295 3795 3352 3847 in
3397 3795 3748 3866 redemptio-

2042 3898 2172 3938 nem
2219 3886 2474 3936 nostram
2529 3882 2836 3935 Dominum
2888 3897 3000 3935 non
3042 3884 3331 3951 cognovit.
3371 3883 3593 3952 Corpus
3623 3885 3749 3952 ejus

2040 3973 2403 4028 sacerdotum
2451 3971 2741 4041 principes
2772 3973 3138 4033 exstiterunt,
3170 3970 3268 4040 qui
3307 3971 3748 4040 Redemptorem

2041 4062 2244 4116 mundi
2293 4079 2322 4113 a
2369 4059 2588 4114 mundo
2635 4058 2934 4129 repellere,
2969 4073 3152 4128 usque
3183 4061 3250 4112 ad
3284 4073 3517 4114 crucem
3553 4075 3746 4130 perse-

2042 4153 2294 4223 quendo,
2327 4151 2519 4206 conati
2543 4155 2701 4207 sunt.
2723 4152 2867 4205 Cum
2902 4165 3036 4220 ergo
3068 4165 3131 4203 se
3165 4165 3265 4219 pro
3297 4157 3488 4204 nostra
3517 4149 3744 4204 redem-

2037 4242 2229 4313 ptione
2261 4241 2544 4297 Dominus
2575 4240 2970 4294 membrorum
2995 4239 3221 4294 Satanas
3255 4239 3528 4294 manibus
3561 4239 3744 4294 tradi-

2039 4332 2144 4397 dit,
2178 4331 2313 4400 quid
2346 4330 2503 4384 aliud
2539 4345 2715 4401 quam
2761 4329 3024 4397 ejusdem
3059 4328 3282 4383 Satanas
3323 4344 3558 4382 manum
3596 4329 3655 4383 in
3684 4345 3747 4385 se

1958 4439 2006 4502 Β
2037 4422 2236 4478 saevire
2268 4420 2562 4492 permisit;
2599 4425 2660 4474 ut
2694 4420 2846 4473 unde
2896 4419 3018 4487 ipse
3065 4419 3318 4474 exterius
3352 4420 3743 4486 occumberet,

2037 4512 2174 4566 inde
2207 4527 2310 4565 nos
2329 4509 2581 4565 exterius
2616 4508 2973 4577 interiusque
3006 4507 3276 4563 liberaret
3303 4509 3330 4563 ‘I
3358 4509 3414 4562 Si
3448 4508 3627 4580 igitur
3649 4509 3745 4565 Sa-

2041 4605 2191 4655 tanas
2241 4615 2475 4662 manus,
2525 4597 2654 4666 ejns
2703 4601 2956 4667 potestas
3005 4598 3310 4668 accipitur,
3353 4599 3480 4667 ejus
3513 4615 3746 4653 manum

206 4704 338 4746 sua.
374 4689 628 4759 Alioquin
667 4691 822 4743 mitte
851 4705 1078 4742 manum
1129 4694 1301 4755 tuam,
1342 4695 1394 4741 et
1433 4695 1596 4754 tange
1643 4701 1697 4741 os
1726 4686 1841 4757 ejus
1878 4690 1938 4740 et
2032 4689 2203 4759 juxta
2232 4702 2464 4742 carnem
2496 4685 2754 4757 pertulit,
2788 4687 2960 4754 cujus
2993 4690 3338 4756 potestatem
3373 4687 3629 4756 corporis
3648 4703 3749 4742 us-

209 4794 459 4846 carnem,
509 4784 559 4834 et
587 4785 718 4834 tunc
747 4778 952 4834 videbis
980 4776 1120 4848 quod
1150 4777 1211 4832 in
1240 4779 1440 4846 [aciem
1493 4775 1771 4831 benedicat
1803 4777 1928 4830 tibi.

287 4873 378 4926 28.
425 4872 597 4927 Satan
631 4872 774 4928 unde
821 4874 957 4927 sciat
993 4872 1291 4934 Christum,
1325 4869 1467 4925 unde
1495 4869 1558 4925 de
1586 4885 1646 4926 eo
1685 4869 1928 4926 dubitet.

210 4963 279 5018 In
315 4962 595 5018 charitate
625 4979 687 5018 ac
734 4962 1009 5034 patientia
1041 4961 1249 5017 Christi
1281 4960 1604 5015 aestimanda
1638 4959 1781 5014 unde
1817 4960 1930 5028 fal-

283 5162 360 5231 (a)
393 5160 488 5215 Sic
513 5174 732 5226 omnes,
758 5158 988 5222 Rhem.,
1016 5156 1263 5281 Remigii,
1295 5156 1482 5220 Corb.,
1507 5156 1721 5220 Germ.,
1745 5156 1886 5210 Utic.
1914 5173 1927 5223 ;

283 5236 337 5281 ιι.
371 5232 454 5281 Cl-
492 5243 632 5281 aut..
669 5229 1160 5281 auzaincarnatus.
1239 5227 1345 5281 diti
1365 5242 1516 5281 vero.
1549 5227 1647 5281 aui
1679 5227 1736 5281 in
1762 5244 1927 5281 carne

204 5227 348 5288 Val.
371 5232 454 5287 Cl.
492 5243 633 5298 aut.,
669 5229 1160 5301 quzaincarnatus.
1195 5227 1345 5282 Editi
1365 5242 1516 5290 vero,
1549 5227 1647 5296 qui
1679 5227 1736 5281 in
1762 5244 1929 5283 carne

207 5314 521 5447 ηαέἴῖλίεε.
548 5374 748 5430 Norm.
774 5377 831 5429 et
853 5371 1090 5444 plurimi
1117 5387 1293 5441 supra
1313 5368 1559 5436 laudati,
1580 5368 1746 5426 Adam
1766 5387 1926 5426 nam-

243 5464 338 5504 ue.

206 5466 360 5590 “is
403 5520 487 5573 Ita
535 5517 716 5572 nostri
764 5517 903 5573 Mss.
956 5529 1180 5570 omnes.
1241 5513 1392 5569 Editi
1428 5513 1667 5578 habent,
1725 5514 1928 5586 Rubigo

203 5595 413 5664 quippe
443 5592 666 5664 peccati.

281 5657 364 5735 (ἄ)
385 5661 581 5735 Antiq.
609 5661 837 5735 Rh_em.,
853 5663 1154 5735 Norm_an.,
1169 5659 1370 5735 Corb.1
1387 5657 1580 5735 Germ.
1597 5657 1930 5735 etplerique

205 5728 356 5794 Mss;
392 5728 609 5791 habent
638 5732 838 5789 scimus
871 5733 964 5803 qui
986 5731 1061 5788 sis
1084 5737 1303 5787 sanctus
1335 5730 1449 5789 Dei.
1481 5728 1694 5804 Aliqui,
1726 5728 1928 5788 scimus

2041 4794 2152 4850 que
2184 4778 2254 4833 ad
2281 4783 2470 4846 sputa,
2502 4776 2800 4848 colaphos,
2835 4776 3082 4845 flagella,
3111 4793 3340 4834 crucem
3375 4777 3748 4846 lanceamque

2039 4868 2326 4924 toleravit.
2362 4867 2522 4924 Unde
2543 4875 2596 4922 et
2624 4866 2830 4933 Pilato,
2855 4869 2984 4935 ejus
3003 4865 3275 4921 videlicet
3296 4868 3366 4936 (e)
3399 4866 3644 4935 corpori,
3670 4865 3743 4918 ad

2040 4958 2371 5029 passionem
2403 4958 2642 5014 veniens
2674 4957 2848 5014 dicit:
2883 4957 2999 5012 Non
3036 4957 3265 5011 haberes
3294 4960 3354 5010 in
3396 4970 3484 5009 me
3509 4956 3742 5022 potesta-

2040 5155 2135 5225 qui
2163 5157 2238 5211 sis
2266 5156 2438 5211 Filius
2470 5156 2567 5210 Dei
2590 5171 2611 5217 ;
2661 5154 2780 5220 alii,
2826 5151 3190 5225 scimus‘quia
3229 5164 3288 5225 es
3330 5149 3561 5225 Sanctus
3608 5150 3744 5225 Dei;

2041 5220 2307 5282 nonnulli
2333 5228 2604 5298 denique,
2627 5225 2855 5298 scioiqui
2873 5222 2969 5276 sis.
3005 5220 3233 5298 Sanctus
3257 5220 3368 5274 Dei.
3395 5221 3614 5298 Germ.,
3636 5221 3744 5277 sci-

2037 5314 2158 5353 mus
2189 5302 2282 5370 qui
2310 5302 2403 5353 sis.
2431 5291 2525 5353 Dei
2554 5301 2702 5370 enim
2731 5291 2933 5348 Filium
2969 5291 3744 5370 pertimesce_ns,_s_e_d_tamen,

2037 5376 2149 5425 etc.
2185 5364 2311 5424 Mox
2345 5369 2624 5441 particula
2652 5381 3066 5441 nonnunquam,
3102 5379 3229 5434 quae
3275 5364 3333 5419 in
3372 5365 3556 5420 Editis
3588 5364 3742 5420 desi-

2037 5439 2368 5496 derabatur)
2403 5443 2701 5494 revocatur
2732 5453 2801 5492 ex
2830 5439 2964 5492 Mss.

2109 5513 2185 5583 (e)
2234 5512 2401 5579 Editi,
2431 5512 2683 5583 corporis,
2711 5509 2968 5583 membro,
3020 5507 3441 5583 refragantibus
3483 5507 3638 5583 M_s_s._
3675 5506 3747 5583 Et

2039 5577 2178 5640 sane
2223 5577 2406 5654 liquet
2453 5577 2792 5653 Gregorium
2831 5579 2922 5635 hic
2953 5577 3244 5651 appellare
3284 5595 3496 5654 corpus
3525 5577 3747 5634 diaboli

2037 5672 2136 5714 eos
2167 5673 2198 5713 a
2230 5656 2443 5726 quibus
2469 5654 2711 5717 Christis
2742 5669 2947 5730 passus
2967 5659 3073 5712 est.
