4134 6174
346 247 461 307 6ιῦ

2069 105 2170 119 ψῃ..-

1605 251 1874 314 SANCTI
1921 246 2287 311 GREGORII
2336 253 2585 318 MAGNI

2187 63 2294 109 xl”

3737 258 3868 320 616

331 393 456 453 tem,
490 384 602 442 nisi
649 384 754 440 tibi
799 385 926 440 data
958 390 1093 441 esset
1121 385 1352 458 desuper
1388 388 1564 456 (Joan.
1609 403 1722 456 xxx,
1773 384 1881 456 11).
1933 382 2040 437 Sed
2073 380 2124 447 Α
2156 384 2255 437 tan
2278 384 2347 439 ad
2395 386 2713 445 feriendam
2757 387 3159 460 Redemptoris
3200 403 3433 445 carnem
3477 390 3859 460 permittitur,

331 484 522 532 tamen
557 475 707 530 hanc
733 481 1099 547 potestatem,
1134 494 1306 548 quam
1341 483 1541 531 contra
1577 493 1635 531 se
1667 477 1717 530 ei
1749 475 2032 529 extrinse-

330 585 433 622 cus
460 568 717 634 dederat,
753 569 876 620 suis
907 566 1120 620 servire
1160 566 1333 620 lucris
1367 568 1717 620 intrinsecus
1749 565 1849 620 86
1885 577 2038 617 com-

330 661 597 731 pellebat.
630 659 851 712 Pilatus
883 659 1037 711 enim
1072 658 1156 711 vel
1188 658 1384 722 Satan,
1417 661 1515 728 qui
1560 657 1823 725 ejusdem
1864 651 2034 708 Pilati

326 756 500 821 caput
530 750 846 813 exstiterat,
881 751 990 802 sub
1015 754 1296 818 potestate
1321 747 1499 817 illius,
1533 763 1709 818 super
1738 762 1907 817 quem
1933 760 2034 814 po-

327 848 592 898 tesratem
646 845 957 904 acceperat,
993 838 1295 892 tenebatur
1318 855 1332 902 ;
1357 837 1494 898 quia
1533 843 1589 892 et
1621 836 1881 903 superior
1911 833 2037 904 ipse

326 934 683 1001 disposuerat
704 928 811 982 hoc
843 929 990 999 quod
1028 927 1270 983 interius
1299 929 1578 983 accedens
1601 944 1634 982 a
1675 928 2036 995 persecutore

327 1019 606 1075 tolerabat
637 1037 652 1082 ;
688 1024 749 1071 ut
778 1033 910 1071 cum
944 1033 1008 1070 ex
1052 1017 1204 1071 mala
1245 1023 1436 1072 mente
1479 1015 1801 1070 inﬁdelium
1835 1027 2036 1082 surge-

329 1117 433 1172 ret,
471 1108 704 1162 utilitati
753 1111 943 1160 taxnen
985 1107 1296 1161 electorum
1343 1107 1607 1161 omnium
1648 1105 1778 1175 ipse.
1806 1116 2038 1174 quoque

328 1198 644 1253 crudelitas
691 1197 1022 1251 deserviret.
1093 1195 1189 1250 Pis
1251 1197 1427 1262 igitur
1473 1193 1822 1265 disponebat
1877 1192 2037 1246 intus

329 1289 482 1360 quod
533 1289 916 1356 semetipsum
972 1285 1087 1357 pati
1154 1285 1414 1356 nequiter
1472 1283 1845 1355 permittebat
1877 1281 2033 1336 foris.

328 1381 473 1436 Hinc
503 1380 592 1432 est
622 1378 776 1430 enim
811 1375 961 1445 quod
1015 1375 1083 1429 de
1113 1373 1210 1428 illo
1262 1373 1318 1428 in
1352 1389 1514 1428 ccena
1554 1372 1766 1427 dicitur
1797 1388 1810 1426 :
1845 1371 2036 1428 Sciens

325 1472 496 1529 Iesus.
529 1466 661 1537 quia
708 1465 895 1520 omnia
943 1465 1096 1518 dedit
1125 1464 1179 1517 ei
1206 1466 1369 1518 Pater
1412 1464 1470 1517 in
1511 1477 1725 1526 manus,
1765 1464 1814 1514 et
1845 1461 1974 1530 quia
2003 1474 2038 1513 a

326 1561 428 1616 Deo
458 1557 651 1623 exivit,
684 1562 734 1610 et
781 1554 852 1609 ad
900 1558 1073 1609 Deum
1113 1553 1282 1620 vadit,
1312 1555 1487 1622 surgit
1526 1570 1559 1606 a
1588 1568 1765 1617 caena,
1793 1559 1844 1605 et
1882 1549 2037 1614 ponit

324 1651 653 1705 vestimenta
681 1661 780 1699 sua
821 1644 994 1714 (Joan.
1037 1659 1158 1710 xxxx,
1206 1645 1276 1711 3).
1329 1643 1470 1697 Ecce
1501 1642 1556 1696 in
1591 1656 1798 1695 manus
1841 1652 2033 1709 perse-

326 1736 626 1808 quentium
662 1734 874 1796 iturus,
923 1732 1141 1785 sciebat
1189 1731 1342 1801 quod
1400 1730 1458 1784 in
1502 1745 1676 1784 manu
1711 1745 1816 1783 sua
1869 1727 2030 1796 ipsos

325 1828 499 1883 etiam
533 1829 927 1894 persecutores
953 1829 1273 1889 acceperat.
1306 1821 1411 1884 Qui
1453 1819 1606 1873 enim
1649 1818 1841 1874 omnia
1871 1832 2029 1872 acce-

325 1917 478 1986 pisse
510 1930 571 1968 se
601 1915 859 1974 noverat,
884 1914 1110 1967 constat
1133 1910 1268 1980 quia
1298 1915 1353 1963 et
1384 1909 1538 1977 ipsos
1578 1908 1843 1978 aquibus
1865 1911 2028 1960 tene-

325 2009 496 2062 batur
541 2003 772 2057 tenebat
803 2025 818 2068 ;
851 2007 914 2056 ut
944 2004 1068 2072 ipse
1097 2001 1151 2055 in
1186 2016 1248 2054 se
1276 2000 1344 2053 ad
1381 2015 1551 2053 usum
1595 1998 1820 2067 pietatis
1852 1997 2030 2052 intor-

324 2101 526 2169 queret
556 2093 838 2164 quidquid
894 2107 1094 2146 eorum
1145 2096 1349 2146 contra
1397 2107 1458 2144 se
1493 2087 1716 2143 malitia
1745 2088 2030 2159 permissa

323 2188 567 2242 saviret.
601 2185 840 2239 Dicatur
870 2199 1006 2253 ergo
1039 2182 1088 2236 ei
1124 2197 1138 2236 :
1166 2183 1292 2236 Ecce
1321 2180 1381 2234 in
1423 2196 1593 2233 manu
1622 2184 1716 2234 tua
1745 2187 1860 2239 est;
1892 2178 2030 2249 quia

323 2278 392 2332 ad
427 2274 742 2331 feriendam
775 2287 1010 2327 carnem
1061 2271 1298 2325 seviens
1335 2269 1623 2324 licentiam
1658 2267 1896 2338 accepit,
1930 2267 2026 2322 sed

324 2363 588 2438 potestati
619 2361 778 2416 illius
811 2361 1076 2415 nesciens
1107 2359 1438 2415 deservivit.

396 2455 534 2526 [Vet.
576 2451 738 2521 XIII]
784 2451 873 2504 30.
927 2449 1184 2504 Diabolus
1234 2451 1482 2503 animum
1524 2446 1731 2502 Christi
1769 2460 2031 2516 superare

321 2562 432 2601 non
459 2559 612 2614 posse
649 2539 1013 2596 convincitur.
1045 2571 1114 2580 —
1141 2538 1407 2593 Animam
1449 2555 1581 2593 vero
1613 2537 1772 2592 illius
1803 2550 2031 2592 servare

324 2637 678 2710 praecipitur,
706 2650 814 2687 non
842 2635 988 2703 quod
1024 2631 1172 2686 hanc
1204 2636 1423 2685 tentare
1449 2628 1796 2699 prohibitur,
1830 2628 1903 2699 (a)
1927 2627 2027 2682 sed

321 2728 474 2800 quod
521 2725 670 2780 hanc
719 2738 993 2791 superare
1033 2737 1150 2775 non
1200 2737 1367 2792 posse
1400 2721 1778 2774 convincitur.
1833 2721 2030 2788 Neque

326 2819 482 2873 enim
517 2814 669 2868 sicut
715 2829 845 2877 nos,
892 2811 993 2881 qui
1045 2811 1170 2880 puri
1229 2809 1491 2863 homines
1521 2824 1746 2876 sumus,
1776 2807 2030 2864 irruente

317 2922 467 2977 saepe
502 2903 823 2958 tentatione
855 2899 1244 2958 concutimur,
1285 2897 1367 2951 ita
1416 2897 1826 2969 Redemptoris
1848 2897 2029 2952 nostri

314 2997 508 3050 anima
582 2989 919 3046 temtationis
977 2994 1061 3042 est
1122 2987 1465 3042 necessitate
1521 2988 1774 3042 turbata.
1837 2987 2029 3043 Hostis

2147 471 2220 526 ab
2249 476 2444 531 anima
2470 485 2811 550 separatur;
2863 478 3002 550 quia
3031 493 3167 534 cum
3211 494 3420 549 corpus
3462 480 3587 551 ejus
3617 483 3687 537 ad
3720 499 3857 554 pas-

2146 559 2368 618 sionem
2411 568 2640 637 accipit,
2686 568 2900 623 electos
2949 568 3072 636 ejus
3135 584 3167 622 a
3206 567 3340 636 jure
3386 583 3507 623 sum
3555 573 3858 638 potestatis

2147 651 2407 722 amittit;
2458 673 2712 728 cumque
2762 658 2920 712 illius
2970 673 3101 712 caro
3155 673 3255 728 per
3302 673 3537 713 crucem
3592 661 3858 732 moritur,

2147 738 2354 797 horum
2390 761 2555 802 mens
2605 752 2806 802 contra
2854 752 3216 803 tentamenta
3263 748 3565 804 solidatur.
3617 751 3859 807 Dicatur

2145 846 2278 900 ergo
2304 849 2316 886 :
2348 834 2488 890 Ecce
2516 839 2570 891 in
2602 853 2775 892 manu
2805 846 2901 892 tua
2946 842 3045 903 est,
3097 842 3466 893 verumtamen
3510 840 3759 895 animam
3789 841 3860 896 il-

2147 919 2253 974 lius
2283 937 2459 977 serva.
2485 930 2567 980 Ac
2589 926 2632 980 si
2657 931 2851 996 aperte
2882 926 3078 980 audiat
3115 942 3128 981 :
3155 925 3473 982 Licentiam
3505 933 3706 985 contra
3731 945 3859 985 cor-

2147 1026 2256 1080 pus
2303 1013 2432 1082 ejus
2479 1015 2694 1086 accipe,
2745 1021 2800 1070 et
2850 1015 2922 1070 ab
2961 1015 3161 1071 electis
3202 1015 3384 1086 illius,
3416 1018 3571 1088 quod
3605 1019 3758 1088 apud
3791 1035 3858 1076 se

2147 1106 2279 1155 ante
2328 1104 2536 1160 saecula
2568 1105 2880 1177 prtssciens
2902 1105 3184 1177 possidet,
3229 1105 3330 1174 jus
3363 1122 3554 1176 pravae
3583 1108 3861 1164 domina-

2146 1190 2324 1245 tionis
2350 1195 2545 1263 perde.

2579 1284 2818 1340 CAPUT
2847 1283 3002 1340 xvxx
3038 1284 3186 1356 [Vet.
3213 1284 3378 1357 xxvi.

2216 1370 2391 1427 Vens.
2421 1373 2568 1428 7.-
2613 1375 2868 1446 Egressus
2916 1377 3091 1443 igitur
3132 1375 3303 1430 Satan
3351 1392 3386 1430 a
3426 1377 3566 1445 facie
3604 1377 3859 1444 Domini,

2141 1465 2409 1531 percussit
2435 1465 2530 1519 Job
2572 1465 2753 1521 ulcere
2792 1465 3050 1538 pessimo,
3081 1482 3115 1520 a
3145 1466 3345 1537 planta
3378 1465 3540 1537 pedis
3573 1483 3740 1539 usque
3773 1468 3858 1524 ad

2144 1551 2400 1608 verticem
2411 1595 2422 1608 .

2215 1641 2302 1695 32.
2335 1641 2581 1698 Christus
2609 1644 2677 1700 ab
2707 1644 2936 1700 exordio
2981 1645 3176 1699 mundi
3214 1645 3272 1700 in
3299 1647 3414 1700 suis
3443 1661 3749 1717 percussus.
3782 1678 3858 1692 --

2148 1728 2356 1786 Nullus
2382 1734 2439 1787 in
2473 1733 2620 1788 hanc
2639 1735 2815 1790 vitam
2850 1733 3165 1790 electorum
3196 1735 3373 1802 venit,
3405 1735 3507 1806 qui
3531 1752 3643 1791 non
3676 1736 3858 1806 hujus

2137 1819 2321 1875 hostis
2364 1823 2602 1879 adversa
2641 1825 2941 1879 sustinuit.
2987 1824 3240 1880 Membra
3278 1832 3467 1880 autem
3512 1825 3696 1881 nostri
3738 1827 3856 1882 Re-

2138 1910 2459 1978 demptoris
2509 1915 2871 1980 exstiterunt,
2936 1913 3114 1968 etiam
3174 1913 3274 1984 qui
3334 1915 3404 1968 ab
3468 1915 3594 1985 ipso
3644 1916 3856 1973 mundi

2138 2001 2393 2068 exordio,
2425 2004 2565 2057 dum
2625 2005 2717 2074 pie
2768 2004 2989 2069 vivunt,
3043 2002 3305 2058 crudelia
3345 2004 3500 2074 passi
3549 2003 3644 2059 87
3689 2006 3853 2061 eunti

2135 2089 2224 2143 An
2260 2106 2370 2144 non
2405 2089 2586 2161 hujus
2621 2094 2949 2147 membrum
2989 2090 3130 2146 Abel
3162 2107 3224 2146 se
3245 2107 3375 2147 esse
3397 2091 3710 2161 perhibuit,
3745 2093 3852 2165 qui

2137 2178 2261 2247 ejus
2286 2189 2548 2245 mortem,
2582 2182 2653 2237 de
2683 2198 2791 2252 quo
2813 2182 3100 2251 scriptum
3131 2184 3241 2250 est,
3275 2180 3427 2236 Sicut
3457 2197 3633 2250 agnus
3657 2197 3858 2237 coram

2138 2263 2388 2324 laudente
2419 2285 2477 2325 se
2520 2270 2862 2337 obmutescet,
2922 2276 2974 2326 et
3021 2287 3126 2325 non
3157 2271 3370 2340 aperiet
3420 2286 3476 2325 os
3505 2287 3660 2326 suum
3681 2271 3852 2342 (lsai.

2140 2372 2258 2424 x.xxx,
2289 2357 2369 2427 7),
2422 2371 2534 2413 non
2585 2358 2770 2414 solum
2822 2358 3055 2429 placens
3087 2357 3144 2413 in
3176 2358 3479 2424 sacrificio,
3530 2360 3627 2413 sed
3670 2359 3853 2414 etiam

2141 2447 2398 2500 moriens
2441 2449 2683 2502 tacendo
2732 2447 3030 2517 signavit?
3088 2447 3171 2501 Ab
3221 2446 3349 2517 ipso
3403 2447 3594 2516 itaque
3643 2448 3853 2503 mundi

2139 2537 2373 2591 exordio
2404 2536 2809 2607 Redemptoris
2853 2537 3033 2592 nostri
3074 2553 3286 2608 corpus
3317 2552 3648 2607 expugnare
3679 2553 3859 2592 cona-

2139 2627 2234 2677 tus
2264 2628 2373 2678 est.
2401 2632 2444 2678 Δ
2478 2625 2674 2693 planta
2697 2641 2833 2696 ergo
2877 2625 3039 2694 pedis
3091 2640 3275 2696 usque
3315 2624 3386 2679 ad
3421 2627 3688 2680 verticem
3722 2625 3857 2680 vul-

2139 2730 2251 2768 nus
2285 2713 2500 2780 intulit,
2533 2716 2606 2786 (c)
2637 2719 2770 2786 quia
2791 2733 2824 2770 a
2855 2717 3016 2786 puris
3040 2714 3379 2770 hominibus
3420 2714 3722 2782 inchoans,
3749 2731 3853 2771 us-

2139 2820 2252 2875 que
2299 2805 2369 2859 ad
2421 2807 2614 2876 ipsum
2673 2811 2849 2878 caput
2900 2804 3166 2861 Ecclesia:
3222 2805 3510 2861 seviendo
3563 2805 3850 2876 pervenit.

2140 2896 2290 2950 Bene
2320 2901 2511 2951 autem
2543 2896 2758 2952 dicitur
2781 2913 2794 2952 :

2756 2986 2996 3043 CAPUT
3028 2986 3222 3043 XVIII.

315 3098 569 3153 namque
591 3087 802 3146 noster,
836 3077 1018 3133 etsiin
1049 3077 1338 3132 excelsum
1364 3081 1616 3131 montem
1642 3092 1772 3130 eum
1803 3076 1877 3147 (b)
1910 3093 2030 3146 per-
2068 3060 2112 3128 C
2211 3077 2382 3133 Vens.
2416 3080 2468 3132 8.
2501 3109 2569 3119 ——
2601 3080 2750 3134 Testa
2776 3079 2988 3134 saniem
3024 3077 3271 3133 radebat.

313 3174 532 3229 missus
566 3168 903 3239 assumpsit,
936 3167 983 3222 ei
1007 3168 1278 3221 daturum
1312 3182 1373 3220 se
1395 3181 1573 3236 regna
1605 3166 1807 3219 mundi
1831 3165 2016 3234 perhi-

313 3263 459 3330 buit,
493 3259 539 3314 si
584 3257 742 3328 quasi
795 3258 849 3310 in
886 3271 1091 3326 panem
1145 3255 1454 3309 vertendos
1492 3253 1710 3324 lapides
1761 3255 2016 3310 ostendit

311 3353 520 3426 (Matth.
557 3367 633 3413 xv,
663 3349 734 3415 8;
774 3349 895 3401 Luc.
931 3362 1004 3411 xv,
1039 3346 1112 3415 4),
1150 3349 1402 3399 mentem
1450 3348 1642 3398 tamen
1675 3344 2013 3400 mediatoris

309 3442 407 3498 Dei
441 3446 497 3496 et
527 3438 830 3494 hominum
864 3435 1182 3490 tentatione
1213 3451 1493 3505 quassare
1524 3449 1637 3489 non
1677 3434 1872 3489 valuit.
1919 3434 2012 3490 Sic

308 3532 462 3588 enim
495 3528 769 3600 dignatus
800 3531 890 3582 est
920 3525 1042 3581 haec
1072 3525 1325 3581 exterius
1357 3530 1564 3579 cuncta
1603 3524 1915 3592 suscipere,
1950 3530 2016 3581 ut

309 3623 433 3692 ejus
464 3625 658 3675 tamen
685 3617 1112 3673 mensinterius
1143 3615 1432 3668 divinitati
1459 3630 1575 3669 suae
1607 3615 1892 3671 inhaerens
1922 3616 2012 3672 in-

308 3726 592 3768 concussa
622 3713 998 3778 permaneret.
1034 3706 1140 3770 Qui
1172 3709 1228 3759 et
1259 3704 1303 3758 si
1337 3705 1568 3775 quando
1599 3705 1868 3760 turbatus
1899 3705 2016 3776 spi-

305 3801 420 3855 ritu
479 3797 846 3852 inl'remuisse
872 3795 1086 3849 dicitur
1123 3794 1298 3864 (Joan.
1340 3810 1419 3861 xx,
1454 3794 1541 3860 33,
1571 3793 1685 3864 38),
1719 3795 1840 3863 ipse
1865 3794 2012 3849 divi-

305 3889 465 3942 nitus
482 3885 824 3956 disponebat
842 3887 1129 3954 quantum
1153 3883 1275 3952 ipse
1297 3881 1641 3936 humanitus
1663 3882 2010 3952 turbaretur,

303 3974 751 4031 immutabiliter
799 3972 1069 4028 omnibus
1132 3971 1467 4043 praesidens,
1520 3976 1576 4026 et
1633 3973 2011 4042 semetipsum

302 4065 643 4123 mutabilem
694 4064 748 4117 in
801 4061 1198 4117 satisfactione
1253 4061 1610 4115 inﬁrmitatis
1673 4063 2011 4119 ostendens.

300 4157 540 4225 Quietus
567 4171 703 4226 ergo
753 4154 808 4208 in
861 4151 1173 4221 semetipso
1205 4167 1472 4218 manens,
1514 4151 1802 4223 disposuit
1840 4154 2010 4223 quid-

299 4247 438 4318 quid
499 4261 598 4315 pro
647 4243 1000 4299 ostendenda
1032 4241 1414 4307 humanitate,
1448 4256 1620 4310 quam
1655 4247 2014 4313 susceperat,

299 4336 477 4389 etiam
512 4333 890 4387 turbulentus
925 4331 1078 4385 lecil.

2195 3169 2288 3222 33.
2325 3171 2492 3233 Testa,
2527 3170 2628 3225 hoc
2655 3173 2751 3233 est,
2783 3185 2947 3224 carne
2977 3185 3080 3223 sua
3109 3184 3139 3223 e
3159 3177 3308 3224 terra
3355 3174 3597 3237 sumpta,
3627 3170 3851 3223 saniem

2127 3260 2336 3325 peccati
2363 3260 2521 3312 rasit.
2550 3288 2618 3299 -—
2648 3259 2793 3322 Quid
2817 3256 2970 3313 enim
3004 3257 3162 3312 aliud
3197 3257 3256 3311 in
3298 3272 3471 3312 manu
3502 3256 3729 3311 Domini
3763 3263 3849 3312 te-

2128 3354 2217 3405 sta
2246 3353 2350 3414 est,
2383 3348 2495 3404 nisi
2527 3365 2656 3406 caro
2685 3364 2753 3404 ex
2785 3353 2992 3403 nostris
3025 3347 3364 3403 substantiae
3395 3347 3516 3402 luto
3549 3354 3790 3417 sumpta
3821 3347 3852 3401 ?

2129 3437 2348 3492 Etenim
2379 3441 2525 3491 testa
2559 3437 2691 3508 igne
2730 3435 3029 3491 solidatur.
3061 3436 3206 3490 Caro
3255 3439 3452 3490 autem
3500 3433 3730 3489 Domini
3772 3449 3849 3490 eo

2126 3541 2194 3581 ex
2228 3525 2491 3596 passione
2521 3541 2627 3581 sua
2652 3525 2944 3581 robustior
2975 3525 3216 3590 exstitit,
3251 3540 3366 3595 quo
3392 3540 3490 3594 per
3518 3522 3842 3579 inﬁrmita-

2124 3620 2242 3672 tem
2276 3617 2547 3683 moriens,
2583 3633 2615 3670 a
2643 3619 2824 3671 morte
2847 3617 2972 3671 sine
3001 3615 3341 3670 inﬁrmitate
3369 3614 3638 3669 urrexit.
3677 3614 3849 3670 Unde

2124 3711 2275 3763 recte
2337 3707 2512 3762 etiam
2563 3720 2664 3776 per
2695 3704 3038 3776 Prophetam
3079 3705 3334 3760 dicitur:
3395 3705 3634 3758 Exaruit
3691 3704 3848 3758 velut

2121 3803 2263 3853 testa
2292 3799 2465 3852 virtus
2492 3813 2612 3852 mea
2649 3796 2817 3860 (Psal.
2851 3813 2964 3862 xxx,
3001 3796 3109 3866 16).
3152 3794 3316 3850 Sicut
3347 3799 3491 3850 testa
3519 3795 3673 3850 enim
3706 3795 3847 3863 ejus

2123 3887 2304 3942 virtus
2334 3886 2577 3952 exaruit,
2610 3887 2710 3957 qui
2733 3889 3016 3955 susceptas
3047 3885 3241 3940 carnis
3274 3884 3670 3939 infirmitatem
3705 3900 3847 3954 pas-

2123 3977 2304 4031 sionis
2339 3993 2455 4032 sua:
2479 3976 2612 4047 igne
2634 3975 2942 4030 roboravit.
2972 3974 3121 4039 Quid
3145 3990 3278 4028 vero
3316 3990 3416 4044 per
3447 3972 3691 4038 saniem,
3718 3972 3841 4028 nisi

2125 4071 2449 4136 peccatum,
2482 4064 2651 4119 debet
2681 4062 2969 4133 intelligi?
3000 4063 3104 4118 Per
3120 4078 3350 4118 carnem
3375 4063 3586 4133 quippe
3615 4065 3670 4116 et
3700 4077 3842 4118 san-

2124 4157 2360 4226 guinem
2419 4153 2611 4208 solent
2659 4152 2851 4208 carnis
2894 4156 3123 4222 peccata
3163 4151 3474 4221 designari.
3528 4151 3690 4207 Unde
3733 4167 3844 4220 per

2127 4245 2496 4301 Psalmistam
2534 4243 2745 4297 dicitur
2772 4259 2783 4298 :
2811 4242 3004 4298 Libera
3035 4258 3120 4297 me
3149 4241 3212 4296 de
3257 4241 3624 4310 sanguinibus
3657 4242 3839 4311 (Psal.

2125 4336 2317 4404 ι,16).
2371 4334 2572 4389 Sanies
2621 4335 2816 4403 itaque
2866 4332 3108 4404 putredo
3152 4336 3240 4388 est
3304 4331 3624 4399 sanguinis.
3677 4331 3842 4393 Quid

371 4425 459 4478 3t.
494 4423 693 4477 Anima
713 4423 917 4478 Christi
968 4424 1080 4476 dici
1120 4426 1345 4492 possunt
1374 4423 1548 4479 electi.
1585 4425 1647 4479 Hi
1675 4440 1710 4480 a
1735 4431 2010 4497 potestate
2039 4433 2090 4497 ι)
2123 4442 2257 4498 ergo
2278 4425 2592 4496 accipimus
2614 4423 2694 4493 (d)
2717 4423 2963 4489 saniem,
2983 4422 3090 4477 nisi
3112 4427 3346 4494 peccata
3360 4423 3552 4478 carnis
3573 4437 3638 4477 ex
3657 4420 3845 4492 longa

299 4513 516 4570 diaboli
543 4513 881 4566 eximuntur.
919 4541 986 4551 --
1007 4511 1150 4573 Quia
1179 4527 1311 4568 vero
1343 4527 1476 4567 cum
1511 4517 1663 4569 recte
1693 4515 2008 4586 diligimus,

304 4602 448 4659 nihil
492 4602 551 4655 in
594 4601 766 4656 rebus
797 4601 1046 4655 conditis
1081 4601 1274 4655 anima
1327 4609 1528 4658 nostra
1573 4603 1808 4660 charius
1853 4622 2012 4661 ama-

301 4709 475 4759 mus;
509 4695 565 4746 et
585 4690 728 4745 sicut
754 4689 1007 4744 animam
1037 4707 1139 4744 nos
1170 4708 1266 4746 eos
1302 4690 1543 4762 diligere
1575 4694 1843 4762 dicimus,
1879 4695 2012 4766 qui-

301 4783 413 4839 bus
432 4779 650 4836 amoris
677 4779 858 4835 nostri
885 4779 1208 4850 exprimere
1233 4781 1460 4850 pondus
1492 4798 1789 4848 conamur,
1825 4789 2014 4855 potest

302 4888 403 4946 per
431 4872 556 4942 ejus
584 4869 836 4926 animam
874 4867 1189 4925 electorum
1233 4869 1352 4924 vita
1373 4870 1612 4942 signari.
1647 4872 1713 4927 Et
1743 4889 1873 4929 cum
1907 4875 2015 4931 Sa-

373 5091 451 5161 (a)
480 5090 676 5161 Antiq.
704 5088 935 5151 Rhem.,
962 5086 1210 5157 Remig.,
1243 5086 1424 5148 Colb.,
1455 5087 1648 5156 Corb.,
1679 5094 1896 5162 Germ.,
1921 5095 2017 5150 sed

303 5164 442 5234 quod
492 5165 631 5216 hanc
678 5168 888 5234 tentare
933 5175 1074 5234 non,
1103 5174 1261 5234 posse
1299 5163 1654 5234 convincitur.
1712 5163 2015 5221 Secundus

305 5230 533 5296 Rhem.,
555 5234 669 5288 duo
692 5233 917 5302 Remig.
941 5237 997 5285 et
1017 5231 1100 5303 Cl.
1127 5230 1271 5303 Val.,
1294 5232 1384 5303 sed
1415 5235 1552 5301 quod
1577 5234 1728 5288 hanc
1752 5252 2016 5303 superare

306 5310 547 5358 tentator
576 5320 680 5356 non
704 5321 860 5372 posse
887 5302 1256 5358 convincitur.
1301 5302 1432 5376 Alii.
1465 5304 1556 5358 sed
1577 5307 1716 5376 quod
1749 5302 1890 5362 hanc
1926 5323 2018 5363 su-

304 5389 498 5445 perare
524 5376 790 5445 tentando
821 5389 931 5426 non
962 5390 1111 5442 posse
1140 5374 1502 5432 convincitur.

373 5446 451 5515 (b)
473 5444 704 5521 RhemL,
735 5446 981 5521 Remig.,
1011 5445 1202 5521 Corb.,
1227 5446 1438 5521 Germ.,
1473 5448 1733 5521 Vindoc.,
1756 5449 1879 5504 Val.
1905 5451 2013 5521 CL,

306 5521 610 5594 Norxnan.,
650 5518 916 5594 Ιῇριῇἱιιίέ,
965 5522 1099 5594 etc._.
1152 5517 1506 5594 itahabent.
1543 5519 1635 5575 Sic
1662 5523 1834 5575 etiam
1875 5517 2016 5594 legi;

306 5594 408 5664 tur_
432 5587 488 5664 in
522 5591 631 5640 vet.
667 5587 817 5664 Edit.
853 5585 1034 5640 Paris.
1067 5587 1125 5640 ln
1152 5587 1320 5642 aliis:
1365 5590 1531 5645 hostis
1570 5609 1804 5664 namque
1833 5585 2018 5650 noster

305 5659 408 5715 etsi
445 5658 504 5732 in
538 5657 816 5732 excelsum
848 5665 1085 5710 mantem
1132 5673 1253 5732 eum
1297 5675 1453 5729 quem
1478 5657 1777 5732 permissus
1807 5681 2016 5722 assum.

303 5733 430 5802 psit,
461 5728 622 5783 diuit
654 5744 672 5788 ,ο
703 5730 752 5782 si
780 5726 1064 5796 daturum,
1097 5731 1203 5781 etc.

2120 4520 2415 4570 vetustate
2459 4515 2654 4586 pejora
2678 4514 2706 4567 ?
2738 4512 2958 4568 Vulnus
2997 4512 3195 4582 itaque
3227 4513 3283 4566 in
3318 4511 3540 4567 saniem
3568 4511 3840 4577 vertitur,

2120 4621 2248 4663 cum
2285 4603 2546 4675 neglecta
2576 4603 2743 4671 culpa
2777 4617 2881 4656 usu
2918 4601 3176 4656 deterius
3222 4607 3516 4674 gravatur.
3551 4600 3846 4656 Mediator

2119 4696 2315 4767 itaque
2346 4693 2444 4749 Dei
2479 4699 2537 4747 et
2568 4691 2876 4747 hominum
2911 4691 3085 4745 homo
3124 4690 3391 4746 Christus
3419 4690 3594 4746 Jesus
3619 4691 3668 4760 (ι
3699 4691 3844 4746 Tim.

2120 4801 2178 4852 ιι,
2210 4787 2263 4852 5)
2297 4800 2506 4854 corpus
2548 4799 2716 4838 suum
2754 4780 3025 4836 manibus
3067 4780 3539 4852 persequentium
3574 4779 3844 4836 tradens.

2121 4873 2342 4930 saniem
2374 4878 2522 4928 testa
2552 4871 2715 4938 rasit,
2749 4871 2885 4942 quia
2906 4873 3209 4940 peccatum
3255 4885 3426 4926 carne
3467 4867 3697 4924 delevit.
3735 4869 3850 4927 Ve-

2192 5096 2263 5168 (c)
2289 5095 2377 5149 Ita
2407 5092 2548 5148 Mss.
2597 5088 2795 5168 Corb.,
2822 5087 3064 5168 _Gerr_n.,
3120 5085 3491 5168 polb.."lteg.
3521 5082 3656 5168 Alii,
3687 5099 3851 5168 quos

2124 5155 2322 5222 Ex‘ct’xsi
2356 5166 2705 5234 sequuntur,
2733 5155 2865 5232 quia
2893 5160 3050 5231 prius
3078 5157 3166 5213 ab.
3204 5157 3266 5212 In
3303 5155 3476 5223 Utici,
3508 5157 3639 5225 quia
3659 5155 3848 5225 puris,

2123 5250 2173 5294 et
2207 5239 2348 5309 quia
2378 5238 2611 5309 primus.

2197 5298 2269 5381 (ξι)
2305 5298 2653 5381 ΙιιἘιιρυξὶε,
2683 5319 2785 5381 per
2809 5301 3049 5381 saniem._
3073 5303 3135 5381 _ln
3170 5303 3305 5356 Mss.
3340 5299 3554 5381 quibus
3585 5298 3855 5381 adhere:

2126 5371 2278 5444 mus,
2315 5377 2658 5449 simpliciter
2682 5376 2922 5449 legitur:
2954 5373 3085 5449 quid
3103 5374 3558 5449 ergonccipimus
3579 5371 3798 5449 saniem
3821 5372 3852 5426 ’ἔ

2124 5455 2225 5508 Est
2251 5442 2460 5507 modus
2488 5442 2762 5512 loquendi
2805 5442 3000 5499 nostro
3022 5443 3297 5516 Gregorio
3329 5442 3652 5516 familiaris.
3689 5443 3853 5516 Intra

2125 5543 2175 5580 c.
2209 5539 2338 5585 xxv,
2377 5540 2430 5574 ιι.
2468 5521 2554 5574 48.
2588 5520 2739 5573 Sicut
2781 5519 3106 5572 vestimenta
3143 5514 3406 5570 Ecclesiae
3443 5519 3666 5569 cunctos
3707 5515 3820 5584 fide

2125 5599 2200 5650 tes
2223 5596 2549 5660 accipimus.
2575 5591 2642 5644 Et
2666 5589 2766 5644 lib.
2801 5605 2863 5653 xx,
2888 5604 3012 5660 cap.
3047 5588 3183 5642 olim
3219 5587 3302 5654 l6,
3335 5601 3489 5640 nunc
3520 5585 3612 5653 21,
3648 5601 3707 5639 ιι.
3739 5586 3814 5640 38
3837 5603 3857 5644 :

2125 5667 2267 5735 Quid
2297 5659 2443 5722 enim
2473 5662 2675 5718 solium
2707 5662 2821 5727 Dei,
2853 5659 2964 5715 nisi
2993 5660 3266 5731 angelicas
3296 5661 3592 5729 potestates
3638 5661 3854 5729 accipi-

2123 5755 2266 5794 mus.
