4134 6174
268 251 384 314 617

1197 242 1611 305 MORALIUM
1660 243 1803 304 LIB.
1855 241 1962 303 III.
2005 272 2085 286 -
2129 242 2203 303 ΙΝ
2248 242 2418 303 CAP.
2471 243 2523 304 ll
2567 244 2640 304 Β.
2685 242 2848 304 JOB.

3662 253 3782 317 618

269 395 349 449 nil
379 392 548 460 enim,
584 389 737 447 sicut
767 386 1054 458 scriptum
1084 388 1191 450 est,
1220 386 1282 441 in
1326 381 1757 439 similitudinem
1791 384 1978 439 carnis
2007 383 2061 452 Α
2092 384 2150 440 in
2184 386 2436 442 Ecclesia
2466 385 2660 443 vident
2685 388 2883 445 deesse
2914 391 3067 461 quod
3130 392 3416 465 ambiunt,
3462 395 3658 457 hostes
3689 401 3789 458 bo-

275 484 496 555 peccati,
519 489 582 537 ut
608 481 673 535 de
702 487 913 548 peccato
940 477 1226 532 damnaret
1258 473 1723 545 peccatum(Rom.
1753 490 1873 540 vm,
1906 474 1978 544 3).

281 576 544 643 Dumque
576 570 727 626 hosti
760 568 961 638 objicit
995 566 1385 621 innocentiam
1409 563 1602 620 carnis
1623 579 1760 625 sum,
1795 573 1980 619 exterr

278 664 352 720 sit
381 662 651 731 contagia
682 659 875 715 carnis
906 661 1119 711 nostrae
1154 672 1168 722 ;
1220 659 1276 708 et
1306 670 1372 708 ex
1414 670 1524 724 qua
1575 669 1681 708 nos
1723 653 1984 724 captivos

279 754 554 809 inimicus
590 750 800 816 tenuit,
827 764 927 820 per
951 747 1110 802 illam
1146 761 1252 800 nos
1286 743 1497 799 liberos
1519 745 1763 814 expiavit
1800 768 1814 809 ;
1849 742 1987 813 quia

282 859 457 916 quam
506 857 607 896 nos
639 841 1100 894 instrumentum
1149 835 1395 889 fecimus
1425 833 1626 900 culpae,
1662 833 1783 888 haec
1813 832 1983 888 nobis

285 950 380 1004 per
435 930 812 987 Mediatorem
870 942 1040 981 versa
1078 929 1164 979 est
1198 924 1254 978 in
1289 939 1452 978 arma
1501 922 1768 993 justitiae.
1816 923 1987 978 Testa

284 1039 417 1095 ergo
447 1021 642 1077 sanies
674 1018 918 1084 raditur,
944 1031 1072 1071 cum
1097 1030 1270 1070 carne
1292 1012 1464 1086 culpa
1486 1023 1810 1084 superatur.
1836 1011 1988 1070 Beue

285 1118 475 1171 autem
517 1109 785 1166 subditur
813 1123 826 1163 :

922 1195 1150 1253 CAPUT
1189 1194 1341 1250 XIX.

350 1297 494 1351 IBID.
529 1325 598 1332 -—
633 1289 832 1346 Sedens
860 1289 919 1342 in
949 1287 1311 1357 sterquilinio.

348 1385 436 1441 3.5.
474 1385 529 1437 In
557 1379 919 1452 sterquilinio
959 1377 1118 1444 sedit,
1153 1379 1282 1448 quia
1319 1377 1546 1446 inﬁrma
1589 1375 1784 1431 mundi
1812 1376 1982 1446 eligit.

286 1508 354 1519 —
383 1475 509 1530 Non
538 1473 598 1528 in
630 1471 774 1538 foro,
810 1470 868 1524 in
901 1484 1012 1538 quo
1043 1466 1134 1522 lex
1167 1465 1510 1537 perstrepit;
1541 1482 1654 1522 non
1707 1465 1766 1521 in
1807 1465 1985 1521 aediﬁ-

286 1566 396 1634 cio,
429 1562 586 1636 quod
617 1577 679 1617 se
709 1559 964 1616 culmine
995 1559 1052 1613 in
1087 1557 1201 1613 alta
1233 1555 1490 1613 sustollit
1526 1577 1540 1625 ς
1593 1559 1692 1613 sed
1747 1558 1804 1611 in
1838 1563 1987 1612 ster-

285 1654 527 1729 quilinio
551 1651 787 1717 residet,
819 1649 954 1721 quia
1012 1646 1282 1704 videlicet
1331 1647 1688 1718 Redemptor
1744 1647 1988 1703 humani

282 1745 510 1819 generis
541 1744 610 1799 ad
641 1757 874 1798 carnem
907 1740 1166 1806 veniens,
1196 1743 1510 1795 attestante
1533 1739 1736 1800 Paulo,
1758 1741 1986 1810 lnfrma

285 1838 481 1896 mundi
507 1837 688 1907 elegit,
721 1839 782 1890 ut
823 1833 1181 1904 confunderet
1229 1832 1403 1902 fortia
1433 1833 1481 1902 (1
1513 1832 1634 1887 Cor.
1672 1849 1712 1901 ι,
1743 1833 1855 1900 27).
1898 1834 1986 1887 An

290 1947 402 1986 non
436 1928 604 2000 quasi
633 1925 937 1982 ruentibus
969 1922 1232 1978 aediﬁciis
1264 1925 1320 1977 in
1354 1922 1720 1994 sterquilinio
1753 1922 1987 1988 residet,

288 2022 387 2093 qui
413 2019 633 2075 relictis
649 2015 1387 2086 Judaaissuperbientibus,
1402 2015 1461 2070 in
1483 2030 1549 2068 ea
1572 2030 1749 2084 quam
1769 2014 1989 2070 dudum

290 2111 579 2180 abiecerat
607 2105 933 2177 gentilitate
976 2103 1289 2175 requiescit
1316 2105 1344 2159 ‘l
1373 2105 1546 2159 Extra
1594 2102 1990 2160 habitaculum

290 2199 578 2272 reperitur
599 2197 660 2252 in
690 2195 949 2260 vulnere,
981 2194 1078 2266 qui
1111 2194 1171 2249 in
1203 2210 1269 2250 eo
1303 2194 1456 2265 quod
1488 2194 1744 2250 Judaeum
1788 2193 1991 2247 adver-

291 2295 514 2348 santem
547 2286 809 2358 pertulit,
841 2286 1133 2357 passionis
1189 2284 1444 2341 dolorem
1480 2302 1513 2341 a
1550 2292 1719 2356 gente
1761 2283 1992 2355 propria

295 2382 602 2450 despectus
633 2376 822 2432 sensit
849 2393 862 2443 ;
895 2376 1118 2432 Joanne
1139 2378 1466 2445 attestante,
1492 2375 1590 2446 qui
1623 2375 1704 2429 ait
1732 2389 1747 2429 :
1781 2376 1846 2428 In
1865 2389 1996 2444 pro-

289 2468 428 2541 pria
457 2467 627 2532 venit,
657 2474 709 2520 et
749 2467 837 2521 sui
883 2481 1013 2522 eum
1058 2482 1169 2522 non
1218 2465 1535 2535 receperunt
1577 2461 1756 2532 (Joan.
1801 2479 1838 2525 ι,
1882 2460 1992 2529 11).

297 2559 410 2615 Sed
453 2557 739 2628 quomodo
796 2555 1004 2608 sedens
1062 2553 1121 2607 in
1179 2550 1544 2623 sterquilinio
1602 2549 1994 2620 conquiescat,

292 2649 418 2704 haec
448 2647 646 2701 eadem
679 2645 750 2699 de
781 2643 1096 2712 semetipsa
1125 2640 1349 2697 Veritas
1396 2641 1555 2695 dicat
1597 2655 1610 2694 :
1656 2638 1745 2694 Ait
1783 2639 1940 2693 enim
1980 2653 1993 2692 :

295 2735 569 2792 Gaudium
599 2736 697 2789 erit
729 2735 785 2787 in
817 2733 950 2787 caelo
979 2748 1143 2803 super
1173 2747 1283 2787 uno
1310 2733 1591 2802 peccatore
1617 2725 1999 2800 pwnitentiam

296 2835 517 2898 agente,
554 2839 717 2896 quam
740 2838 907 2894 super
959 2823 1270 2892 nonaginta
1319 2835 1516 2876 novem
1545 2821 1734 2890 justis,
1767 2818 1860 2889 qui
1890 2831 2002 2872 non.

299 2915 550 2986 indigent
575 2914 898 2984 pandentia
926 2910 1079 2983 (Luc.
1112 2927 1203 2980 xv,
1232 2910 1340 2980 10).
1373 2912 1514 2964 Ecce
1541 2907 1741 2963 dolens
1771 2907 1828 2960 in
1861 2911 2005 2962 ster-

303 3002 552 3078 quilinio
583 3000 765 3068 sedet,
823 3000 919 3071 qui
971 3005 1099 3070 post
1139 3004 1498 3071 perpetratae
1529 2997 1734 3068 culpas
1757 2995 2006 3050 libenter

307 3097 483 3152 corda
514 3091 918 3165 pmnitentium
951 3089 1229 3162 possidet.
1264 3095 1353 3144 An
1385 3104 1498 3142 non
1522 3087 1684 3157 quasi
1709 3084 2005 3155 quoddam

305 3182 746 3257 sterquilinium
775 3185 917 3237 sunt
934 3183 1107 3236 corda
1125 3178 1546 3251 pmnitentium,
1570 3176 1670 3248 qui
1689 3179 1826 3231 dum
1861 3173 2012 3229 mala

307 3293 412 3333 sua
443 3273 639 3330 ﬂendo
671 3271 1070 3339 considerant,
1123 3271 1287 3341 quasi
1319 3273 1455 3326 ante
1493 3284 1555 3324 se
1584 3272 1860 3334 stercora,
1893 3279 2015 3321 sese

307 3365 642 3436 abjiciendo
673 3367 1022 3419 coacervant
1050 3361 1077 3416 ‘I
1099 3363 1418 3416 Percussus
1449 3374 1584 3430 ergo
1611 3358 1720 3413 Job
1761 3364 2015 3412 montem

307 3473 424 3514 non
459 3455 643 3525 petiit,
677 3454 779 3509 sed
814 3454 872 3508 in
919 3451 1289 3524 sterquilinio
1330 3449 1564 3516 resedit,
1598 3449 1738 3520 quia
1764 3447 1835 3501 ad
1883 3463 2016 3517 pas-

307 3547 526 3604 sionem
581 3544 936 3614 Redemptor
976 3541 1233 3611 veniens,
1268 3541 1383 3597 alta
1413 3540 1798 3610 superborum
1841 3537 2017 3590 corda

305 3636 585 3701 deseruit,
609 3639 665 3690 et
685 3635 747 3690 in
764 3633 844 3706 (a)
867 3633 1215 3688 al’ﬂietorum
1241 3629 1566 3686 humilitate
1589 3626 1890 3698 requievit.
1914 3624 2015 3680 88

309 3726 468 3794 Quod
501 3730 698 3781 tamen
731 3722 802 3779 de
831 3737 895 3778 se
923 3729 980 3778 et
1006 3721 1164 3793 prius
1194 3736 1371 3791 quam
1404 3719 1825 3781 incarnaretur,
1857 3714 2016 3768 indi-

303 3816 477 3884 cavit,
511 3831 644 3870 cum
679 3829 783 3886 per
807 3812 1156 3882 Pr0phetam
1188 3809 1333 3865 dixit
1365 3825 1378 3865 :
1412 3807 1490 3863 Ad
1519 3822 1679 3879 quem
1699 3806 2015 3876 respiciam,

304 3907 423 3960 nisi
445 3904 518 3960 ad
539 3903 807 3958 humilem
825 3907 876 3957 et
893 3901 1140 3972 quietum
1151 3903 1202 3955 et
1215 3901 1533 3956 trementem
1546 3910 1826 3952 sermones
1838 3895 2020 3949 meos?

306 3996 456 4068 (Isai.
488 4011 595 4061 va,
627 3998 684 4060 2,
713 4008 816 4050 sec.
853 3991 1022 4063 LXX.)

377 4088 469 4142 35.
495 4085 743 4141 Christus
773 4085 832 4139 in
865 4085 1000 4149 suis,
1031 4091 1082 4138 et
1131 4082 1199 4136 ab
1231 4080 1570 4151 inﬁdelibus,
1613 4088 1664 4135 et
1694 4096 1727 4134 a
1761 4077 2019 4148 ﬁdelibus

306 4177 634 4236 carnalibus
661 4176 842 4230 multa
865 4175 1099 4246 patitur.
1130 4203 1202 4214 —
1249 4173 1390 4236 Quis
1423 4185 1552 4226 vero
1586 4169 1936 4234 consideret,
1970 4167 2019 4222 is

309 4268 412 4340 qui
445 4272 534 4322 tot
563 4265 658 4337 pia
681 4263 1020 4321 hominibus
1042 4261 1260 4326 intulit,
1276 4265 1419 4332 quot
1439 4260 1510 4315 ab
1532 4259 1872 4315 hominibus
1892 4272 2019 4328 per-

307 4374 478 4414 versa
505 4354 768 4412 toleravit
796 4353 824 4410 ‘l
856 4353 996 4419 Quis
1018 4352 1371 4419 consideret,
1392 4354 1615 4422 quanta
1646 4364 1803 4404 nunc
1834 4362 2021 4418 usque

309 4449 543 4512 tolerat,
573 4445 747 4502 etiam
780 4459 914 4500 cum
947 4444 1017 4497 de
1047 4441 1190 4498 caelo
1221 4455 1398 4512 super
1426 4442 1601 4495 corda
1635 4438 1894 4494 fidelium
1927 4452 2020 4492 re-

313 4492 914 4610 ;Jéi'i'iﬁéﬁuiﬁgé
944 4492 1667 4604 gi.1n'.;‘p‘.‘.agu;s;s;
1682 4492 1838 4600 an
1870 4544 1903 4582 a
1941 4492 2092 4581 re-D

313 4626 514 4700 probis
540 4627 665 4694 ejus
694 4623 859 4679 electi
896 4623 1244 4678 lacerantur.
1278 4619 1343 4675 Et
1377 4618 1647 4692 quamvis
1687 4624 1865 4689 caput
1904 4617 2024 4672 hu—

305 4718 412 4788 jus
445 4714 723 4788 corporis,
748 4713 900 4787 quod
933 4711 1206 4767 videlicet
1235 4727 1338 4766 nos
1361 4725 1590 4775 sumus,
1614 4708 1743 4779 jam
1767 4723 1896 4763 sese
1921 4724 2021 4762 su-

309 4820 416 4877 per
446 4801 644 4859 omnia
673 4801 921 4857 liberum
954 4799 1027 4871 (b)
1058 4800 1260 4862 exerit,
1280 4798 1660 4869 reproborum
1687 4800 1884 4852 tamen
1906 4795 2025 4850 vul-

309 4911 451 4951 nera
483 4892 674 4949 adhuc
699 4907 796 4964 per
826 4905 1020 4957 suum,
1056 4889 1203 4961 quod
1238 4888 1511 4943 deorsum
1547 4887 1780 4952 retinet,
1813 4901 2025 4957 corpus

312 4984 516 5042 sentit.
551 4981 664 5039 Sed
699 4981 840 5053 quid
875 4981 984 5036 ista
1025 4981 1096 5034 de
1125 4977 1461 5034 inﬁdelibus
1491 4977 1769 5045 dicimus,
1804 4991 1934 5031 cum
1965 4975 2023 5029 in

313 5075 448 5148 ipsa
469 5087 705 5145 quoque
738 5069 990 5128 Ecclesia
1023 5069 1236 5125 multos
1270 5067 1611 5135 carnalium,
1637 5066 1828 5138 pravis
1853 5065 2026 5120 mori-

310 5165 423 5220 bus
454 5167 660 5220 contra
692 5161 1091 5232 Redemptoris
1143 5160 1321 5214 vitam
1372 5171 1633 5228 pugnare
1663 5155 1963 5211 videamus
1993 5155 2021 5210 ‘l

319 5255 476 5312 Sunt
505 5266 762 5323 namque
804 5249 1069 5308 nonnulli
1117 5249 1214 5321 qui
1248 5249 1425 5316 hunc,
1477 5246 1612 5318 quia
1659 5245 1866 5318 gladiis
1903 5261 2019 5301 non

309 5347 586 5418 possunt,
607 5339 892 5412 perversis
913 5340 1142 5396 actibus
1165 5340 1556 5408 insequuntur
1572 5360 1586 5404 ;
1602 5336 1737 5408 quia
1757 5336 1896 5391 dum
1911 5333 2020 5390 sibi

380 5603 458 5674 (a)
514 5596 709 5674 Editi,
729 5598 802 5674 fin
834 5595 1173 5665 afﬂictarum
1210 5592 1458 5650 cordium
1480 5592 1816 5648 humilitate.
1849 5589 2022 5646 Deest

306 5670 572 5733 cordium
602 5670 660 5724 in
694 5671 828 5724 Mss.

385 5746 464 5820 (b)
497 5744 612 5800 Ista
634 5755 838 5798 omnes
870 5737 1072 5794 Rhem.
1107 5740 1163 5792 et
1194 5737 1436 5809 Remig,
1472 5735 1720 5802 Belvac.,
1754 5733 2021 5804 Floriac.,

644 5841 905 5905 PATIOL.
956 5837 1186 5905 LXXV.

2097 491 2299 529 norum
2335 476 2521 542 fiunt;
2555 482 2610 531 et
2643 494 2755 532 non
2788 480 2975 533 solum
3002 497 3186 551 prava
3210 486 3554 556 semetipsos
3579 490 3792 546 actioni

2093 565 2375 620 inserunt.
2411 566 2506 620 sed
2540 566 2712 621 etiam
2739 568 3032 636 justorum
3058 573 3471 630 rectitudinem
3505 577 3799 636 inﬂectere

2095 654 2164 708 ad
2201 671 2466 724 perversa
2497 655 2832 710 moliuntur.
2887 663 3121 714 ZEterna
3177 661 3392 732 quippe
3449 664 3660 722 intueri
3697 684 3801 724 ne-

2095 743 2414 816 gligunt,et
2435 746 2713 816 appetitui
2739 749 3141 817 temporalium
3170 753 3381 808 mentis
3404 754 3800 824 pusillanimi-

2095 839 2212 890 tate
2243 836 2631 890 succumbunt
2664 853 2678 902 ;
2728 840 3009 908 tantoque
3065 839 3135 894 ab
3167 843 3398 897 aeternis
3451 844 3629 901 altius
3661 863 3794 902 cor-

2096 933 2291 988 ruunt,
2326 935 2535 995 quanto
2569 926 2720 982 bona
2751 927 3091 998 temporalia
3115 946 3241 986 esse
3261 934 3426 1002 quasi
3460 934 3579 990 sola
3611 940 3798 1008 suspi-

2094 1020 2320 1070 cantur.
2361 1013 2456 1069 His
2482 1015 2778 1084 justorum
2803 1016 3149 1087 simplicitas
3172 1019 3460 1091 displicet,
3483 1027 3686 1080 etcum
3705 1042 3803 1083 oc-

2097 1104 2386 1159 casionem
2420 1105 2877 1175 perturbationis
2936 1106 3261 1177 inveniunt,
3324 1127 3488 1167 suam
3523 1127 3620 1170 eos
3653 1115 3803 1171 arri-

2096 1210 2231 1267 pere
2255 1195 2654 1266 dnplicitatem
2680 1197 2949 1253 suadent.
2975 1197 3139 1254 Unde
3163 1199 3267 1255 hoc
3292 1217 3521 1274 quoque
3535 1207 3807 1277 congruit

2095 1289 2225 1354 apte
2257 1284 2410 1355 quod
2444 1283 2717 1340 subditur
2748 1298 2762 1338 :

2754 1376 2988 1432 CAPUT
3019 1377 3137 1433 XX.

2167 1465 2341 1518 Vsas.
2363 1463 2416 1518 9.
2454 1493 2518 1505 —
2552 1465 2699 1519 Dixit
2729 1473 2912 1521 autem
2969 1467 3056 1522 illi
3101 1483 3244 1524 uxor
3273 1487 3370 1526 sua
3402 1487 3420 1526 :
3451 1471 3638 1528 Adhuc
3667 1489 3800 1545 per-

2094 1568 2322 1608 manens
2370 1553 2429 1607 in
2467 1552 2818 1622 simplicitate
2864 1560 3008 1610 tua?
3045 1558 3278 1614 Benedic
3331 1561 3436 1617 Deo
3479 1565 3528 1616 et
3558 1578 3794 1618 morere.

2168 1660 2255 1714 36.
2291 1662 2436 1717 Uxor
2460 1660 2555 1716 Job
2585 1661 2728 1715 male
2755 1663 3007 1730 suadens,
3041 1665 3219 1734 ﬁgura
3266 1674 3346 1720 est
3379 1667 3704 1735 fcarnalium
3733 1673 3793 1722 in

2017 1767 2066 1833 Β
2096 1751 2352 1809 Ecclesia:
2381 1755 2506 1807 sinu
2532 1753 2855 1822 positorum.
2890 1785 2957 1794 —-
2988 1753 3166 1825 Cujus
3189 1757 3344 1812 enim
3370 1757 3621 1827 speciem
3650 1759 3800 1815 male

2103 1843 2356 1897 suadens
2389 1841 2600 1896 mulier
2640 1843 2852 1909 tenuit,
2911 1844 3024 1899 nisi
3057 1845 3444 1915 quorumlibet
3481 1849 3806 1906 carnalium

2103 1939 2162 1993 in
2195 1938 2461 1994 Ecclesiae
2493 1937 2624 1993 sinu
2659 1940 3004 2009 positorum,
3040 1942 3140 2012 qui
3172 1958 3282 2013 quo
3313 1944 3503 2001 verbis
3535 1946 3804 2017 professae

2102 2027 2238 2082 ﬁdei
2260 2027 2421 2082 intus
2447 2031 2686 2092 sunt,eo
2710 2028 2893 2084 bonos
2919 2030 3258 2087 incorrectis
3281 2033 3405 2089 suis
3428 2035 3688 2092 moribus
3712 2053 3808 2108 pe-

2095 2117 2196 2188 jus
2229 2122 2522 2187 premunt.
2556 2118 2702 2173 Nam
2734 2119 2931 2174 minus
2965 2120 3207 2177 fortasse
3238 2123 3596 2196 nocuissent,
3621 2126 3670 2181 si
3694 2141 3809 2182 non

2104 2223 2202 2263 eos
2235 2214 2436 2263 sancta
2469 2207 2720 2263 Ecclesia
2752 2208 3041 2264 introrsus
3070 2211 3384 2267 admittens
3427 2228 3610 2284 usque
3644 2215 3715 2269 ad
3743 2215 3812 2266 ﬁ-

2103 2297 2197 2351 dei
2230 2296 2421 2351 cubile
2453 2298 2750 2368 reciperet,
2791 2314 2938 2369 quos
2981 2299 3120 2354 dum
3154 2315 3254 2368 per
3285 2301 3604 2371 professum
3641 2301 3815 2358 ﬁdem

2105 2386 2329 2456 recipit,
2363 2386 2472 2441 sibi
2508 2386 2709 2457 procul
2735 2386 2912 2442 dubio
2936 2403 3081 2458 pene
3107 2388 3469 2447 inevitabiles
3487 2391 3639 2447 facit.
3667 2391 3813 2448 Hine

2106 2478 2210 2541 est,
2244 2476 2396 2544 quod
2455 2483 2752 2545 premente
2783 2476 2975 2543 turba,
3039 2494 3156 2533 una
3215 2479 3659 2550 Redemptorem
3705 2496 3809 2536 no-

2107 2568 2295 2619 strum
2330 2563 2539 2618 mulier
2560 2564 2779 2635 tetigit;
2799 2567 2951 2620 unde
2964 2570 3020 2621 et
3037 2566 3218 2622 isdem
3240 2567 3592 2640 Redemptor
3609 2573 3807 2627 noster

2109 2654 2374 2725 protinus
2398 2653 2576 2708 dicit:
2606 2654 2735 2722 Quis
2752 2669 2836 2709 me
2863 2657 3082 2725 tetigit?
3103 2655 3203 2711 Cui
3229 2673 3362 2712 cum
3389 2657 3660 2729 discipuli
3686 2674 3806 2715 res-

2109 2744 2426 2813 ponderent
2461 2757 2473 2795 :
2512 2742 2696 2797 Turbae
2733 2746 2784 2798 te
2817 2747 2886 2810 (c)
2908 2746 3273 2815 comprimunt
3294 2750 3346 2800 et
3365 2747 3627 2818 afﬁgunt,
3651 2751 3699 2802 et
3720 2747 3804 2802 di-

2110 2834 2185 2888 cis
2216 2849 2233 2887 :
2267 2834 2406 2902 Quis
2435 2847 2522 2887 me
2567 2835 2736 2902 tetigit
2767 2834 2792 2885 .9
2841 2832 2996 2888 illico
3029 2834 3291 2903 adjunxit
3326 2851 3338 2889 :
3376 2837 3560 2907 Tetigit
3586 2853 3674 2891 me
3714 2837 3821 2891 ali-

2114 2923 2254 2992 quis,
2287 2936 2415 2976 nam
2441 2924 2493 2976 et
2513 2935 2605 2991 ego
2634 2922 2766 2976 novi
2792 2923 3051 2977 virtutem
3079 2921 3144 2978 de
3175 2939 3258 2978 me
3288 2927 3464 2980 exisse
3512 2928 3660 2993 (Luc.
3692 2941 3815 2994 vm,

2117 3009 2206 3073 44,
2240 3010 2329 3073 45,
2371 3011 2482 3077 46).

2040 3137 2083 3205 C
2194 3100 2333 3205 [Καίἒ
2362 3100 2488 3199 ξζΧ.]
2527 3100 2622 3205 3Ἱὲ
2650 3103 2744 3199 Hi.
2767 3110 3028 3172 premunt
3062 3101 3358 3165 Christum,
3405 3118 3511 3159 non
3563 3107 3822 3173 tangunt.

2123 3219 2186 3232 —-
2217 3188 2382 3244 Multi
2415 3204 2550 3258 ergo
2581 3189 2896 3246 Dominum
2925 3192 3338 3263 comprimunt,
3371 3196 3426 3247 et
3456 3208 3573 3247 una
3613 3193 3823 3266 tangit,

2119 3281 2255 3351 quia
2285 3280 2548 3334 carnales
2581 3280 2793 3351 quique
2853 3280 2910 3335 in
2969 3281 3226 3336 Ecclesia
3285 3298 3414 3337 eum
3467 3287 3822 3352 premunt,a

2122 3386 2234 3442 quo
2270 3369 2436 3438 longe
2463 3373 2601 3423 sunt
2634 3388 2647 3436 ;
2682 3377 2733 3423 et
2787 3369 2896 3424 soli
2946 3375 3197 3442 tangunt
3247 3373 3345 3441 qui
3385 3370 3519 3427 huic
3548 3373 3830 3427 veraciter

2122 3459 2377 3516 humiles
2407 3459 2821 3530 adjunguntur.
2848 3460 3040 3514 Turba
3063 3461 3240 3530 igitur
3263 3460 3487 3532 premit,
3528 3461 3666 3530 quia
3687 3459 3830 3516 mul-

2123 3549 2312 3606 titudo
2343 3548 2662 3602 carnalium
2697 3565 2810 3619 quo
2842 3549 2998 3602 intus
3031 3549 3376 3613 admittitur,
3409 3550 3642 3621 gravius
3675 3548 3826 3604 tole-

2123 3644 2303 3695 ratur.
2338 3637 2577 3702 Premit,
2608 3641 2665 3692 et
2694 3655 2810 3692 non
2860 3638 3065 3707 tangil,
3109 3637 3243 3706 quia
3290 3642 3346 3692 et
3376 3639 3707 3709 importuna
3739 3641 3828 3694 est

2125 3743 2226 3799 per
2259 3725 2647 3796 praesentiam,
2680 3732 2736 3779 et
2768 3727 2981 3781 absens
3014 3743 3114 3796 per
3161 3727 3352 3781 vitam.
3388 3726 3825 3799 Nonnunquam

2125 3817 2280 3872 enim
2316 3815 2507 3885 pravis
2543 3831 2648 3869 nos
2680 3814 3062 3880 sermonibus,
3115 3831 3537 3884 nonnunquam
3571 3832 3700 3872 vero
3734 3834 3832 3872 so-

2125 3906 2196 3962 lis
2230 3903 2513 3976 perversis
2548 3904 2808 3958 moribus
2857 3904 3264 3974 insequuntur.
3292 3904 3553 3958 Suadent
3576 3921 3834 3975 namque

2126 3994 2442 4065 aliquando
2475 4009 2600 4064 quas
2637 3996 2833 4047 tenent
2866 4011 2878 4052 ;
2914 3992 3225 4062 aliquando
3259 4007 3391 4046 vero
3422 3993 3527 4047 etsi
3551 4009 3663 4047 non
3697 4008 3835 4047 sua-

2128 4088 2285 4151 dent,
2321 4082 2574 4153 praebere
2611 4091 2802 4136 tamen
2863 4081 3188 4152 iniquitatis
3237 4079 3503 4150 exempla
3558 4097 3673 4135 non
3705 4095 3834 4136 ces-

2127 4179 2280 4231 sant.
2317 4173 2424 4240 Qui
2456 4172 2637 4244 igitur
2665 4171 2737 4226 ad
2769 4172 2921 4226 mala
2951 4188 3056 4226 nos
3088 4171 3174 4226 vel
3205 4169 3396 4225 verbis
3426 4169 3510 4226 vel
3544 4169 3824 4240 exemplis

2129 4267 2404 4333 illiciunt,
2439 4264 2688 4335 profecto
2719 4268 3116 4332 persecutores
3167 4259 3350 4316 nostri
3384 4265 3522 4315 sunt
3552 4277 3586 4316 a
3619 4260 3835 4331 quibus

2132 4356 2511 4412 tentationum
2571 4351 2885 4406 certamina
2943 4351 3253 4417 sumimus,
3314 4365 3439 4421 qua
3510 4348 3718 4406 saltem
3769 4349 3828 4405 in

2132 4447 2302 4502 corde
2331 4443 2654 4498 vincamus.

2211 4535 2299 4591 38.
2323 4537 2502 4590 Prava
2550 4531 2828 4588 interdum
2876 4535 3044 4596 metu,
3103 4529 3405 4602 aliquando
3436 4530 3677 4585 audacia
3705 4546 3837 4585 sua-

2141 4627 2286 4682 dent.
2308 4657 2377 4665 —
2402 4623 2717 4679 Sciendum
2746 4637 2874 4676 vero
2901 4629 3003 4687 est,
3043 4622 3178 4692 quia
3200 4620 3464 4676 carnales
3489 4621 3548 4676 in
3580 4619 3840 4676 Ecclesia

2143 4714 2454 4786 aliquando
2477 4720 2652 4779 metu,
2687 4711 2993 4782 aliquando
3033 4728 3166 4766 vero
3198 4711 3437 4766 audacia
3459 4711 3702 4765 suadere
3734 4709 3833 4766 89

2140 4818 2404 4874 perversa
2427 4803 2812 4867 contendunt;
2839 4817 3091 4870 cumque
3114 4800 3222 4868 ipsi
3248 4798 3335 4856 vel
3358 4797 3840 4869 pusillanimitate

2135 4893 2221 4949 vel
2254 4892 2504 4948 elatione
2531 4891 2826 4953 deﬁciunt,
2863 4890 2982 4944 haec
3009 4893 3300 4959 justorum
3331 4886 3604 4941 cordibus
3646 4884 3844 4940 infun-

2140 4984 2276 5039 dere
2309 4982 2477 5054 quasi
2509 4997 2572 5036 ex
2609 4981 2917 5037 dilectione
2941 4980 3283 5033 moliuntur.
3305 4974 3606 5030 Carnalem
3631 4971 3836 5028 videli-

2137 5079 2227 5128 cet
2259 5078 2513 5128 mentem
2549 5071 2749 5125 Petrus
2780 5074 2912 5124 ante
2935 5064 3334 5137 Redemptoris
3368 5067 3609 5118 mortem
3653 5076 3842 5115 resur-

2136 5165 2568 5232 rectionemque
2600 5159 2880 5216 retinebat
2912 5176 2926 5226 ;
2959 5156 3174 5212 carnali
3205 5163 3393 5209 mente
3428 5151 3638 5209 Servis:
3682 5149 3838 5209 ﬁlius

2137 5255 2267 5312 duci
2301 5272 2408 5310 suo
2443 5252 2616 5309 David
2648 5251 2958 5320 adjunctus
2982 5246 3323 5311 inhaeserat;
3351 5245 3446 5300 sed
3462 5247 3660 5300 tamen
3685 5259 3840 5299 unus

2135 5344 2464 5410 formidine,
2497 5341 2642 5396 alter
2671 5337 2917 5395 elatione
2940 5334 3234 5407 peccabat.
3271 5334 3371 5391 Ille
3402 5334 3618 5407 quippe
3650 5334 3842 5405 magi-

2131 5584 2325 5647 Corb.,
2355 5582 2572 5647 Germ.,
2600 5581 2658 5633 6.
2695 5576 2884 5645 Mart.,
2920 5578 3030 5630 etc.
3076 5577 3137 5632 In
3172 5573 3357 5632 Editis
3413 5573 3628 5647 legitur
3650 5585 3842 5630 erexe-

2131 5662 2202 5713 rit
2227 5671 2325 5728 pro
2355 5655 2548 5728 exerit.

2202 5723 2272 5800 (e)
2304 5727 2433 5797 Ed.,
2465 5723 2644 5782 turbae
2674 5732 2725 5780 te
2743 5725 3020 5794 premunt.

3435 5819 3514 5876 20
