  <div class='ocr_page' id='page_1' title='image "/cluster/home/n/w/nwhite01/storage/ocr_20150623/75/hvd.32044054758800/315.png"; bbox 0 0 4134 6174; ppageno 0'>
   <div class='ocr_carea' id='block_1_1' title="bbox 248 270 366 330">
    <p class='ocr_par' dir='ltr' id='par_1_1' title="bbox 248 270 366 330">
     <span class='ocr_line' id='line_1_1' title="bbox 248 270 366 330; baseline -0.051 0"><span class='ocrx_word' id='word_1_1' title='bbox 248 270 366 330; x_wconf 81' lang='grc'><strong>619</strong></span> 
     </span>
    </p>
   </div>
   <div class='ocr_carea' id='block_1_2' title="bbox 1529 215 2523 313">
    <p class='ocr_par' dir='ltr' id='par_1_2' title="bbox 1529 215 2523 313">
     <span class='ocr_line' id='line_1_2' title="bbox 1529 215 2523 313; baseline -0.011 0"><span class='ocrx_word' id='word_1_2' title='bbox 1529 249 1819 313; x_wconf 73' lang='lat' dir='ltr'><strong>SANCTI</strong></span> <span class='ocrx_word' id='word_1_3' title='bbox 1865 245 2234 311; x_wconf 79' lang='lat' dir='ltr'><strong>GREGORII</strong></span> <span class='ocrx_word' id='word_1_4' title='bbox 2283 215 2523 304; x_wconf 63' lang='lat' dir='ltr'><strong>MAGNI</strong></span> 
     </span>
    </p>
   </div>
   <div class='ocr_carea' id='block_1_3' title="bbox 3655 237 3772 302">
    <p class='ocr_par' dir='ltr' id='par_1_3' title="bbox 3655 237 3772 302">
     <span class='ocr_line' id='line_1_3' title="bbox 3655 237 3772 302; baseline 0.034 -4"><span class='ocrx_word' id='word_1_5' title='bbox 3655 237 3772 302; x_wconf 78' lang='lat'><strong>620</strong></span> 
     </span>
    </p>
   </div>
   <div class='ocr_carea' id='block_1_4' title="bbox 246 379 3774 459">
    <p class='ocr_par' dir='ltr' id='par_1_4' title="bbox 246 379 3774 459">
     <span class='ocr_line' id='line_1_4' title="bbox 246 379 3774 459; baseline -0.007 -1"><span class='ocrx_word' id='word_1_6' title='bbox 246 403 350 459; x_wconf 89' lang='lat' dir='ltr'><strong>stri</strong></span> <span class='ocrx_word' id='word_1_7' title='bbox 383 404 629 458; x_wconf 88' lang='lat' dir='ltr'><strong>mortem</strong></span> <span class='ocrx_word' id='word_1_8' title='bbox 672 401 917 456; x_wconf 90' lang='lat' dir='ltr'><strong>audiens</strong></span> <span class='ocrx_word' id='word_1_9' title='bbox 949 396 1092 452; x_wconf 85' lang='lat' dir='ltr'><strong>dixit</strong></span> <span class='ocrx_word' id='word_1_10' title='bbox 1125 413 1136 451; x_wconf 92' lang='lat'>:</span> <span class='ocrx_word' id='word_1_11' title='bbox 1189 393 1339 450; x_wconf 82' lang='lat' dir='ltr'><strong>Absit</strong></span> <span class='ocrx_word' id='word_1_12' title='bbox 1379 408 1412 446; x_wconf 89' lang='lat' dir='ltr'><strong>a</strong></span> <span class='ocrx_word' id='word_1_13' title='bbox 1445 394 1514 453; x_wconf 84' lang='lat' dir='ltr'><strong>te,</strong></span> <span class='ocrx_word' id='word_1_14' title='bbox 1563 387 1809 450; x_wconf 77' lang='lat' dir='ltr'><strong>Domine,</strong></span> <span class='ocrx_word' id='word_1_15' title='bbox 1842 397 1951 437; x_wconf 87' lang='lat' dir='ltr'><strong>non</strong></span> <span class='ocrx_word' id='word_1_16' title='bbox 1986 389 2030 450; x_wconf 78' lang='grc' dir='ltr'><strong>Α</strong></span> <span class='ocrx_word' id='word_1_17' title='bbox 2068 381 2329 452; x_wconf 84' lang='lat' dir='ltr'><strong>adjungit</strong></span> <span class='ocrx_word' id='word_1_18' title='bbox 2361 398 2372 433; x_wconf 94' lang='lat'><strong>:</strong></span> <span class='ocrx_word' id='word_1_19' title='bbox 2409 382 2616 435; x_wconf 75' lang='lat' dir='ltr'><strong>Praeter</strong></span> <span class='ocrx_word' id='word_1_20' title='bbox 2648 379 2748 435; x_wconf 89' lang='lat' dir='ltr'><strong>illa</strong></span> <span class='ocrx_word' id='word_1_21' title='bbox 2778 397 2896 452; x_wconf 68' lang='lat' dir='ltr'><strong>quae</strong></span> <span class='ocrx_word' id='word_1_22' title='bbox 2937 380 3282 440; x_wconf 79' lang='lat' dir='ltr'><strong>extrinsecus</strong></span> <span class='ocrx_word' id='word_1_23' title='bbox 3310 386 3463 446; x_wconf 85' lang='lat' dir='ltr'><strong>sunt,</strong></span> <span class='ocrx_word' id='word_1_24' title='bbox 3494 381 3774 436; x_wconf 75' lang='lat' dir='ltr'><strong>instantia</strong></span> 
     </span>
    </p>
   </div>
   <div class='ocr_carea' id='block_1_5' title="bbox 247 476 1955 566">
    <p class='ocr_par' dir='ltr' id='par_1_5' title="bbox 247 476 1955 566">
     <span class='ocr_line' id='line_1_5' title="bbox 247 476 1955 566; baseline -0.014 -15"><span class='ocrx_word' id='word_1_25' title='bbox 247 497 352 551; x_wconf 85' lang='lat' dir='ltr'><strong>erit</strong></span> <span class='ocrx_word' id='word_1_26' title='bbox 383 494 485 550; x_wconf 82' lang='lat' dir='ltr'><strong>tibi</strong></span> <span class='ocrx_word' id='word_1_27' title='bbox 517 495 617 550; x_wconf 78' lang='lat' dir='ltr'><strong>hoc</strong></span> <span class='ocrx_word' id='word_1_28' title='bbox 661 491 852 566; x_wconf 72' lang='lat' dir='ltr'><strong>(Matii.</strong></span> <span class='ocrx_word' id='word_1_29' title='bbox 899 507 1013 554; x_wconf 69' lang='lat' dir='ltr'><strong>xvs,</strong></span> <span class='ocrx_word' id='word_1_30' title='bbox 1075 488 1166 555; x_wconf 81' lang='lat'><strong>&#39;22,</strong></span> <span class='ocrx_word' id='word_1_31' title='bbox 1197 485 1288 553; x_wconf 85' lang='lat'><strong>23)</strong></span> <span class='ocrx_word' id='word_1_32' title='bbox 1325 502 1338 552; x_wconf 89' lang='lat'><strong>;</strong></span> <span class='ocrx_word' id='word_1_33' title='bbox 1398 483 1493 536; x_wconf 87' lang='lat' dir='ltr'><strong>hic</strong></span> <span class='ocrx_word' id='word_1_34' title='bbox 1543 496 1673 534; x_wconf 84' lang='lat' dir='ltr'><strong>vero</strong></span> <span class='ocrx_word' id='word_1_35' title='bbox 1706 476 1955 546; x_wconf 81' lang='lat' dir='ltr'><strong>injurias</strong></span> 
     </span>
    </p>
   </div>
   <div class='ocr_carea' id='block_1_6' title="bbox 251 567 1953 647">
    <p class='ocr_par' dir='ltr' id='par_1_6' title="bbox 251 567 1953 647">
     <span class='ocr_line' id='line_1_6' title="bbox 251 567 1953 647; baseline -0.014 -7"><span class='ocrx_word' id='word_1_36' title='bbox 251 586 418 640; x_wconf 90' lang='lat' dir='ltr'><strong>ducis</strong></span> <span class='ocrx_word' id='word_1_37' title='bbox 450 599 562 638; x_wconf 91' lang='lat' dir='ltr'><strong>non</strong></span> <span class='ocrx_word' id='word_1_38' title='bbox 598 585 813 647; x_wconf 82' lang='lat' dir='ltr'><strong>furens,</strong></span> <span class='ocrx_word' id='word_1_39' title='bbox 847 579 927 634; x_wconf 97' lang='lat' dir='ltr'><strong>ait</strong></span> <span class='ocrx_word' id='word_1_40' title='bbox 961 574 1256 646; x_wconf 78' lang='lat' dir='ltr'><strong>:Nunquid</strong></span> <span class='ocrx_word' id='word_1_41' title='bbox 1279 587 1374 640; x_wconf 90' lang='lat' dir='ltr'><strong>pro</strong></span> <span class='ocrx_word' id='word_1_42' title='bbox 1408 569 1491 624; x_wconf 88' lang='lat' dir='ltr'><strong>his</strong></span> <span class='ocrx_word' id='word_1_43' title='bbox 1512 567 1690 624; x_wconf 88' lang='lat' dir='ltr'><strong>verbis</strong></span> <span class='ocrx_word' id='word_1_44' title='bbox 1711 582 1819 620; x_wconf 91' lang='lat' dir='ltr'><strong>non</strong></span> <span class='ocrx_word' id='word_1_45' title='bbox 1869 580 1953 618; x_wconf 91' lang='lat' dir='ltr'><strong>oc-</strong></span> 
     </span>
    </p>
   </div>
   <div class='ocr_carea' id='block_1_7' title="bbox 251 653 1955 742">
    <p class='ocr_par' dir='ltr' id='par_1_7' title="bbox 251 653 1955 742">
     <span class='ocr_line' id='line_1_7' title="bbox 251 653 1955 742; baseline -0.015 -12"><span class='ocrx_word' id='word_1_46' title='bbox 251 675 466 729; x_wconf 82' lang='lat' dir='ltr'><strong>cidetur</strong></span> <span class='ocrx_word' id='word_1_47' title='bbox 495 673 691 738; x_wconf 85' lang='lat' dir='ltr'><strong>Semei,</strong></span> <span class='ocrx_word' id='word_1_48' title='bbox 721 671 800 742; x_wconf 91' lang='lat' dir='ltr'><strong>(a)</strong></span> <span class='ocrx_word' id='word_1_49' title='bbox 830 668 926 740; x_wconf 86' lang='lat' dir='ltr'><strong>qui</strong></span> <span class='ocrx_word' id='word_1_50' title='bbox 972 665 1263 721; x_wconf 73' lang='lat' dir='ltr'><strong>maledixit</strong></span> <span class='ocrx_word' id='word_1_51' title='bbox 1316 661 1529 715; x_wconf 75' lang='lat' dir='ltr'><strong>Christo</strong></span> <span class='ocrx_word' id='word_1_52' title='bbox 1588 657 1807 713; x_wconf 77' lang='lat' dir='ltr'><strong>Domini</strong></span> <span class='ocrx_word' id='word_1_53' title='bbox 1835 653 1862 709; x_wconf 68' lang='lat' dir='ltr'><strong>‘i</strong></span> <span class='ocrx_word' id='word_1_54' title='bbox 1883 654 1955 718; x_wconf 87' lang='lat' dir='ltr'><strong>(Il</strong></span> 
     </span>
    </p>
   </div>
   <div class='ocr_carea' id='block_1_8' title="bbox 256 747 1956 837">
    <p class='ocr_par' dir='ltr' id='par_1_8' title="bbox 256 747 1956 837">
     <span class='ocr_line' id='line_1_8' title="bbox 256 747 1956 837; baseline -0.014 -16"><span class='ocrx_word' id='word_1_55' title='bbox 256 767 380 837; x_wconf 85' lang='lat' dir='ltr'><strong>Reg.</strong></span> <span class='ocrx_word' id='word_1_56' title='bbox 428 780 543 830; x_wconf 75' lang='lat' dir='ltr'><strong>xxx,</strong></span> <span class='ocrx_word' id='word_1_57' title='bbox 574 763 668 829; x_wconf 89' lang='grc'><strong>21,</strong></span> <span class='ocrx_word' id='word_1_58' title='bbox 725 761 842 829; x_wconf 82' lang='grc'><strong>22)</strong></span> <span class='ocrx_word' id='word_1_59' title='bbox 903 757 1008 812; x_wconf 90' lang='lat' dir='ltr'><strong>Sed</strong></span> <span class='ocrx_word' id='word_1_60' title='bbox 1046 755 1129 808; x_wconf 86' lang='lat' dir='ltr'><strong>illi</strong></span> <span class='ocrx_word' id='word_1_61' title='bbox 1191 768 1320 807; x_wconf 87' lang='lat' dir='ltr'><strong>mox</strong></span> <span class='ocrx_word' id='word_1_62' title='bbox 1369 750 1629 806; x_wconf 89' lang='lat' dir='ltr'><strong>dicitur:</strong></span> <span class='ocrx_word' id='word_1_63' title='bbox 1681 747 1812 802; x_wconf 80' lang='lat' dir='ltr'><strong>Redi</strong></span> <span class='ocrx_word' id='word_1_64' title='bbox 1841 750 1956 815; x_wconf 87' lang='lat' dir='ltr'><strong>post</strong></span> 
     </span>
    </p>
   </div>
   <div class='ocr_carea' id='block_1_9' title="bbox 254 838 1952 922">
    <p class='ocr_par' dir='ltr' id='par_1_9' title="bbox 254 838 1952 922">
     <span class='ocr_line' id='line_1_9' title="bbox 254 838 1952 922; baseline -0.014 -11"><span class='ocrx_word' id='word_1_65' title='bbox 254 871 361 922; x_wconf 87' lang='lat' dir='ltr'><strong>me,</strong></span> <span class='ocrx_word' id='word_1_66' title='bbox 398 854 604 908; x_wconf 83' lang='lat' dir='ltr'><strong>Satana</strong></span> <span class='ocrx_word' id='word_1_67' title='bbox 637 871 650 918; x_wconf 89' lang='lat'><strong>;</strong></span> <span class='ocrx_word' id='word_1_68' title='bbox 686 855 742 905; x_wconf 89' lang='lat' dir='ltr'><strong>et</strong></span> <span class='ocrx_word' id='word_1_69' title='bbox 765 849 856 903; x_wconf 91' lang='lat' dir='ltr'><strong>hic</strong></span> <span class='ocrx_word' id='word_1_70' title='bbox 895 863 1027 902; x_wconf 91' lang='lat' dir='ltr'><strong>cum</strong></span> <span class='ocrx_word' id='word_1_71' title='bbox 1062 858 1335 914; x_wconf 80' lang='lat' dir='ltr'><strong>germano</strong></span> <span class='ocrx_word' id='word_1_72' title='bbox 1390 841 1610 895; x_wconf 79' lang='lat' dir='ltr'><strong>audivit</strong></span> <span class='ocrx_word' id='word_1_73' title='bbox 1642 838 1906 910; x_wconf 78' lang='lat' dir='ltr'><strong>protinus</strong></span> <span class='ocrx_word' id='word_1_74' title='bbox 1939 851 1952 888; x_wconf 90' lang='lat'>:</span> 
     </span>
    </p>
   </div>
   <div class='ocr_carea' id='block_1_10' title="bbox 257 925 1958 1013">
    <p class='ocr_par' dir='ltr' id='par_1_10' title="bbox 257 925 1958 1013">
     <span class='ocr_line' id='line_1_10' title="bbox 257 925 1958 1013; baseline -0.013 -14"><span class='ocrx_word' id='word_1_75' title='bbox 257 944 398 1013; x_wconf 83' lang='lat' dir='ltr'><strong>Quid</strong></span> <span class='ocrx_word' id='word_1_76' title='bbox 427 942 568 997; x_wconf 84' lang='lat' dir='ltr'><strong>mihi</strong></span> <span class='ocrx_word' id='word_1_77' title='bbox 597 947 648 994; x_wconf 89' lang='lat' dir='ltr'><strong>et</strong></span> <span class='ocrx_word' id='word_1_78' title='bbox 677 937 845 1006; x_wconf 80' lang='lat' dir='ltr'><strong>vobis,</strong></span> <span class='ocrx_word' id='word_1_79' title='bbox 877 936 996 1006; x_wconf 81' lang='lat' dir='ltr'><strong>ﬁlii</strong></span> <span class='ocrx_word' id='word_1_80' title='bbox 1025 935 1252 1001; x_wconf 70' lang='lat' dir='ltr'><strong>Sarviaz,</strong></span> <span class='ocrx_word' id='word_1_81' title='bbox 1267 947 1364 986; x_wconf 92' lang='lat' dir='ltr'><strong>cur</strong></span> <span class='ocrx_word' id='word_1_82' title='bbox 1383 930 1677 1000; x_wconf 79' lang='lat' dir='ltr'><strong>efﬁcimini</strong></span> <span class='ocrx_word' id='word_1_83' title='bbox 1699 925 1840 980; x_wconf 87' lang='lat' dir='ltr'><strong>mihi</strong></span> <span class='ocrx_word' id='word_1_84' title='bbox 1868 925 1958 978; x_wconf 86' lang='lat' dir='ltr'><strong>ho-</strong></span> 
     </span>
    </p>
   </div>
   <div class='ocr_carea' id='block_1_11' title="bbox 255 1016 1956 1094">
    <p class='ocr_par' dir='ltr' id='par_1_11' title="bbox 255 1016 1956 1094">
     <span class='ocr_line' id='line_1_11' title="bbox 255 1016 1956 1094; baseline -0.012 -6"><span class='ocrx_word' id='word_1_85' title='bbox 255 1034 342 1088; x_wconf 89' lang='lat' dir='ltr'><strong>die</strong></span> <span class='ocrx_word' id='word_1_86' title='bbox 371 1035 426 1084; x_wconf 91' lang='lat' dir='ltr'><strong>in</strong></span> <span class='ocrx_word' id='word_1_87' title='bbox 457 1033 633 1085; x_wconf 86' lang='lat' dir='ltr'><strong>Satan</strong></span> <span class='ocrx_word' id='word_1_88' title='bbox 663 1032 689 1082; x_wconf 84' lang='lat'><em>?</em></span> <span class='ocrx_word' id='word_1_89' title='bbox 719 1025 860 1081; x_wconf 84' lang='lat' dir='ltr'><strong>Male</strong></span> <span class='ocrx_word' id='word_1_90' title='bbox 893 1024 1090 1094; x_wconf 81' lang='lat' dir='ltr'><strong>itaque</strong></span> <span class='ocrx_word' id='word_1_91' title='bbox 1113 1022 1446 1084; x_wconf 89' lang='lat' dir='ltr'><strong>suadentes,</strong></span> <span class='ocrx_word' id='word_1_92' title='bbox 1468 1016 1658 1088; x_wconf 80' lang='lat' dir='ltr'><strong>angeli</strong></span> <span class='ocrx_word' id='word_1_93' title='bbox 1682 1019 1956 1086; x_wconf 76' lang='lat' dir='ltr'><strong>apostatas</strong></span> 
     </span>
    </p>
   </div>
   <div class='ocr_carea' id='block_1_12' title="bbox 257 1105 1959 1194">
    <p class='ocr_par' dir='ltr' id='par_1_12' title="bbox 257 1105 1959 1194">
     <span class='ocr_line' id='line_1_12' title="bbox 257 1105 1959 1194; baseline -0.011 -16"><span class='ocrx_word' id='word_1_94' title='bbox 257 1120 640 1194; x_wconf 79' lang='lat' dir='ltr'><strong>appellatione</strong></span> <span class='ocrx_word' id='word_1_95' title='bbox 673 1120 1003 1184; x_wconf 85' lang='lat' dir='ltr'><strong>censentur,</strong></span> <span class='ocrx_word' id='word_1_96' title='bbox 1038 1113 1136 1186; x_wconf 90' lang='lat' dir='ltr'><strong>qui</strong></span> <span class='ocrx_word' id='word_1_97' title='bbox 1166 1110 1398 1168; x_wconf 85' lang='lat' dir='ltr'><strong>blandis</strong></span> <span class='ocrx_word' id='word_1_98' title='bbox 1429 1109 1621 1165; x_wconf 80' lang='lat' dir='ltr'><strong>verbis</strong></span> <span class='ocrx_word' id='word_1_99' title='bbox 1653 1108 1721 1160; x_wconf 87' lang='lat' dir='ltr'><strong>ad</strong></span> <span class='ocrx_word' id='word_1_100' title='bbox 1755 1105 1959 1161; x_wconf 86' lang='lat' dir='ltr'><strong>illicita</strong></span> 
     </span>
    </p>
   </div>
   <div class='ocr_carea' id='block_1_13' title="bbox 257 1197 1955 1284">
    <p class='ocr_par' dir='ltr' id='par_1_13' title="bbox 257 1197 1955 1284">
     <span class='ocr_line' id='line_1_13' title="bbox 257 1197 1955 1284; baseline -0.011 -16"><span class='ocrx_word' id='word_1_101' title='bbox 257 1212 422 1284; x_wconf 88' lang='lat' dir='ltr'><strong>quasi</strong></span> <span class='ocrx_word' id='word_1_102' title='bbox 453 1209 758 1280; x_wconf 84' lang='lat' dir='ltr'><strong>diligentes</strong></span> <span class='ocrx_word' id='word_1_103' title='bbox 781 1207 1041 1262; x_wconf 87' lang='lat' dir='ltr'><strong>trahunt.</strong></span> <span class='ocrx_word' id='word_1_104' title='bbox 1069 1203 1250 1259; x_wconf 80' lang='lat' dir='ltr'><strong>Valde</strong></span> <span class='ocrx_word' id='word_1_105' title='bbox 1282 1217 1414 1257; x_wconf 90' lang='lat' dir='ltr'><strong>vero</strong></span> <span class='ocrx_word' id='word_1_106' title='bbox 1447 1197 1764 1255; x_wconf 85' lang='lat' dir='ltr'><strong>deteriores</strong></span> <span class='ocrx_word' id='word_1_107' title='bbox 1796 1198 1955 1260; x_wconf 90' lang='lat' dir='ltr'><strong>sunt,</strong></span> 
     </span>
    </p>
   </div>
   <div class='ocr_carea' id='block_1_14' title="bbox 257 1289 1959 1374">
    <p class='ocr_par' dir='ltr' id='par_1_14' title="bbox 257 1289 1959 1374">
     <span class='ocr_line' id='line_1_14' title="bbox 257 1289 1959 1374; baseline -0.011 -16"><span class='ocrx_word' id='word_1_108' title='bbox 257 1303 358 1374; x_wconf 87' lang='lat' dir='ltr'><strong>qui</strong></span> <span class='ocrx_word' id='word_1_109' title='bbox 390 1301 527 1356; x_wconf 90' lang='lat' dir='ltr'><strong>huic</strong></span> <span class='ocrx_word' id='word_1_110' title='bbox 553 1299 732 1370; x_wconf 64' lang='lat' dir='ltr'><strong>culpas</strong></span> <span class='ocrx_word' id='word_1_111' title='bbox 764 1313 878 1353; x_wconf 90' lang='lat' dir='ltr'><strong>non</strong></span> <span class='ocrx_word' id='word_1_112' title='bbox 905 1294 1236 1360; x_wconf 79' lang='lat' dir='ltr'><strong>formidine,</strong></span> <span class='ocrx_word' id='word_1_113' title='bbox 1267 1292 1366 1347; x_wconf 87' lang='lat' dir='ltr'><strong>sed</strong></span> <span class='ocrx_word' id='word_1_114' title='bbox 1402 1289 1650 1346; x_wconf 82' lang='lat' dir='ltr'><strong>elatione</strong></span> <span class='ocrx_word' id='word_1_115' title='bbox 1691 1300 1959 1342; x_wconf 87' lang='lat' dir='ltr'><strong>succum-</strong></span> 
     </span>
    </p>
   </div>
   <div class='ocr_carea' id='block_1_15' title="bbox 259 1380 1958 1461">
    <p class='ocr_par' dir='ltr' id='par_1_15' title="bbox 259 1380 1958 1461">
     <span class='ocr_line' id='line_1_15' title="bbox 259 1380 1958 1461; baseline -0.012 -13"><span class='ocrx_word' id='word_1_116' title='bbox 259 1394 441 1448; x_wconf 89' lang='lat' dir='ltr'><strong>bunt:</strong></span> <span class='ocrx_word' id='word_1_117' title='bbox 475 1405 723 1461; x_wconf 89' lang='lat' dir='ltr'><strong>quorum</strong></span> <span class='ocrx_word' id='word_1_118' title='bbox 757 1386 1081 1460; x_wconf 86' lang='lat' dir='ltr'><strong>specialiter</strong></span> <span class='ocrx_word' id='word_1_119' title='bbox 1108 1382 1259 1439; x_wconf 87' lang='lat' dir='ltr'><strong>beati</strong></span> <span class='ocrx_word' id='word_1_120' title='bbox 1289 1382 1400 1436; x_wconf 87' lang='lat' dir='ltr'><strong>Job</strong></span> <span class='ocrx_word' id='word_1_121' title='bbox 1426 1397 1568 1435; x_wconf 85' lang='lat' dir='ltr'><strong>uxor</strong></span> <span class='ocrx_word' id='word_1_122' title='bbox 1602 1380 1848 1448; x_wconf 75' lang='lat' dir='ltr'><strong>figuram</strong></span> <span class='ocrx_word' id='word_1_123' title='bbox 1877 1383 1958 1429; x_wconf 90' lang='lat' dir='ltr'><strong>te-</strong></span> 
     </span>
    </p>
   </div>
   <div class='ocr_carea' id='block_1_16' title="bbox 258 1466 1957 1552">
    <p class='ocr_par' dir='ltr' id='par_1_16' title="bbox 258 1466 1957 1552">
     <span class='ocr_line' id='line_1_16' title="bbox 258 1466 1957 1552; baseline -0.011 -15"><span class='ocrx_word' id='word_1_124' title='bbox 258 1482 411 1547; x_wconf 87' lang='lat' dir='ltr'><strong>nuit,</strong></span> <span class='ocrx_word' id='word_1_125' title='bbox 444 1497 570 1552; x_wconf 73' lang='lat' dir='ltr'><strong>quia</strong></span> <span class='ocrx_word' id='word_1_126' title='bbox 603 1479 810 1534; x_wconf 88' lang='lat' dir='ltr'><strong>marito</strong></span> <span class='ocrx_word' id='word_1_127' title='bbox 843 1477 1084 1532; x_wconf 85' lang='lat' dir='ltr'><strong>suadere</strong></span> <span class='ocrx_word' id='word_1_128' title='bbox 1116 1471 1370 1544; x_wconf 87' lang='lat' dir='ltr'><strong>superba</strong></span> <span class='ocrx_word' id='word_1_129' title='bbox 1397 1468 1661 1534; x_wconf 85' lang='lat' dir='ltr'><strong>tentavit,</strong></span> <span class='ocrx_word' id='word_1_130' title='bbox 1712 1466 1909 1520; x_wconf 89' lang='lat' dir='ltr'><strong>dicens</strong></span> <span class='ocrx_word' id='word_1_131' title='bbox 1943 1478 1957 1518; x_wconf 87' lang='lat'><strong>:</strong></span> 
     </span>
    </p>
   </div>
   <div class='ocr_carea' id='block_1_17' title="bbox 260 1557 1962 1643">
    <p class='ocr_par' dir='ltr' id='par_1_17' title="bbox 260 1557 1962 1643">
     <span class='ocr_line' id='line_1_17' title="bbox 260 1557 1962 1643; baseline -0.012 -15"><span class='ocrx_word' id='word_1_132' title='bbox 260 1571 445 1627; x_wconf 80' lang='lat' dir='ltr'><strong>Adhuc</strong></span> <span class='ocrx_word' id='word_1_133' title='bbox 463 1583 754 1643; x_wconf 88' lang='lat' dir='ltr'><strong>permanes</strong></span> <span class='ocrx_word' id='word_1_134' title='bbox 785 1569 845 1622; x_wconf 87' lang='lat' dir='ltr'><strong>in</strong></span> <span class='ocrx_word' id='word_1_135' title='bbox 874 1566 1227 1636; x_wconf 79' lang='lat' dir='ltr'><strong>simplicitate</strong></span> <span class='ocrx_word' id='word_1_136' title='bbox 1286 1566 1383 1616; x_wconf 89' lang='lat' dir='ltr'><strong>tua</strong></span> <span class='ocrx_word' id='word_1_137' title='bbox 1415 1564 1440 1613; x_wconf 64' lang='grc' dir='ltr'><em>ἵ</em></span> <span class='ocrx_word' id='word_1_138' title='bbox 1469 1557 1703 1614; x_wconf 79' lang='lat' dir='ltr'><strong>Benedic</strong></span> <span class='ocrx_word' id='word_1_139' title='bbox 1754 1558 1880 1622; x_wconf 90' lang='lat' dir='ltr'><strong>Deo,</strong></span> <span class='ocrx_word' id='word_1_140' title='bbox 1912 1557 1962 1608; x_wconf 89' lang='lat' dir='ltr'><strong>et</strong></span> 
     </span>
    </p>
   </div>
   <div class='ocr_carea' id='block_1_18' title="bbox 258 1645 1960 1729">
    <p class='ocr_par' dir='ltr' id='par_1_18' title="bbox 258 1645 1960 1729">
     <span class='ocr_line' id='line_1_18' title="bbox 258 1645 1960 1729; baseline -0.011 -13"><span class='ocrx_word' id='word_1_141' title='bbox 258 1675 492 1718; x_wconf 86' lang='lat' dir='ltr'><strong>morere.</strong></span> <span class='ocrx_word' id='word_1_142' title='bbox 554 1657 1004 1729; x_wconf 88' lang='lat' dir='ltr'><strong>Simplicitatem</strong></span> <span class='ocrx_word' id='word_1_143' title='bbox 1047 1656 1106 1709; x_wconf 90' lang='lat' dir='ltr'><strong>in</strong></span> <span class='ocrx_word' id='word_1_144' title='bbox 1183 1652 1386 1707; x_wconf 89' lang='lat' dir='ltr'><strong>marito</strong></span> <span class='ocrx_word' id='word_1_145' title='bbox 1439 1647 1754 1719; x_wconf 82' lang='lat' dir='ltr'><strong>redarguit,</strong></span> <span class='ocrx_word' id='word_1_146' title='bbox 1810 1645 1960 1715; x_wconf 89' lang='lat' dir='ltr'><strong>quod</strong></span> 
     </span>
    </p>
   </div>
   <div class='ocr_carea' id='block_1_19' title="bbox 2066 471 3777 541">
    <p class='ocr_par' dir='ltr' id='par_1_19' title="bbox 2066 471 3777 541">
     <span class='ocr_line' id='line_1_19' title="bbox 2066 471 3777 541; baseline 0 -17"><span class='ocrx_word' id='word_1_147' title='bbox 2066 487 2185 525; x_wconf 89' lang='lat' dir='ltr'><strong>mea</strong></span> <span class='ocrx_word' id='word_1_148' title='bbox 2211 471 2554 541; x_wconf 79' lang='lat' dir='ltr'><strong>quotidiana,</strong></span> <span class='ocrx_word' id='word_1_149' title='bbox 2591 471 2904 527; x_wconf 86' lang='lat' dir='ltr'><strong>sollicitudo</strong></span> <span class='ocrx_word' id='word_1_150' title='bbox 2926 474 3173 529; x_wconf 89' lang='lat' dir='ltr'><strong>omnium</strong></span> <span class='ocrx_word' id='word_1_151' title='bbox 3208 472 3599 526; x_wconf 79' lang='lat' dir='ltr'><strong>Ecclesiarum.</strong></span> <span class='ocrx_word' id='word_1_152' title='bbox 3628 475 3777 525; x_wconf 79' lang='lat' dir='ltr'><strong>Ecca</strong></span> 
     </span>
    </p>
   </div>
   <div class='ocr_carea' id='block_1_20' title="bbox 2066 561 3776 635">
    <p class='ocr_par' dir='ltr' id='par_1_20' title="bbox 2066 561 3776 635">
     <span class='ocr_line' id='line_1_20' title="bbox 2066 561 3776 635; baseline 0.001 -20"><span class='ocrx_word' id='word_1_153' title='bbox 2066 562 2122 616; x_wconf 92' lang='lat' dir='ltr'><strong>in</strong></span> <span class='ocrx_word' id='word_1_154' title='bbox 2157 577 2216 615; x_wconf 87' lang='lat' dir='ltr'><strong>se</strong></span> <span class='ocrx_word' id='word_1_155' title='bbox 2248 561 2397 615; x_wconf 89' lang='lat' dir='ltr'><strong>bella</strong></span> <span class='ocrx_word' id='word_1_156' title='bbox 2447 562 2668 616; x_wconf 81' lang='lat' dir='ltr'><strong>fortiter</strong></span> <span class='ocrx_word' id='word_1_157' title='bbox 2717 566 2981 635; x_wconf 83' lang='lat' dir='ltr'><strong>suscipit,</strong></span> <span class='ocrx_word' id='word_1_158' title='bbox 3013 569 3070 619; x_wconf 88' lang='lat' dir='ltr'><strong>et</strong></span> <span class='ocrx_word' id='word_1_159' title='bbox 3114 563 3345 617; x_wconf 87' lang='lat' dir='ltr'><strong>tuendis</strong></span> <span class='ocrx_word' id='word_1_160' title='bbox 3386 578 3448 617; x_wconf 85' lang='lat' dir='ltr'><strong>se</strong></span> <span class='ocrx_word' id='word_1_161' title='bbox 3493 562 3776 633; x_wconf 83' lang='lat' dir='ltr'><strong>proximis</strong></span> 
     </span>
    </p>
   </div>
   <div class='ocr_carea' id='block_1_21' title="bbox 2068 659 3770 732">
    <p class='ocr_par' dir='ltr' id='par_1_21' title="bbox 2068 659 3770 732">
     <span class='ocr_line' id='line_1_21' title="bbox 2068 659 3770 732; baseline 0.001 -19"><span class='ocrx_word' id='word_1_162' title='bbox 2068 660 2518 714; x_wconf 85' lang='lat' dir='ltr'><strong>misericorditer</strong></span> <span class='ocrx_word' id='word_1_163' title='bbox 2567 659 2873 730; x_wconf 87' lang='lat' dir='ltr'><strong>impendit.</strong></span> <span class='ocrx_word' id='word_1_164' title='bbox 2907 663 3115 717; x_wconf 88' lang='lat' dir='ltr'><strong>Narrat</strong></span> <span class='ocrx_word' id='word_1_165' title='bbox 3173 661 3326 715; x_wconf 88' lang='lat' dir='ltr'><strong>mala</strong></span> <span class='ocrx_word' id='word_1_166' title='bbox 3355 677 3482 732; x_wconf 65' lang='lat' dir='ltr'><strong>quas</strong></span> <span class='ocrx_word' id='word_1_167' title='bbox 3537 661 3770 731; x_wconf 87' lang='lat' dir='ltr'><strong>patitur,</strong></span> 
     </span>
    </p>
   </div>
   <div class='ocr_carea' id='block_1_22' title="bbox 2067 751 3774 822">
    <p class='ocr_par' dir='ltr' id='par_1_22' title="bbox 2067 751 3774 822">
     <span class='ocr_line' id='line_1_22' title="bbox 2067 751 3774 822; baseline 0.001 -18"><span class='ocrx_word' id='word_1_168' title='bbox 2067 751 2369 822; x_wconf 83' lang='lat' dir='ltr'><strong>aubjungit</strong></span> <span class='ocrx_word' id='word_1_169' title='bbox 2400 752 2551 806; x_wconf 91' lang='lat' dir='ltr'><strong>bona</strong></span> <span class='ocrx_word' id='word_1_170' title='bbox 2569 768 2694 822; x_wconf 66' lang='lat' dir='ltr'><strong>qua</strong></span> <span class='ocrx_word' id='word_1_171' title='bbox 2725 753 3072 822; x_wconf 89' lang='lat' dir='ltr'><strong>impartitur.</strong></span> <span class='ocrx_word' id='word_1_172' title='bbox 3098 753 3418 808; x_wconf 87' lang='lat' dir='ltr'><strong>Pensemus</strong></span> <span class='ocrx_word' id='word_1_173' title='bbox 3448 767 3584 822; x_wconf 87' lang='lat' dir='ltr'><strong>ergo</strong></span> <span class='ocrx_word' id='word_1_174' title='bbox 3607 753 3774 821; x_wconf 81' lang='lat' dir='ltr'><strong>cujus</strong></span> 
     </span>
    </p>
   </div>
   <div class='ocr_carea' id='block_1_23' title="bbox 2066 840 3779 914">
    <p class='ocr_par' dir='ltr' id='par_1_23' title="bbox 2066 840 3779 914">
     <span class='ocr_line' id='line_1_23' title="bbox 2066 840 3779 914; baseline 0 -19"><span class='ocrx_word' id='word_1_175' title='bbox 2066 840 2284 895; x_wconf 88' lang='lat' dir='ltr'><strong>laboris</strong></span> <span class='ocrx_word' id='word_1_176' title='bbox 2345 841 2438 907; x_wconf 88' lang='lat' dir='ltr'><strong>sit,</strong></span> <span class='ocrx_word' id='word_1_177' title='bbox 2498 858 2612 895; x_wconf 92' lang='lat' dir='ltr'><strong>uno</strong></span> <span class='ocrx_word' id='word_1_178' title='bbox 2673 843 2991 913; x_wconf 88' lang='lat' dir='ltr'><strong>eodemque</strong></span> <span class='ocrx_word' id='word_1_179' title='bbox 3047 848 3310 914; x_wconf 91' lang='lat' dir='ltr'><strong>tempore</strong></span> <span class='ocrx_word' id='word_1_180' title='bbox 3359 841 3494 896; x_wconf 84' lang='lat' dir='ltr'><strong>foris</strong></span> <span class='ocrx_word' id='word_1_181' title='bbox 3534 840 3779 895; x_wconf 88' lang='lat' dir='ltr'><strong>adversa</strong></span> 
     </span>
    </p>
   </div>
   <div class='ocr_carea' id='block_1_24' title="bbox 2068 929 3783 1003">
    <p class='ocr_par' dir='ltr' id='par_1_24' title="bbox 2068 929 3783 1003">
     <span class='ocr_line' id='line_1_24' title="bbox 2068 929 3783 1003; baseline 0 -19"><span class='ocrx_word' id='word_1_182' title='bbox 2068 929 2338 998; x_wconf 86' lang='lat' dir='ltr'><strong>tolerare,</strong></span> <span class='ocrx_word' id='word_1_183' title='bbox 2363 931 2523 985; x_wconf 91' lang='lat' dir='ltr'><strong>intus</strong></span> <span class='ocrx_word' id='word_1_184' title='bbox 2559 930 2789 986; x_wconf 82' lang='lat' dir='ltr'><strong>inﬁrma</strong></span> <span class='ocrx_word' id='word_1_185' title='bbox 2819 938 3139 1003; x_wconf 80' lang='lat' dir='ltr'><strong>protegere.</strong></span> <span class='ocrx_word' id='word_1_186' title='bbox 3167 931 3326 987; x_wconf 87' lang='lat' dir='ltr'><strong>Foris</strong></span> <span class='ocrx_word' id='word_1_187' title='bbox 3368 946 3596 1002; x_wconf 88' lang='lat' dir='ltr'><strong>pugnas</strong></span> <span class='ocrx_word' id='word_1_188' title='bbox 3634 930 3783 1001; x_wconf 88' lang='lat' dir='ltr'><strong>pati-</strong></span> 
     </span>
    </p>
   </div>
   <div class='ocr_carea' id='block_1_25' title="bbox 2068 1027 3774 1099">
    <p class='ocr_par' dir='ltr' id='par_1_25' title="bbox 2068 1027 3774 1099">
     <span class='ocr_line' id='line_1_25' title="bbox 2068 1027 3774 1099; baseline -0.001 -15"><span class='ocrx_word' id='word_1_189' title='bbox 2068 1031 2182 1095; x_wconf 85' lang='lat' dir='ltr'><strong>tur,</strong></span> <span class='ocrx_word' id='word_1_190' title='bbox 2219 1027 2354 1097; x_wconf 89' lang='lat' dir='ltr'><strong>quia</strong></span> <span class='ocrx_word' id='word_1_191' title='bbox 2385 1027 2488 1082; x_wconf 78' lang='lat'><strong>90</strong></span> <span class='ocrx_word' id='word_1_192' title='bbox 2521 1029 2857 1084; x_wconf 88' lang='lat' dir='ltr'><strong>verberibus</strong></span> <span class='ocrx_word' id='word_1_193' title='bbox 2888 1029 3199 1094; x_wconf 81' lang='lat' dir='ltr'><strong>scinditur,</strong></span> <span class='ocrx_word' id='word_1_194' title='bbox 3262 1028 3485 1084; x_wconf 85' lang='lat' dir='ltr'><strong>catenis</strong></span> <span class='ocrx_word' id='word_1_195' title='bbox 3518 1027 3774 1099; x_wconf 85' lang='lat' dir='ltr'><strong>ligatur;</strong></span> 
     </span>
    </p>
   </div>
   <div class='ocr_carea' id='block_1_26' title="bbox 2070 1116 3772 1189">
    <p class='ocr_par' dir='ltr' id='par_1_26' title="bbox 2070 1116 3772 1189">
     <span class='ocr_line' id='line_1_26' title="bbox 2070 1116 3772 1189; baseline -0.001 -18"><span class='ocrx_word' id='word_1_196' title='bbox 2070 1117 2230 1172; x_wconf 90' lang='lat' dir='ltr'><strong>intus</strong></span> <span class='ocrx_word' id='word_1_197' title='bbox 2262 1124 2481 1171; x_wconf 89' lang='lat' dir='ltr'><strong>metum</strong></span> <span class='ocrx_word' id='word_1_198' title='bbox 2517 1116 2742 1183; x_wconf 87' lang='lat' dir='ltr'><strong>tolerat,</strong></span> <span class='ocrx_word' id='word_1_199' title='bbox 2767 1118 2906 1189; x_wconf 89' lang='lat' dir='ltr'><strong>quia</strong></span> <span class='ocrx_word' id='word_1_200' title='bbox 2936 1117 3267 1188; x_wconf 87' lang='lat' dir='ltr'><strong>passionem</strong></span> <span class='ocrx_word' id='word_1_201' title='bbox 3291 1133 3456 1172; x_wconf 91' lang='lat' dir='ltr'><strong>suam</strong></span> <span class='ocrx_word' id='word_1_202' title='bbox 3490 1133 3604 1171; x_wconf 91' lang='lat' dir='ltr'><strong>non</strong></span> <span class='ocrx_word' id='word_1_203' title='bbox 3635 1117 3772 1183; x_wconf 87' lang='lat' dir='ltr'><strong>sibi,</strong></span> 
     </span>
    </p>
   </div>
   <div class='ocr_carea' id='block_1_27' title="bbox 2070 1203 3777 1274">
    <p class='ocr_par' dir='ltr' id='par_1_27' title="bbox 2070 1203 3777 1274">
     <span class='ocr_line' id='line_1_27' title="bbox 2070 1203 3777 1274; baseline -0.002 -12"><span class='ocrx_word' id='word_1_204' title='bbox 2070 1206 2167 1262; x_wconf 88' lang='lat' dir='ltr'><strong>sed</strong></span> <span class='ocrx_word' id='word_1_205' title='bbox 2193 1204 2499 1274; x_wconf 89' lang='lat' dir='ltr'><strong>discipulis</strong></span> <span class='ocrx_word' id='word_1_206' title='bbox 2531 1206 2732 1260; x_wconf 90' lang='lat' dir='ltr'><strong>obesse</strong></span> <span class='ocrx_word' id='word_1_207' title='bbox 2773 1207 3071 1262; x_wconf 87' lang='lat' dir='ltr'><strong>formidat.</strong></span> <span class='ocrx_word' id='word_1_208' title='bbox 3095 1205 3259 1261; x_wconf 88' lang='lat' dir='ltr'><strong>Unde</strong></span> <span class='ocrx_word' id='word_1_209' title='bbox 3295 1210 3350 1260; x_wconf 88' lang='lat' dir='ltr'><strong>et</strong></span> <span class='ocrx_word' id='word_1_210' title='bbox 3381 1204 3598 1260; x_wconf 85' lang='lat' dir='ltr'><strong>eisdem</strong></span> <span class='ocrx_word' id='word_1_211' title='bbox 3631 1203 3777 1259; x_wconf 84' lang='lat' dir='ltr'><strong>scri-</strong></span> 
     </span>
    </p>
   </div>
   <div class='ocr_carea' id='block_1_28' title="bbox 2069 1295 3772 1364">
    <p class='ocr_par' dir='ltr' id='par_1_28' title="bbox 2069 1295 3772 1364">
     <span class='ocr_line' id='line_1_28' title="bbox 2069 1295 3772 1364; baseline -0.002 -13"><span class='ocrx_word' id='word_1_212' title='bbox 2069 1297 2176 1364; x_wconf 89' lang='lat' dir='ltr'><strong>bit,</strong></span> <span class='ocrx_word' id='word_1_213' title='bbox 2209 1297 2410 1351; x_wconf 85' lang='lat' dir='ltr'><strong>dicens</strong></span> <span class='ocrx_word' id='word_1_214' title='bbox 2447 1313 2459 1351; x_wconf 91' lang='lat'>:</span> <span class='ocrx_word' id='word_1_215' title='bbox 2494 1296 2662 1351; x_wconf 82' lang='lat' dir='ltr'><strong>Nemo</strong></span> <span class='ocrx_word' id='word_1_216' title='bbox 2718 1303 3001 1353; x_wconf 80' lang='lat' dir='ltr'><strong>moveatur</strong></span> <span class='ocrx_word' id='word_1_217' title='bbox 3029 1300 3089 1352; x_wconf 87' lang='lat' dir='ltr'><strong>in</strong></span> <span class='ocrx_word' id='word_1_218' title='bbox 3145 1297 3596 1351; x_wconf 76' lang='lat' dir='ltr'><strong>tribulationibus</strong></span> <span class='ocrx_word' id='word_1_219' title='bbox 3626 1295 3772 1349; x_wconf 88' lang='lat' dir='ltr'><strong>istis.</strong></span> 
     </span>
    </p>
   </div>
   <div class='ocr_carea' id='block_1_29' title="bbox 2070 1385 3773 1457">
    <p class='ocr_par' dir='ltr' id='par_1_29' title="bbox 2070 1385 3773 1457">
     <span class='ocr_line' id='line_1_29' title="bbox 2070 1385 3773 1457; baseline -0.001 -17"><span class='ocrx_word' id='word_1_220' title='bbox 2070 1387 2184 1457; x_wconf 85' lang='lat' dir='ltr'><strong>Ipsi</strong></span> <span class='ocrx_word' id='word_1_221' title='bbox 2240 1389 2386 1440; x_wconf 87' lang='lat' dir='ltr'><strong>enim</strong></span> <span class='ocrx_word' id='word_1_222' title='bbox 2433 1387 2604 1452; x_wconf 88' lang='lat' dir='ltr'><strong>scitis,</strong></span> <span class='ocrx_word' id='word_1_223' title='bbox 2663 1387 2804 1456; x_wconf 88' lang='lat' dir='ltr'><strong>quod</strong></span> <span class='ocrx_word' id='word_1_224' title='bbox 2835 1387 2892 1441; x_wconf 93' lang='lat' dir='ltr'><strong>in</strong></span> <span class='ocrx_word' id='word_1_225' title='bbox 2938 1386 3037 1442; x_wconf 87' lang='lat' dir='ltr'><strong>hoc</strong></span> <span class='ocrx_word' id='word_1_226' title='bbox 3074 1386 3240 1457; x_wconf 86' lang='lat' dir='ltr'><strong>positi</strong></span> <span class='ocrx_word' id='word_1_227' title='bbox 3281 1402 3472 1440; x_wconf 84' lang='lat' dir='ltr'><strong>sumus</strong></span> <span class='ocrx_word' id='word_1_228' title='bbox 3503 1386 3543 1456; x_wconf 90' lang='grc' dir='ltr'><strong>(ι</strong></span> <span class='ocrx_word' id='word_1_229' title='bbox 3593 1385 3773 1439; x_wconf 86' lang='lat' dir='ltr'><strong>Thess.</strong></span> 
     </span>
    </p>
   </div>
   <div class='ocr_carea' id='block_1_30' title="bbox 2071 1473 3780 1547">
    <p class='ocr_par' dir='ltr' id='par_1_30' title="bbox 2071 1473 3780 1547">
     <span class='ocr_line' id='line_1_30' title="bbox 2071 1473 3780 1547; baseline -0.001 -17"><span class='ocrx_word' id='word_1_230' title='bbox 2071 1492 2153 1543; x_wconf 83' lang='lat' dir='ltr'><strong>in,</strong></span> <span class='ocrx_word' id='word_1_231' title='bbox 2187 1477 2264 1544; x_wconf 89' lang='lat'><strong>3).</strong></span> <span class='ocrx_word' id='word_1_232' title='bbox 2325 1474 2587 1530; x_wconf 85' lang='lat' dir='ltr'><strong>Aliorum</strong></span> <span class='ocrx_word' id='word_1_233' title='bbox 2640 1475 2854 1547; x_wconf 88' lang='lat' dir='ltr'><strong>quippe</strong></span> <span class='ocrx_word' id='word_1_234' title='bbox 2897 1492 3069 1531; x_wconf 88' lang='lat' dir='ltr'><strong>casus</strong></span> <span class='ocrx_word' id='word_1_235' title='bbox 3117 1477 3175 1530; x_wconf 91' lang='lat' dir='ltr'><strong>in</strong></span> <span class='ocrx_word' id='word_1_236' title='bbox 3232 1476 3459 1546; x_wconf 88' lang='lat' dir='ltr'><strong>propria</strong></span> <span class='ocrx_word' id='word_1_237' title='bbox 3509 1473 3780 1542; x_wconf 82' lang='lat' dir='ltr'><strong>passione</strong></span> 
     </span>
    </p>
   </div>
   <div class='ocr_carea' id='block_1_31' title="bbox 2073 1562 3784 1636">
    <p class='ocr_par' dir='ltr' id='par_1_31' title="bbox 2073 1562 3784 1636">
     <span class='ocr_line' id='line_1_31' title="bbox 2073 1562 3784 1636; baseline -0.001 -17"><span class='ocrx_word' id='word_1_238' title='bbox 2073 1565 2387 1630; x_wconf 86' lang='lat' dir='ltr'><strong>metuebat,</strong></span> <span class='ocrx_word' id='word_1_239' title='bbox 2423 1581 2492 1619; x_wconf 88' lang='lat' dir='ltr'><strong>ne</strong></span> <span class='ocrx_word' id='word_1_240' title='bbox 2520 1564 2661 1619; x_wconf 92' lang='lat' dir='ltr'><strong>dum</strong></span> <span class='ocrx_word' id='word_1_241' title='bbox 2696 1565 2881 1634; x_wconf 90' lang='lat' dir='ltr'><strong>ipsum</strong></span> <span class='ocrx_word' id='word_1_242' title='bbox 2914 1564 3184 1636; x_wconf 88' lang='lat' dir='ltr'><strong>discipuli</strong></span> <span class='ocrx_word' id='word_1_243' title='bbox 3218 1563 3506 1619; x_wconf 79' lang='lat' dir='ltr'><strong>afflictum</strong></span> <span class='ocrx_word' id='word_1_244' title='bbox 3542 1579 3640 1632; x_wconf 90' lang='lat' dir='ltr'><strong>pro</strong></span> <span class='ocrx_word' id='word_1_245' title='bbox 3665 1562 3784 1618; x_wconf 86' lang='lat' dir='ltr'><strong>fide</strong></span> 
     </span>
    </p>
   </div>
   <div class='ocr_carea' id='block_1_32' title="bbox 2071 1653 3780 1726">
    <p class='ocr_par' dir='ltr' id='par_1_32' title="bbox 2071 1653 3780 1726">
     <span class='ocr_line' id='line_1_32' title="bbox 2071 1653 3780 1726; baseline -0.002 -15"><span class='ocrx_word' id='word_1_246' title='bbox 2071 1654 2407 1711; x_wconf 82' lang='lat' dir='ltr'><strong>verberibus</strong></span> <span class='ocrx_word' id='word_1_247' title='bbox 2439 1662 2838 1726; x_wconf 84' lang='lat' dir='ltr'><strong>agnoscerent,</strong></span> <span class='ocrx_word' id='word_1_248' title='bbox 2897 1655 3096 1710; x_wconf 87' lang='lat' dir='ltr'><strong>fideles</strong></span> <span class='ocrx_word' id='word_1_249' title='bbox 3155 1671 3216 1710; x_wconf 89' lang='lat' dir='ltr'><strong>se</strong></span> <span class='ocrx_word' id='word_1_250' title='bbox 3248 1653 3503 1726; x_wconf 83' lang='lat' dir='ltr'><strong>proﬁteri</strong></span> <span class='ocrx_word' id='word_1_251' title='bbox 3547 1669 3780 1708; x_wconf 85' lang='lat' dir='ltr'><strong>recusa-</strong></span> 
     </span>
    </p>
   </div>
   <div class='ocr_carea' id='block_1_33' title="bbox 259 1737 3782 1816">
    <p class='ocr_par' dir='ltr' id='par_1_33' title="bbox 259 1737 3782 1816">
     <span class='ocr_line' id='line_1_33' title="bbox 259 1737 3782 1816; baseline -0.005 -14"><span class='ocrx_word' id='word_1_252' title='bbox 259 1749 587 1804; x_wconf 89' lang='lat' dir='ltr'><strong>transitura</strong></span> <span class='ocrx_word' id='word_1_253' title='bbox 618 1751 825 1802; x_wconf 89' lang='lat' dir='ltr'><strong>cuncta</strong></span> <span class='ocrx_word' id='word_1_254' title='bbox 854 1743 1197 1814; x_wconf 89' lang='lat' dir='ltr'><strong>despiciens,</strong></span> <span class='ocrx_word' id='word_1_255' title='bbox 1233 1757 1375 1812; x_wconf 89' lang='lat' dir='ltr'><strong>puro</strong></span> <span class='ocrx_word' id='word_1_256' title='bbox 1399 1738 1570 1794; x_wconf 90' lang='lat' dir='ltr'><strong>corde</strong></span> <span class='ocrx_word' id='word_1_257' title='bbox 1597 1737 1720 1792; x_wconf 92' lang='lat' dir='ltr'><strong>sola</strong></span> <span class='ocrx_word' id='word_1_258' title='bbox 1750 1740 1962 1791; x_wconf 66' lang='lat' dir='ltr'><strong>aeterna</strong></span> <span class='ocrx_word' id='word_1_259' title='bbox 1993 1750 2039 1816; x_wconf 77' lang='grc' dir='ltr'><strong>Β</strong></span> <span class='ocrx_word' id='word_1_260' title='bbox 2071 1749 2218 1800; x_wconf 64' lang='lat' dir='ltr'><strong>rent,</strong></span> <span class='ocrx_word' id='word_1_261' title='bbox 2266 1747 2310 1799; x_wconf 89' lang='lat'>0</span> <span class='ocrx_word' id='word_1_262' title='bbox 2341 1744 2644 1799; x_wconf 56' lang='lat' dir='ltr'><strong>immensa</strong></span> <span class='ocrx_word' id='word_1_263' title='bbox 2675 1744 2981 1799; x_wconf 57' lang='lat' dir='ltr'><strong>obarmatis</strong></span> <span class='ocrx_word' id='word_1_264' title='bbox 3032 1746 3255 1799; x_wconf 67' lang='grc' dir='ltr'><strong>νίεοθη</strong></span> <span class='ocrx_word' id='word_1_265' title='bbox 3289 1761 3302 1810; x_wconf 78' lang='grc'>;</span> <span class='ocrx_word' id='word_1_266' title='bbox 3347 1742 3597 1813; x_wconf 68' lang='lat' dir='ltr'><strong>despicit</strong></span> <span class='ocrx_word' id='word_1_267' title='bbox 3625 1743 3782 1813; x_wconf 73' lang='lat' dir='ltr'><strong>quod</strong></span> 
     </span>
    </p>
   </div>
   <div class='ocr_carea' id='block_1_34' title="bbox 258 1828 1967 1910">
    <p class='ocr_par' dir='ltr' id='par_1_34' title="bbox 258 1828 1967 1910">
     <span class='ocr_line' id='line_1_34' title="bbox 258 1828 1967 1910; baseline -0.011 -15"><span class='ocrx_word' id='word_1_268' title='bbox 258 1836 634 1910; x_wconf 87' lang='lat' dir='ltr'><strong>concupiscit.</strong></span> <span class='ocrx_word' id='word_1_269' title='bbox 668 1837 751 1890; x_wconf 88' lang='lat' dir='ltr'><strong>Ac</strong></span> <span class='ocrx_word' id='word_1_270' title='bbox 785 1835 832 1890; x_wconf 90' lang='lat' dir='ltr'><strong>si</strong></span> <span class='ocrx_word' id='word_1_271' title='bbox 865 1833 1046 1888; x_wconf 87' lang='lat' dir='ltr'><strong>dicat:</strong></span> <span class='ocrx_word' id='word_1_272' title='bbox 1081 1830 1229 1897; x_wconf 86' lang='lat' dir='ltr'><strong>Quid</strong></span> <span class='ocrx_word' id='word_1_273' title='bbox 1257 1828 1603 1899; x_wconf 89' lang='lat' dir='ltr'><strong>simpliciter</strong></span> <span class='ocrx_word' id='word_1_274' title='bbox 1624 1831 1836 1881; x_wconf 67' lang='lat' dir='ltr'><strong>aeterna</strong></span> <span class='ocrx_word' id='word_1_275' title='bbox 1866 1841 1967 1894; x_wconf 90' lang='lat' dir='ltr'><strong>ap-</strong></span> 
     </span>
    </p>
   </div>
   <div class='ocr_carea' id='block_1_35' title="bbox 259 1917 1958 2001">
    <p class='ocr_par' dir='ltr' id='par_1_35' title="bbox 259 1917 1958 2001">
     <span class='ocr_line' id='line_1_35' title="bbox 259 1917 1958 2001; baseline -0.009 -17"><span class='ocrx_word' id='word_1_276' title='bbox 259 1930 430 2001; x_wconf 88' lang='lat' dir='ltr'><strong>petis,</strong></span> <span class='ocrx_word' id='word_1_277' title='bbox 465 1933 522 1983; x_wconf 88' lang='lat' dir='ltr'><strong>et</strong></span> <span class='ocrx_word' id='word_1_278' title='bbox 550 1927 662 1983; x_wconf 88' lang='lat' dir='ltr'><strong>sub</strong></span> <span class='ocrx_word' id='word_1_279' title='bbox 695 1927 867 1982; x_wconf 88' lang='lat' dir='ltr'><strong>malis</strong></span> <span class='ocrx_word' id='word_1_280' title='bbox 923 1922 1308 1995; x_wconf 72' lang='lat' dir='ltr'><strong>prtesentibus</strong></span> <span class='ocrx_word' id='word_1_281' title='bbox 1355 1919 1760 1990; x_wconf 67' lang='lat' dir='ltr'><strong>aequanimiter</strong></span> <span class='ocrx_word' id='word_1_282' title='bbox 1800 1917 1958 1986; x_wconf 84' lang='lat' dir='ltr'><strong>inge-</strong></span> 
     </span>
    </p>
   </div>
   <div class='ocr_carea' id='block_1_36' title="bbox 258 2008 1965 2083">
    <p class='ocr_par' dir='ltr' id='par_1_36' title="bbox 258 2008 1965 2083">
     <span class='ocr_line' id='line_1_36' title="bbox 258 2008 1965 2083; baseline -0.006 -9"><span class='ocrx_word' id='word_1_283' title='bbox 258 2018 460 2074; x_wconf 90' lang='lat' dir='ltr'><strong>miscis</strong></span> <span class='ocrx_word' id='word_1_284' title='bbox 490 2017 516 2070; x_wconf 65' lang='grc' dir='ltr'>ἱ)</span> <span class='ocrx_word' id='word_1_285' title='bbox 548 2015 861 2083; x_wconf 87' lang='lat' dir='ltr'><strong>Excedens,</strong></span> <span class='ocrx_word' id='word_1_286' title='bbox 883 2021 1098 2069; x_wconf 66' lang='lat' dir='ltr'><strong>aeterna</strong></span> <span class='ocrx_word' id='word_1_287' title='bbox 1115 2012 1371 2082; x_wconf 91' lang='lat' dir='ltr'><strong>despice,</strong></span> <span class='ocrx_word' id='word_1_288' title='bbox 1403 2019 1452 2063; x_wconf 89' lang='lat' dir='ltr'><strong>et</strong></span> <span class='ocrx_word' id='word_1_289' title='bbox 1479 2008 1634 2063; x_wconf 90' lang='lat' dir='ltr'><strong>mala</strong></span> <span class='ocrx_word' id='word_1_290' title='bbox 1656 2008 1965 2080; x_wconf 73' lang='lat' dir='ltr'><strong>praesentia</strong></span> 
     </span>
    </p>
   </div>
   <div class='ocr_carea' id='block_1_37' title="bbox 258 2097 1961 2174">
    <p class='ocr_par' dir='ltr' id='par_1_37' title="bbox 258 2097 1961 2174">
     <span class='ocr_line' id='line_1_37' title="bbox 258 2097 1961 2174; baseline -0.007 -10"><span class='ocrx_word' id='word_1_291' title='bbox 258 2109 344 2164; x_wconf 76' lang='lat' dir='ltr'><strong>vel</strong></span> <span class='ocrx_word' id='word_1_292' title='bbox 377 2107 632 2164; x_wconf 89' lang='lat' dir='ltr'><strong>moriens</strong></span> <span class='ocrx_word' id='word_1_293' title='bbox 663 2106 858 2160; x_wconf 88' lang='lat' dir='ltr'><strong>evade.</strong></span> <span class='ocrx_word' id='word_1_294' title='bbox 893 2103 1028 2174; x_wconf 77' lang='grc' dir='ltr'><strong>[νει.</strong></span> <span class='ocrx_word' id='word_1_295' title='bbox 1062 2102 1223 2173; x_wconf 78' lang='lat' dir='ltr'><strong>XVI.)</strong></span> <span class='ocrx_word' id='word_1_296' title='bbox 1244 2100 1353 2155; x_wconf 89' lang='lat' dir='ltr'><strong>Sed</strong></span> <span class='ocrx_word' id='word_1_297' title='bbox 1387 2097 1551 2154; x_wconf 86' lang='lat' dir='ltr'><strong>electi</strong></span> <span class='ocrx_word' id='word_1_298' title='bbox 1584 2099 1798 2169; x_wconf 86' lang='lat' dir='ltr'><strong>quique</strong></span> <span class='ocrx_word' id='word_1_299' title='bbox 1829 2113 1961 2152; x_wconf 92' lang='lat' dir='ltr'><strong>cum</strong></span> 
     </span>
    </p>
   </div>
   <div class='ocr_carea' id='block_1_38' title="bbox 258 2185 1962 2268">
    <p class='ocr_par' dir='ltr' id='par_1_38' title="bbox 258 2185 1962 2268">
     <span class='ocr_line' id='line_1_38' title="bbox 258 2185 1962 2268; baseline -0.008 -19"><span class='ocrx_word' id='word_1_300' title='bbox 258 2212 432 2268; x_wconf 88' lang='lat' dir='ltr'><strong>prava</strong></span> <span class='ocrx_word' id='word_1_301' title='bbox 451 2195 612 2249; x_wconf 90' lang='lat' dir='ltr'><strong>intus</strong></span> <span class='ocrx_word' id='word_1_302' title='bbox 627 2210 658 2248; x_wconf 90' lang='lat' dir='ltr'><strong>a</strong></span> <span class='ocrx_word' id='word_1_303' title='bbox 671 2191 1004 2248; x_wconf 84' lang='lat' dir='ltr'><strong>carnalibus</strong></span> <span class='ocrx_word' id='word_1_304' title='bbox 1019 2189 1286 2254; x_wconf 88' lang='lat' dir='ltr'><strong>tolerant,</strong></span> <span class='ocrx_word' id='word_1_305' title='bbox 1303 2187 1377 2258; x_wconf 86' lang='lat' dir='ltr'><strong>(b)</strong></span> <span class='ocrx_word' id='word_1_306' title='bbox 1395 2193 1623 2256; x_wconf 63' lang='lat' dir='ltr'><strong>quantae</strong></span> <span class='ocrx_word' id='word_1_307' title='bbox 1639 2201 1697 2239; x_wconf 91' lang='lat' dir='ltr'><strong>se</strong></span> <span class='ocrx_word' id='word_1_308' title='bbox 1715 2185 1962 2238; x_wconf 89' lang='lat' dir='ltr'><strong>formam</strong></span> 
     </span>
    </p>
   </div>
   <div class='ocr_carea' id='block_1_39' title="bbox 257 2272 1964 2349">
    <p class='ocr_par' dir='ltr' id='par_1_39' title="bbox 257 2272 1964 2349">
     <span class='ocr_line' id='line_1_39' title="bbox 257 2272 1964 2349; baseline -0.008 -7"><span class='ocrx_word' id='word_1_309' title='bbox 257 2286 618 2343; x_wconf 87' lang='lat' dir='ltr'><strong>rectitudinis</strong></span> <span class='ocrx_word' id='word_1_310' title='bbox 648 2284 983 2349; x_wconf 84' lang='lat' dir='ltr'><strong>ostendant,</strong></span> <span class='ocrx_word' id='word_1_311' title='bbox 1017 2281 1315 2336; x_wconf 88' lang='lat' dir='ltr'><strong>discamus</strong></span> <span class='ocrx_word' id='word_1_312' title='bbox 1342 2295 1408 2333; x_wconf 84' lang='lat' dir='ltr'><strong>ex</strong></span> <span class='ocrx_word' id='word_1_313' title='bbox 1454 2277 1643 2332; x_wconf 88' lang='lat' dir='ltr'><strong>verbis</strong></span> <span class='ocrx_word' id='word_1_314' title='bbox 1684 2272 1964 2331; x_wconf 79' lang='lat' dir='ltr'><strong>vulnerati</strong></span> 
     </span>
    </p>
   </div>
   <div class='ocr_carea' id='block_1_40' title="bbox 263 2369 1553 2444">
    <p class='ocr_par' dir='ltr' id='par_1_40' title="bbox 263 2369 1553 2444">
     <span class='ocr_line' id='line_1_40' title="bbox 263 2369 1553 2444; baseline -0.009 -10"><span class='ocrx_word' id='word_1_315' title='bbox 263 2383 320 2434; x_wconf 90' lang='lat' dir='ltr'><strong>et</strong></span> <span class='ocrx_word' id='word_1_316' title='bbox 339 2375 670 2444; x_wconf 91' lang='lat' dir='ltr'><strong>incolumis,</strong></span> <span class='ocrx_word' id='word_1_317' title='bbox 705 2374 962 2432; x_wconf 89' lang='lat' dir='ltr'><strong>sedentis</strong></span> <span class='ocrx_word' id='word_1_318' title='bbox 994 2377 1050 2426; x_wconf 90' lang='lat' dir='ltr'><strong>et</strong></span> <span class='ocrx_word' id='word_1_319' title='bbox 1080 2370 1274 2436; x_wconf 87' lang='lat' dir='ltr'><strong>erecti,</strong></span> <span class='ocrx_word' id='word_1_320' title='bbox 1310 2370 1410 2441; x_wconf 92' lang='lat' dir='ltr'><strong>qui</strong></span> <span class='ocrx_word' id='word_1_321' title='bbox 1445 2369 1553 2424; x_wconf 86' lang='lat' dir='ltr'><strong>ait:</strong></span> 
     </span>
    </p>
   </div>
   <div class='ocr_carea' id='block_1_41' title="bbox 896 2497 1306 2555">
    <p class='ocr_par' dir='ltr' id='par_1_41' title="bbox 896 2497 1306 2555">
     <span class='ocr_line' id='line_1_41' title="bbox 896 2497 1306 2555; baseline -0.01 0"><span class='ocrx_word' id='word_1_322' title='bbox 896 2497 1125 2555; x_wconf 82' lang='lat' dir='ltr'><strong>CAPUT</strong></span> <span class='ocrx_word' id='word_1_323' title='bbox 1158 2497 1306 2552; x_wconf 83' lang='lat' dir='ltr'><strong>XXI.</strong></span> 
     </span>
    </p>
   </div>
   <div class='ocr_carea' id='block_1_42' title="bbox 326 2603 1964 2676">
    <p class='ocr_par' dir='ltr' id='par_1_42' title="bbox 326 2603 1964 2676">
     <span class='ocr_line' id='line_1_42' title="bbox 326 2603 1964 2676; baseline -0.005 -12"><span class='ocrx_word' id='word_1_324' title='bbox 326 2613 501 2666; x_wconf 73' lang='lat' dir='ltr'><strong>Vsus.</strong></span> <span class='ocrx_word' id='word_1_325' title='bbox 562 2611 647 2665; x_wconf 88' lang='grc'><strong>10.</strong></span> <span class='ocrx_word' id='word_1_326' title='bbox 700 2638 765 2648; x_wconf 92' lang='grc'><strong><em>-</em></strong></span> <span class='ocrx_word' id='word_1_327' title='bbox 809 2609 1012 2663; x_wconf 82' lang='lat' dir='ltr'><strong>Locuta</strong></span> <span class='ocrx_word' id='word_1_328' title='bbox 1037 2622 1090 2661; x_wconf 90' lang='lat' dir='ltr'><strong>es</strong></span> <span class='ocrx_word' id='word_1_329' title='bbox 1129 2608 1286 2676; x_wconf 89' lang='lat' dir='ltr'><strong>quasi</strong></span> <span class='ocrx_word' id='word_1_330' title='bbox 1343 2619 1452 2659; x_wconf 89' lang='lat' dir='ltr'><strong>uno</strong></span> <span class='ocrx_word' id='word_1_331' title='bbox 1494 2619 1563 2659; x_wconf 70' lang='lat' dir='ltr'><strong>ex</strong></span> <span class='ocrx_word' id='word_1_332' title='bbox 1609 2603 1790 2658; x_wconf 88' lang='lat' dir='ltr'><strong>stultis</strong></span> <span class='ocrx_word' id='word_1_333' title='bbox 1838 2618 1964 2657; x_wconf 90' lang='lat' dir='ltr'><strong>mu-</strong></span> 
     </span>
    </p>
   </div>
   <div class='ocr_carea' id='block_1_43' title="bbox 259 2692 1964 2768">
    <p class='ocr_par' dir='ltr' id='par_1_43' title="bbox 259 2692 1964 2768">
     <span class='ocr_line' id='line_1_43' title="bbox 259 2692 1964 2768; baseline -0.008 -10"><span class='ocrx_word' id='word_1_334' title='bbox 259 2701 505 2758; x_wconf 89' lang='lat' dir='ltr'><strong>lieribus.</strong></span> <span class='ocrx_word' id='word_1_335' title='bbox 537 2699 599 2755; x_wconf 89' lang='lat' dir='ltr'><strong>Si</strong></span> <span class='ocrx_word' id='word_1_336' title='bbox 650 2700 789 2753; x_wconf 87' lang='lat' dir='ltr'><strong>bona</strong></span> <span class='ocrx_word' id='word_1_337' title='bbox 825 2698 1133 2768; x_wconf 88' lang='lat' dir='ltr'><strong>accepimus</strong></span> <span class='ocrx_word' id='word_1_338' title='bbox 1177 2695 1242 2750; x_wconf 87' lang='lat' dir='ltr'><strong>de</strong></span> <span class='ocrx_word' id='word_1_339' title='bbox 1298 2709 1468 2748; x_wconf 87' lang='lat' dir='ltr'><strong>manu</strong></span> <span class='ocrx_word' id='word_1_340' title='bbox 1512 2693 1751 2756; x_wconf 86' lang='lat' dir='ltr'><strong>Domini,</strong></span> <span class='ocrx_word' id='word_1_341' title='bbox 1812 2692 1964 2746; x_wconf 89' lang='lat' dir='ltr'><strong>mala</strong></span> 
     </span>
    </p>
   </div>
   <div class='ocr_carea' id='block_1_44' title="bbox 256 2787 1026 2863">
    <p class='ocr_par' dir='ltr' id='par_1_44' title="bbox 256 2787 1026 2863">
     <span class='ocr_line' id='line_1_44' title="bbox 256 2787 1026 2863; baseline -0.009 -18"><span class='ocrx_word' id='word_1_342' title='bbox 256 2805 426 2863; x_wconf 91' lang='lat' dir='ltr'><strong>quare</strong></span> <span class='ocrx_word' id='word_1_343' title='bbox 453 2805 564 2843; x_wconf 88' lang='lat' dir='ltr'><strong>non</strong></span> <span class='ocrx_word' id='word_1_344' title='bbox 601 2789 968 2842; x_wconf 87' lang='lat' dir='ltr'><strong>sustineamus</strong></span> <span class='ocrx_word' id='word_1_345' title='bbox 999 2787 1026 2837; x_wconf 83' lang='lat'><em>?</em></span> 
     </span>
    </p>
   </div>
   <div class='ocr_carea' id='block_1_45' title="bbox 327 2913 1960 2984">
    <p class='ocr_par' dir='ltr' id='par_1_45' title="bbox 327 2913 1960 2984">
     <span class='ocr_line' id='line_1_45' title="bbox 327 2913 1960 2984; baseline -0.001 -13"><span class='ocrx_word' id='word_1_346' title='bbox 327 2918 415 2973; x_wconf 86' lang='lat'><strong>39.</strong></span> <span class='ocrx_word' id='word_1_347' title='bbox 465 2915 656 2970; x_wconf 85' lang='lat' dir='ltr'><strong>Sancti</strong></span> <span class='ocrx_word' id='word_1_348' title='bbox 700 2913 1031 2984; x_wconf 68' lang='lat' dir='ltr'><strong>ferientibus</strong></span> <span class='ocrx_word' id='word_1_349' title='bbox 1085 2918 1361 2982; x_wconf 87' lang='lat' dir='ltr'><strong>opponunt</strong></span> <span class='ocrx_word' id='word_1_350' title='bbox 1411 2917 1628 2966; x_wconf 79' lang='lat' dir='ltr'><strong>scutum</strong></span> <span class='ocrx_word' id='word_1_351' title='bbox 1674 2914 1960 2982; x_wconf 50' lang='lat' dir='ltr'><strong>patentia,</strong></span> 
     </span>
    </p>
   </div>
   <div class='ocr_carea' id='block_1_46' title="bbox 254 2999 1964 3071">
    <p class='ocr_par' dir='ltr' id='par_1_46' title="bbox 254 2999 1964 3071">
     <span class='ocr_line' id='line_1_46' title="bbox 254 2999 1964 3071; baseline -0.005 -7"><span class='ocrx_word' id='word_1_352' title='bbox 254 3006 406 3064; x_wconf 88' lang='lat' dir='ltr'><strong>male</strong></span> <span class='ocrx_word' id='word_1_353' title='bbox 427 3002 774 3060; x_wconf 79' lang='lat' dir='ltr'><strong>suadentibus</strong></span> <span class='ocrx_word' id='word_1_354' title='bbox 794 3002 984 3071; x_wconf 86' lang='lat' dir='ltr'><strong>jacula</strong></span> <span class='ocrx_word' id='word_1_355' title='bbox 1015 3003 1323 3071; x_wconf 86' lang='lat' dir='ltr'><strong>intorquent</strong></span> <span class='ocrx_word' id='word_1_356' title='bbox 1351 2999 1638 3054; x_wconf 56' lang='lat' dir='ltr'><strong>doctrinm.</strong></span> <span class='ocrx_word' id='word_1_357' title='bbox 1663 3030 1731 3040; x_wconf 90' lang='lat'><strong>-—</strong></span> <span class='ocrx_word' id='word_1_358' title='bbox 1763 3000 1964 3055; x_wconf 80' lang='lat' dir='ltr'><strong>Sancti</strong></span> 
     </span>
    </p>
   </div>
   <div class='ocr_carea' id='block_1_47' title="bbox 2072 1832 3780 1905">
    <p class='ocr_par' dir='ltr' id='par_1_47' title="bbox 2072 1832 3780 1905">
     <span class='ocr_line' id='line_1_47' title="bbox 2072 1832 3780 1905; baseline 0.001 -18"><span class='ocrx_word' id='word_1_359' title='bbox 2072 1834 2197 1905; x_wconf 91' lang='lat' dir='ltr'><strong>ipse</strong></span> <span class='ocrx_word' id='word_1_360' title='bbox 2249 1835 2482 1902; x_wconf 84' lang='lat' dir='ltr'><strong>patitur,</strong></span> <span class='ocrx_word' id='word_1_361' title='bbox 2529 1838 2585 1887; x_wconf 90' lang='lat' dir='ltr'><strong>et</strong></span> <span class='ocrx_word' id='word_1_362' title='bbox 2634 1839 2798 1889; x_wconf 90' lang='lat' dir='ltr'><strong>curat</strong></span> <span class='ocrx_word' id='word_1_363' title='bbox 2849 1850 2920 1889; x_wconf 89' lang='lat' dir='ltr'><strong>ne</strong></span> <span class='ocrx_word' id='word_1_364' title='bbox 2951 1835 3088 1903; x_wconf 92' lang='lat' dir='ltr'><strong>quid</strong></span> <span class='ocrx_word' id='word_1_365' title='bbox 3145 1849 3329 1904; x_wconf 64' lang='lat' dir='ltr'><strong>prava:</strong></span> <span class='ocrx_word' id='word_1_366' title='bbox 3382 1832 3780 1902; x_wconf 87' lang='lat' dir='ltr'><strong>persuasionis</strong></span> 
     </span>
    </p>
   </div>
   <div class='ocr_carea' id='block_1_48' title="bbox 2071 1922 3779 1995">
    <p class='ocr_par' dir='ltr' id='par_1_48' title="bbox 2071 1922 3779 1995">
     <span class='ocr_line' id='line_1_48' title="bbox 2071 1922 3779 1995; baseline -0.001 -15"><span class='ocrx_word' id='word_1_367' title='bbox 2071 1924 2337 1995; x_wconf 77' lang='lat' dir='ltr'><strong>discipuli</strong></span> <span class='ocrx_word' id='word_1_368' title='bbox 2373 1924 2433 1978; x_wconf 90' lang='lat' dir='ltr'><strong>in</strong></span> <span class='ocrx_word' id='word_1_369' title='bbox 2462 1925 2634 1980; x_wconf 89' lang='lat' dir='ltr'><strong>corde</strong></span> <span class='ocrx_word' id='word_1_370' title='bbox 2667 1924 3065 1993; x_wconf 89' lang='lat' dir='ltr'><strong>patiantur.ln</strong></span> <span class='ocrx_word' id='word_1_371' title='bbox 3099 1940 3158 1980; x_wconf 89' lang='lat' dir='ltr'><strong>se</strong></span> <span class='ocrx_word' id='word_1_372' title='bbox 3187 1922 3506 1980; x_wconf 84' lang='lat' dir='ltr'><strong>contemnit</strong></span> <span class='ocrx_word' id='word_1_373' title='bbox 3535 1923 3779 1978; x_wconf 88' lang='lat' dir='ltr'><strong>vulnera</strong></span> 
     </span>
    </p>
   </div>
   <div class='ocr_carea' id='block_1_49' title="bbox 2073 2012 3781 2084">
    <p class='ocr_par' dir='ltr' id='par_1_49' title="bbox 2073 2012 3781 2084">
     <span class='ocr_line' id='line_1_49' title="bbox 2073 2012 3781 2084; baseline -0.001 -14"><span class='ocrx_word' id='word_1_374' title='bbox 2073 2014 2350 2084; x_wconf 89' lang='lat' dir='ltr'><strong>corporis,</strong></span> <span class='ocrx_word' id='word_1_375' title='bbox 2384 2019 2440 2068; x_wconf 87' lang='lat' dir='ltr'><strong>et</strong></span> <span class='ocrx_word' id='word_1_376' title='bbox 2472 2014 2528 2069; x_wconf 91' lang='lat' dir='ltr'><strong>in</strong></span> <span class='ocrx_word' id='word_1_377' title='bbox 2563 2013 2695 2069; x_wconf 89' lang='lat' dir='ltr'><strong>aliis</strong></span> <span class='ocrx_word' id='word_1_378' title='bbox 2727 2014 2968 2069; x_wconf 82' lang='lat' dir='ltr'><strong>vulnera</strong></span> <span class='ocrx_word' id='word_1_379' title='bbox 2999 2016 3266 2069; x_wconf 89' lang='lat' dir='ltr'><strong>medetur</strong></span> <span class='ocrx_word' id='word_1_380' title='bbox 3305 2013 3519 2069; x_wconf 90' lang='lat' dir='ltr'><strong>cordis.</strong></span> <span class='ocrx_word' id='word_1_381' title='bbox 3553 2012 3781 2069; x_wconf 86' lang='lat' dir='ltr'><strong>Habent</strong></span> 
     </span>
    </p>
   </div>
   <div class='ocr_carea' id='block_1_50' title="bbox 2074 2104 3782 2176">
    <p class='ocr_par' dir='ltr' id='par_1_50' title="bbox 2074 2104 3782 2176">
     <span class='ocr_line' id='line_1_50' title="bbox 2074 2104 3782 2176; baseline -0.001 -17"><span class='ocrx_word' id='word_1_382' title='bbox 2074 2108 2289 2176; x_wconf 91' lang='lat' dir='ltr'><strong>quippe</strong></span> <span class='ocrx_word' id='word_1_383' title='bbox 2321 2105 2428 2160; x_wconf 88' lang='lat' dir='ltr'><strong>hoc</strong></span> <span class='ocrx_word' id='word_1_384' title='bbox 2450 2106 2596 2175; x_wconf 88' lang='lat' dir='ltr'><strong>justi</strong></span> <span class='ocrx_word' id='word_1_385' title='bbox 2631 2105 2954 2176; x_wconf 87' lang='lat' dir='ltr'><strong>proprium,</strong></span> <span class='ocrx_word' id='word_1_386' title='bbox 2989 2111 3048 2160; x_wconf 89' lang='lat' dir='ltr'><strong>ut</strong></span> <span class='ocrx_word' id='word_1_387' title='bbox 3073 2105 3131 2160; x_wconf 89' lang='lat' dir='ltr'><strong>in</strong></span> <span class='ocrx_word' id='word_1_388' title='bbox 3165 2105 3363 2160; x_wconf 90' lang='lat' dir='ltr'><strong>dolore</strong></span> <span class='ocrx_word' id='word_1_389' title='bbox 3388 2104 3555 2175; x_wconf 87' lang='lat' dir='ltr'><strong>positi</strong></span> <span class='ocrx_word' id='word_1_390' title='bbox 3586 2105 3782 2158; x_wconf 90' lang='lat' dir='ltr'><strong>tribu-</strong></span> 
     </span>
    </p>
   </div>
   <div class='ocr_carea' id='block_1_51' title="bbox 2072 2193 3775 2263">
    <p class='ocr_par' dir='ltr' id='par_1_51' title="bbox 2072 2193 3775 2263">
     <span class='ocr_line' id='line_1_51' title="bbox 2072 2193 3775 2263; baseline 0 -15"><span class='ocrx_word' id='word_1_391' title='bbox 2072 2193 2304 2249; x_wconf 87' lang='lat' dir='ltr'><strong>lationis</strong></span> <span class='ocrx_word' id='word_1_392' title='bbox 2335 2211 2477 2263; x_wconf 68' lang='lat' dir='ltr'><strong>sure,</strong></span> <span class='ocrx_word' id='word_1_393' title='bbox 2511 2210 2708 2249; x_wconf 88' lang='lat' dir='ltr'><strong>curam</strong></span> <span class='ocrx_word' id='word_1_394' title='bbox 2743 2211 2856 2250; x_wconf 92' lang='lat' dir='ltr'><strong>non</strong></span> <span class='ocrx_word' id='word_1_395' title='bbox 2893 2197 3162 2250; x_wconf 87' lang='lat' dir='ltr'><strong>deserant</strong></span> <span class='ocrx_word' id='word_1_396' title='bbox 3211 2193 3485 2249; x_wconf 85' lang='lat' dir='ltr'><strong>utilitatis</strong></span> <span class='ocrx_word' id='word_1_397' title='bbox 3523 2193 3723 2248; x_wconf 64' lang='lat' dir='ltr'><strong>aliene</strong></span> <span class='ocrx_word' id='word_1_398' title='bbox 3757 2212 3775 2262; x_wconf 92' lang='lat'><strong>;</strong></span> 
     </span>
    </p>
   </div>
   <div class='ocr_carea' id='block_1_52' title="bbox 2074 2283 3782 2353">
    <p class='ocr_par' dir='ltr' id='par_1_52' title="bbox 2074 2283 3782 2353">
     <span class='ocr_line' id='line_1_52' title="bbox 2074 2283 3782 2353; baseline -0.002 -13"><span class='ocrx_word' id='word_1_399' title='bbox 2074 2289 2282 2340; x_wconf 88' lang='lat' dir='ltr'><strong>etcum</strong></span> <span class='ocrx_word' id='word_1_400' title='bbox 2311 2285 2380 2339; x_wconf 90' lang='lat' dir='ltr'><strong>de</strong></span> <span class='ocrx_word' id='word_1_401' title='bbox 2411 2299 2472 2339; x_wconf 90' lang='lat' dir='ltr'><strong>se</strong></span> <span class='ocrx_word' id='word_1_402' title='bbox 2503 2285 2740 2338; x_wconf 89' lang='lat' dir='ltr'><strong>adversa</strong></span> <span class='ocrx_word' id='word_1_403' title='bbox 2772 2284 3053 2353; x_wconf 88' lang='lat' dir='ltr'><strong>patientes</strong></span> <span class='ocrx_word' id='word_1_404' title='bbox 3086 2283 3304 2351; x_wconf 90' lang='lat' dir='ltr'><strong>dolent,</strong></span> <span class='ocrx_word' id='word_1_405' title='bbox 3338 2283 3468 2338; x_wconf 89' lang='lat' dir='ltr'><strong>aliis</strong></span> <span class='ocrx_word' id='word_1_406' title='bbox 3512 2299 3782 2338; x_wconf 83' lang='lat' dir='ltr'><strong>necessa-</strong></span> 
     </span>
    </p>
   </div>
   <div class='ocr_carea' id='block_1_53' title="bbox 2075 2373 3778 2445">
    <p class='ocr_par' dir='ltr' id='par_1_53' title="bbox 2075 2373 3778 2445">
     <span class='ocr_line' id='line_1_53' title="bbox 2075 2373 3778 2445; baseline -0.001 -15"><span class='ocrx_word' id='word_1_407' title='bbox 2075 2374 2162 2430; x_wconf 88' lang='lat' dir='ltr'><strong>ria</strong></span> <span class='ocrx_word' id='word_1_408' title='bbox 2194 2375 2467 2430; x_wconf 83' lang='lat' dir='ltr'><strong>docentes</strong></span> <span class='ocrx_word' id='word_1_409' title='bbox 2518 2374 2852 2445; x_wconf 73' lang='lat' dir='ltr'><strong>prsevident,</strong></span> <span class='ocrx_word' id='word_1_410' title='bbox 2903 2381 2956 2429; x_wconf 88' lang='lat' dir='ltr'><strong>et</strong></span> <span class='ocrx_word' id='word_1_411' title='bbox 3008 2375 3172 2444; x_wconf 91' lang='lat' dir='ltr'><strong>quasi</strong></span> <span class='ocrx_word' id='word_1_412' title='bbox 3227 2373 3485 2444; x_wconf 88' lang='lat' dir='ltr'><strong>percussi</strong></span> <span class='ocrx_word' id='word_1_413' title='bbox 3529 2373 3778 2444; x_wconf 89' lang='lat' dir='ltr'><strong>quidam</strong></span> 
     </span>
    </p>
   </div>
   <div class='ocr_carea' id='block_1_54' title="bbox 2074 2463 3786 2536">
    <p class='ocr_par' dir='ltr' id='par_1_54' title="bbox 2074 2463 3786 2536">
     <span class='ocr_line' id='line_1_54' title="bbox 2074 2463 3786 2536; baseline -0.001 -17"><span class='ocrx_word' id='word_1_414' title='bbox 2074 2466 2271 2536; x_wconf 90' lang='lat' dir='ltr'><strong>magni</strong></span> <span class='ocrx_word' id='word_1_415' title='bbox 2309 2465 2516 2519; x_wconf 90' lang='lat' dir='ltr'><strong>medici</strong></span> <span class='ocrx_word' id='word_1_416' title='bbox 2547 2469 2845 2534; x_wconf 63' lang='lat' dir='ltr'><strong>aegrotant.</strong></span> <span class='ocrx_word' id='word_1_417' title='bbox 2883 2464 2999 2536; x_wconf 84' lang='lat' dir='ltr'><strong>Ipsi</strong></span> <span class='ocrx_word' id='word_1_418' title='bbox 3032 2465 3282 2520; x_wconf 88' lang='lat' dir='ltr'><strong>tolerant</strong></span> <span class='ocrx_word' id='word_1_419' title='bbox 3327 2464 3613 2519; x_wconf 88' lang='lat' dir='ltr'><strong>scissuras</strong></span> <span class='ocrx_word' id='word_1_420' title='bbox 3643 2463 3786 2518; x_wconf 88' lang='lat' dir='ltr'><strong>vul-</strong></span> 
     </span>
    </p>
   </div>
   <div class='ocr_carea' id='block_1_55' title="bbox 2075 2553 3779 2625">
    <p class='ocr_par' dir='ltr' id='par_1_55' title="bbox 2075 2553 3779 2625">
     <span class='ocr_line' id='line_1_55' title="bbox 2075 2553 3779 2625; baseline -0.002 -14"><span class='ocrx_word' id='word_1_421' title='bbox 2075 2556 2251 2622; x_wconf 87' lang='lat' dir='ltr'><strong>neris,</strong></span> <span class='ocrx_word' id='word_1_422' title='bbox 2284 2560 2342 2609; x_wconf 88' lang='lat' dir='ltr'><strong>et</strong></span> <span class='ocrx_word' id='word_1_423' title='bbox 2373 2553 2500 2610; x_wconf 88' lang='lat' dir='ltr'><strong>aliis</strong></span> <span class='ocrx_word' id='word_1_424' title='bbox 2522 2555 2817 2625; x_wconf 87' lang='lat' dir='ltr'><strong>proferunt</strong></span> <span class='ocrx_word' id='word_1_425' title='bbox 2840 2554 3262 2610; x_wconf 89' lang='lat' dir='ltr'><strong>medicamenta</strong></span> <span class='ocrx_word' id='word_1_426' title='bbox 3279 2555 3574 2609; x_wconf 87' lang='lat' dir='ltr'><strong>sanitatis.</strong></span> <span class='ocrx_word' id='word_1_427' title='bbox 3594 2553 3779 2608; x_wconf 87' lang='lat' dir='ltr'><strong>Valde</strong></span> 
     </span>
    </p>
   </div>
   <div class='ocr_carea' id='block_1_56' title="bbox 2074 2642 3778 2709">
    <p class='ocr_par' dir='ltr' id='par_1_56' title="bbox 2074 2642 3778 2709">
     <span class='ocr_line' id='line_1_56' title="bbox 2074 2642 3778 2709; baseline -0.002 -7"><span class='ocrx_word' id='word_1_428' title='bbox 2074 2651 2269 2702; x_wconf 89' lang='lat' dir='ltr'><strong>autem</strong></span> <span class='ocrx_word' id='word_1_429' title='bbox 2305 2644 2551 2699; x_wconf 89' lang='lat' dir='ltr'><strong>minoris</strong></span> <span class='ocrx_word' id='word_1_430' title='bbox 2582 2643 2796 2698; x_wconf 91' lang='lat' dir='ltr'><strong>laboris</strong></span> <span class='ocrx_word' id='word_1_431' title='bbox 2828 2649 2936 2709; x_wconf 89' lang='lat' dir='ltr'><strong>est,</strong></span> <span class='ocrx_word' id='word_1_432' title='bbox 2973 2648 3073 2698; x_wconf 90' lang='lat' dir='ltr'><strong>aut</strong></span> <span class='ocrx_word' id='word_1_433' title='bbox 3102 2646 3307 2699; x_wconf 88' lang='lat' dir='ltr'><strong>docere</strong></span> <span class='ocrx_word' id='word_1_434' title='bbox 3337 2659 3472 2698; x_wconf 89' lang='lat' dir='ltr'><strong>cum</strong></span> <span class='ocrx_word' id='word_1_435' title='bbox 3505 2642 3648 2697; x_wconf 88' lang='lat' dir='ltr'><strong>nihil</strong></span> <span class='ocrx_word' id='word_1_436' title='bbox 3681 2648 3778 2698; x_wconf 75' lang='grc' dir='ltr'><strong>ιο-</strong></span> 
     </span>
    </p>
   </div>
   <div class='ocr_carea' id='block_1_57' title="bbox 2074 2732 3781 2801">
    <p class='ocr_par' dir='ltr' id='par_1_57' title="bbox 2074 2732 3781 2801">
     <span class='ocr_line' id='line_1_57' title="bbox 2074 2732 3781 2801; baseline -0.002 -10"><span class='ocrx_word' id='word_1_437' title='bbox 2074 2735 2225 2791; x_wconf 89' lang='lat' dir='ltr'><strong>leras</strong></span> <span class='ocrx_word' id='word_1_438' title='bbox 2259 2751 2273 2801; x_wconf 89' lang='lat'><strong>;</strong></span> <span class='ocrx_word' id='word_1_439' title='bbox 2308 2739 2408 2788; x_wconf 89' lang='lat' dir='ltr'><strong>aut</strong></span> <span class='ocrx_word' id='word_1_440' title='bbox 2448 2732 2715 2801; x_wconf 84' lang='lat' dir='ltr'><strong>tolerare,</strong></span> <span class='ocrx_word' id='word_1_441' title='bbox 2756 2749 2887 2787; x_wconf 92' lang='lat' dir='ltr'><strong>cum</strong></span> <span class='ocrx_word' id='word_1_442' title='bbox 2933 2732 3073 2788; x_wconf 88' lang='lat' dir='ltr'><strong>nihil</strong></span> <span class='ocrx_word' id='word_1_443' title='bbox 3126 2734 3318 2787; x_wconf 90' lang='lat' dir='ltr'><strong>doces.</strong></span> <span class='ocrx_word' id='word_1_444' title='bbox 3366 2732 3532 2788; x_wconf 85' lang='lat' dir='ltr'><strong>Unde</strong></span> <span class='ocrx_word' id='word_1_445' title='bbox 3585 2733 3781 2788; x_wconf 87' lang='lat' dir='ltr'><strong>sancti</strong></span> 
     </span>
    </p>
   </div>
   <div class='ocr_carea' id='block_1_58' title="bbox 2076 2819 3780 2890">
    <p class='ocr_par' dir='ltr' id='par_1_58' title="bbox 2076 2819 3780 2890">
     <span class='ocr_line' id='line_1_58' title="bbox 2076 2819 3780 2890; baseline 0.001 -16"><span class='ocrx_word' id='word_1_446' title='bbox 2076 2822 2179 2876; x_wconf 83' lang='lat' dir='ltr'><strong>viri</strong></span> <span class='ocrx_word' id='word_1_447' title='bbox 2211 2823 2280 2876; x_wconf 90' lang='lat' dir='ltr'><strong>ad</strong></span> <span class='ocrx_word' id='word_1_448' title='bbox 2310 2826 2546 2890; x_wconf 88' lang='lat' dir='ltr'><strong>utraque</strong></span> <span class='ocrx_word' id='word_1_449' title='bbox 2576 2836 2637 2875; x_wconf 88' lang='lat' dir='ltr'><strong>se</strong></span> <span class='ocrx_word' id='word_1_450' title='bbox 2667 2820 2905 2875; x_wconf 88' lang='lat' dir='ltr'><strong>solerter</strong></span> <span class='ocrx_word' id='word_1_451' title='bbox 2933 2819 3256 2875; x_wconf 86' lang='lat' dir='ltr'><strong>extendunt</strong></span> <span class='ocrx_word' id='word_1_452' title='bbox 3286 2836 3300 2886; x_wconf 91' lang='lat'><strong>;</strong></span> <span class='ocrx_word' id='word_1_453' title='bbox 3335 2825 3392 2875; x_wconf 92' lang='lat' dir='ltr'><strong>et</strong></span> <span class='ocrx_word' id='word_1_454' title='bbox 3422 2836 3554 2875; x_wconf 89' lang='lat' dir='ltr'><strong>cum</strong></span> <span class='ocrx_word' id='word_1_455' title='bbox 3590 2819 3780 2876; x_wconf 88' lang='lat' dir='ltr'><strong>tribu-</strong></span> 
     </span>
    </p>
   </div>
   <div class='ocr_carea' id='block_1_59' title="bbox 2071 2909 3777 2978">
    <p class='ocr_par' dir='ltr' id='par_1_59' title="bbox 2071 2909 3777 2978">
     <span class='ocr_line' id='line_1_59' title="bbox 2071 2909 3777 2978; baseline 0.001 -12"><span class='ocrx_word' id='word_1_456' title='bbox 2071 2911 2390 2966; x_wconf 82' lang='lat' dir='ltr'><strong>lationibus</strong></span> <span class='ocrx_word' id='word_1_457' title='bbox 2423 2913 2666 2966; x_wconf 88' lang='lat' dir='ltr'><strong>fortasse</strong></span> <span class='ocrx_word' id='word_1_458' title='bbox 2695 2910 2997 2978; x_wconf 87' lang='lat' dir='ltr'><strong>feriuntur,</strong></span> <span class='ocrx_word' id='word_1_459' title='bbox 3032 2910 3114 2965; x_wconf 90' lang='lat' dir='ltr'><strong>sic</strong></span> <span class='ocrx_word' id='word_1_460' title='bbox 3145 2910 3428 2966; x_wconf 87' lang='lat' dir='ltr'><strong>exteriora</strong></span> <span class='ocrx_word' id='word_1_461' title='bbox 3459 2909 3610 2966; x_wconf 86' lang='lat' dir='ltr'><strong>bella</strong></span> <span class='ocrx_word' id='word_1_462' title='bbox 3643 2927 3777 2967; x_wconf 85' lang='lat' dir='ltr'><strong>sus-</strong></span> 
     </span>
    </p>
   </div>
   <div class='ocr_carea' id='block_1_60' title="bbox 2071 2999 3778 3073">
    <p class='ocr_par' dir='ltr' id='par_1_60' title="bbox 2071 2999 3778 3073">
     <span class='ocr_line' id='line_1_60' title="bbox 2071 2999 3778 3073; baseline 0 -15"><span class='ocrx_word' id='word_1_463' title='bbox 2071 3001 2316 3073; x_wconf 88' lang='lat' dir='ltr'><strong>cipiunt,</strong></span> <span class='ocrx_word' id='word_1_464' title='bbox 2343 2999 2664 3056; x_wconf 88' lang='lat' dir='ltr'><strong>utsollicite</strong></span> <span class='ocrx_word' id='word_1_465' title='bbox 2682 3000 2956 3070; x_wconf 86' lang='lat' dir='ltr'><strong>cogitent,</strong></span> <span class='ocrx_word' id='word_1_466' title='bbox 2984 3016 3054 3055; x_wconf 89' lang='lat' dir='ltr'><strong>ne</strong></span> <span class='ocrx_word' id='word_1_467' title='bbox 3073 3000 3471 3071; x_wconf 86' lang='lat' dir='ltr'><strong>proximorum</strong></span> <span class='ocrx_word' id='word_1_468' title='bbox 3496 3002 3778 3058; x_wconf 82' lang='lat' dir='ltr'><strong>interiora.</strong></span> 
     </span>
    </p>
   </div>
   <div class='ocr_carea' id='block_1_61' title="bbox 255 3088 3776 3160">
    <p class='ocr_par' dir='ltr' id='par_1_61' title="bbox 255 3088 3776 3160">
     <span class='ocr_line' id='line_1_61' title="bbox 255 3088 3776 3160; baseline -0.002 -7"><span class='ocrx_word' id='word_1_469' title='bbox 255 3097 365 3154; x_wconf 91' lang='lat' dir='ltr'><strong>viri</strong></span> <span class='ocrx_word' id='word_1_470' title='bbox 398 3094 842 3151; x_wconf 88' lang='lat' dir='ltr'><strong>tribulationum</strong></span> <span class='ocrx_word' id='word_1_471' title='bbox 874 3090 1023 3147; x_wconf 87' lang='lat' dir='ltr'><strong>bello</strong></span> <span class='ocrx_word' id='word_1_472' title='bbox 1045 3090 1407 3160; x_wconf 85' lang='lat' dir='ltr'><strong>deprehensi,</strong></span> <span class='ocrx_word' id='word_1_473' title='bbox 1434 3105 1566 3143; x_wconf 91' lang='lat' dir='ltr'><strong>cum</strong></span> <span class='ocrx_word' id='word_1_474' title='bbox 1595 3106 1706 3143; x_wconf 92' lang='lat' dir='ltr'><strong>uno</strong></span> <span class='ocrx_word' id='word_1_475' title='bbox 1725 3091 1958 3146; x_wconf 90' lang='lat' dir='ltr'><strong>eodem-</strong></span> <span class='ocrx_word' id='word_1_476' title='bbox 1992 3094 2040 3158; x_wconf 83' lang='lat' dir='ltr'><strong><em>C</em></strong></span> <span class='ocrx_word' id='word_1_477' title='bbox 2075 3091 2419 3146; x_wconf 87' lang='lat' dir='ltr'><strong>lacerentur.</strong></span> <span class='ocrx_word' id='word_1_478' title='bbox 2455 3091 2548 3145; x_wconf 91' lang='lat' dir='ltr'><strong>Sic</strong></span> <span class='ocrx_word' id='word_1_479' title='bbox 2580 3090 2760 3144; x_wconf 86' lang='lat' dir='ltr'><strong>sancti</strong></span> <span class='ocrx_word' id='word_1_480' title='bbox 2789 3090 2892 3143; x_wconf 89' lang='lat' dir='ltr'><strong>viri</strong></span> <span class='ocrx_word' id='word_1_481' title='bbox 2928 3090 3102 3145; x_wconf 81' lang='lat' dir='ltr'><strong>fortes</strong></span> <span class='ocrx_word' id='word_1_482' title='bbox 3133 3088 3192 3144; x_wconf 91' lang='lat' dir='ltr'><strong>in</strong></span> <span class='ocrx_word' id='word_1_483' title='bbox 3215 3090 3338 3144; x_wconf 89' lang='lat' dir='ltr'><strong>acie</strong></span> <span class='ocrx_word' id='word_1_484' title='bbox 3367 3091 3688 3158; x_wconf 81' lang='lat' dir='ltr'><strong>assistunt;</strong></span> <span class='ocrx_word' id='word_1_485' title='bbox 3714 3097 3776 3148; x_wconf 87' lang='lat' dir='ltr'><strong>et</strong></span> 
     </span>
    </p>
   </div>
   <div class='ocr_carea' id='block_1_62' title="bbox 257 3178 1955 3260">
    <p class='ocr_par' dir='ltr' id='par_1_62' title="bbox 257 3178 1955 3260">
     <span class='ocr_line' id='line_1_62' title="bbox 257 3178 1955 3260; baseline -0.005 -17"><span class='ocrx_word' id='word_1_486' title='bbox 257 3203 372 3260; x_wconf 88' lang='lat' dir='ltr'><strong>que</strong></span> <span class='ocrx_word' id='word_1_487' title='bbox 403 3194 658 3254; x_wconf 88' lang='lat' dir='ltr'><strong>tempore</strong></span> <span class='ocrx_word' id='word_1_488' title='bbox 689 3183 835 3237; x_wconf 89' lang='lat' dir='ltr'><strong>alios</strong></span> <span class='ocrx_word' id='word_1_489' title='bbox 870 3182 1158 3247; x_wconf 82' lang='lat' dir='ltr'><strong>ferientes,</strong></span> <span class='ocrx_word' id='word_1_490' title='bbox 1218 3178 1364 3234; x_wconf 87' lang='lat' dir='ltr'><strong>alios</strong></span> <span class='ocrx_word' id='word_1_491' title='bbox 1396 3179 1707 3234; x_wconf 87' lang='lat' dir='ltr'><strong>suadentes</strong></span> <span class='ocrx_word' id='word_1_492' title='bbox 1742 3180 1955 3248; x_wconf 88' lang='lat' dir='ltr'><strong>ferunt,</strong></span> 
     </span>
    </p>
   </div>
   <div class='ocr_carea' id='block_1_63' title="bbox 257 3267 1957 3346">
    <p class='ocr_par' dir='ltr' id='par_1_63' title="bbox 257 3267 1957 3346">
     <span class='ocr_line' id='line_1_63' title="bbox 257 3267 1957 3346; baseline -0.005 -14"><span class='ocrx_word' id='word_1_493' title='bbox 257 3277 378 3333; x_wconf 89' lang='lat' dir='ltr'><strong>illis</strong></span> <span class='ocrx_word' id='word_1_494' title='bbox 409 3276 716 3346; x_wconf 88' lang='lat' dir='ltr'><strong>opponunt</strong></span> <span class='ocrx_word' id='word_1_495' title='bbox 745 3275 972 3326; x_wconf 90' lang='lat' dir='ltr'><strong>scutum</strong></span> <span class='ocrx_word' id='word_1_496' title='bbox 1009 3267 1319 3340; x_wconf 61' lang='lat' dir='ltr'><strong>patientiae,</strong></span> <span class='ocrx_word' id='word_1_497' title='bbox 1355 3269 1482 3322; x_wconf 90' lang='lat' dir='ltr'><strong>istis</strong></span> <span class='ocrx_word' id='word_1_498' title='bbox 1515 3267 1957 3340; x_wconf 88' lang='lat' dir='ltr'><strong>intorquentja-</strong></span> 
     </span>
    </p>
   </div>
   <div class='ocr_carea' id='block_1_64' title="bbox 257 3358 1957 3432">
    <p class='ocr_par' dir='ltr' id='par_1_64' title="bbox 257 3358 1957 3432">
     <span class='ocr_line' id='line_1_64' title="bbox 257 3358 1957 3432; baseline -0.005 -9"><span class='ocrx_word' id='word_1_499' title='bbox 257 3368 384 3423; x_wconf 90' lang='lat' dir='ltr'><strong>cula</strong></span> <span class='ocrx_word' id='word_1_500' title='bbox 413 3364 687 3420; x_wconf 71' lang='lat' dir='ltr'><strong>doctrinas</strong></span> <span class='ocrx_word' id='word_1_501' title='bbox 718 3380 731 3430; x_wconf 93' lang='lat'><strong>;</strong></span> <span class='ocrx_word' id='word_1_502' title='bbox 761 3366 933 3432; x_wconf 88' lang='lat' dir='ltr'><strong>atque</strong></span> <span class='ocrx_word' id='word_1_503' title='bbox 966 3361 1034 3413; x_wconf 88' lang='lat' dir='ltr'><strong>ad</strong></span> <span class='ocrx_word' id='word_1_504' title='bbox 1063 3364 1375 3429; x_wconf 91' lang='lat' dir='ltr'><strong>utrumque</strong></span> <span class='ocrx_word' id='word_1_505' title='bbox 1394 3358 1693 3430; x_wconf 88' lang='lat' dir='ltr'><strong>pugnandi</strong></span> <span class='ocrx_word' id='word_1_506' title='bbox 1722 3361 1957 3415; x_wconf 90' lang='lat' dir='ltr'><strong>modum</strong></span> 
     </span>
    </p>
   </div>
   <div class='ocr_carea' id='block_1_65' title="bbox 255 3449 1959 3520">
    <p class='ocr_par' dir='ltr' id='par_1_65' title="bbox 255 3449 1959 3520">
     <span class='ocr_line' id='line_1_65' title="bbox 255 3449 1959 3520; baseline -0.005 -7"><span class='ocrx_word' id='word_1_507' title='bbox 255 3458 406 3513; x_wconf 82' lang='lat' dir='ltr'><strong>mira</strong></span> <span class='ocrx_word' id='word_1_508' title='bbox 435 3453 662 3510; x_wconf 87' lang='lat' dir='ltr'><strong>virtutis</strong></span> <span class='ocrx_word' id='word_1_509' title='bbox 692 3455 812 3507; x_wconf 84' lang='lat' dir='ltr'><strong>arte</strong></span> <span class='ocrx_word' id='word_1_510' title='bbox 845 3465 906 3505; x_wconf 88' lang='lat' dir='ltr'><strong>se</strong></span> <span class='ocrx_word' id='word_1_511' title='bbox 949 3449 1216 3520; x_wconf 88' lang='lat' dir='ltr'><strong>erigunt;</strong></span> <span class='ocrx_word' id='word_1_512' title='bbox 1270 3455 1560 3520; x_wconf 86' lang='lat' dir='ltr'><strong>quatenus</strong></span> <span class='ocrx_word' id='word_1_513' title='bbox 1590 3452 1646 3502; x_wconf 91' lang='lat' dir='ltr'><strong>et</strong></span> <span class='ocrx_word' id='word_1_514' title='bbox 1692 3465 1959 3519; x_wconf 87' lang='lat' dir='ltr'><strong>perversa</strong></span> 
     </span>
    </p>
   </div>
   <div class='ocr_carea' id='block_1_66' title="bbox 252 3539 1959 3616">
    <p class='ocr_par' dir='ltr' id='par_1_66' title="bbox 252 3539 1959 3616">
     <span class='ocr_line' id='line_1_66' title="bbox 252 3539 1959 3616; baseline -0.004 -14"><span class='ocrx_word' id='word_1_515' title='bbox 252 3548 416 3603; x_wconf 91' lang='lat' dir='ltr'><strong>intus</strong></span> <span class='ocrx_word' id='word_1_516' title='bbox 465 3543 751 3616; x_wconf 86' lang='lat' dir='ltr'><strong>sapienter</strong></span> <span class='ocrx_word' id='word_1_517' title='bbox 809 3541 1069 3606; x_wconf 90' lang='lat' dir='ltr'><strong>doceant,</strong></span> <span class='ocrx_word' id='word_1_518' title='bbox 1128 3545 1188 3592; x_wconf 91' lang='lat' dir='ltr'><strong>et</strong></span> <span class='ocrx_word' id='word_1_519' title='bbox 1246 3539 1394 3593; x_wconf 86' lang='lat' dir='ltr'><strong>foras</strong></span> <span class='ocrx_word' id='word_1_520' title='bbox 1451 3539 1673 3594; x_wconf 88' lang='lat' dir='ltr'><strong>fortiter</strong></span> <span class='ocrx_word' id='word_1_521' title='bbox 1721 3539 1959 3595; x_wconf 89' lang='lat' dir='ltr'><strong>adversa</strong></span> 
     </span>
    </p>
   </div>
   <div class='ocr_carea' id='block_1_67' title="bbox 254 3628 1960 3699">
    <p class='ocr_par' dir='ltr' id='par_1_67' title="bbox 254 3628 1960 3699">
     <span class='ocr_line' id='line_1_67' title="bbox 254 3628 1960 3699; baseline -0.005 -7"><span class='ocrx_word' id='word_1_522' title='bbox 254 3636 636 3692; x_wconf 86' lang='lat' dir='ltr'><strong>contemnant</strong></span> <span class='ocrx_word' id='word_1_523' title='bbox 668 3649 681 3698; x_wconf 92' lang='lat'><strong>;</strong></span> <span class='ocrx_word' id='word_1_524' title='bbox 714 3631 822 3685; x_wconf 89' lang='lat' dir='ltr'><strong>hos</strong></span> <span class='ocrx_word' id='word_1_525' title='bbox 854 3631 1128 3684; x_wconf 88' lang='lat' dir='ltr'><strong>docentes</strong></span> <span class='ocrx_word' id='word_1_526' title='bbox 1151 3628 1465 3699; x_wconf 89' lang='lat' dir='ltr'><strong>corrigant,</strong></span> <span class='ocrx_word' id='word_1_527' title='bbox 1487 3628 1620 3683; x_wconf 91' lang='lat' dir='ltr'><strong>illos</strong></span> <span class='ocrx_word' id='word_1_528' title='bbox 1652 3629 1960 3686; x_wconf 84' lang='lat' dir='ltr'><strong>tolerantes</strong></span> 
     </span>
    </p>
   </div>
   <div class='ocr_carea' id='block_1_68' title="bbox 252 3718 1957 3798">
    <p class='ocr_par' dir='ltr' id='par_1_68' title="bbox 252 3718 1957 3798">
     <span class='ocr_line' id='line_1_68' title="bbox 252 3718 1957 3798; baseline -0.005 -17"><span class='ocrx_word' id='word_1_529' title='bbox 252 3732 537 3798; x_wconf 87' lang='lat' dir='ltr'><strong>premant.</strong></span> <span class='ocrx_word' id='word_1_530' title='bbox 574 3723 947 3793; x_wconf 90' lang='lat' dir='ltr'><strong>Insurgentes</strong></span> <span class='ocrx_word' id='word_1_531' title='bbox 980 3734 1230 3788; x_wconf 89' lang='lat' dir='ltr'><strong>namque</strong></span> <span class='ocrx_word' id='word_1_532' title='bbox 1254 3718 1452 3773; x_wconf 88' lang='lat' dir='ltr'><strong>hostes</strong></span> <span class='ocrx_word' id='word_1_533' title='bbox 1474 3719 1741 3791; x_wconf 86' lang='lat' dir='ltr'><strong>patiendo</strong></span> <span class='ocrx_word' id='word_1_534' title='bbox 1764 3721 1957 3790; x_wconf 88' lang='lat' dir='ltr'><strong>despi-</strong></span> 
     </span>
    </p>
   </div>
   <div class='ocr_carea' id='block_1_69' title="bbox 254 3809 1960 3880">
    <p class='ocr_par' dir='ltr' id='par_1_69' title="bbox 254 3809 1960 3880">
     <span class='ocr_line' id='line_1_69' title="bbox 254 3809 1960 3880; baseline -0.004 -9"><span class='ocrx_word' id='word_1_535' title='bbox 254 3815 439 3880; x_wconf 89' lang='lat' dir='ltr'><strong>ciunt,</strong></span> <span class='ocrx_word' id='word_1_536' title='bbox 475 3811 842 3868; x_wconf 84' lang='lat' dir='ltr'><strong>inﬁrmantes</strong></span> <span class='ocrx_word' id='word_1_537' title='bbox 872 3825 1002 3864; x_wconf 90' lang='lat' dir='ltr'><strong>vero</strong></span> <span class='ocrx_word' id='word_1_538' title='bbox 1034 3809 1186 3864; x_wconf 89' lang='lat' dir='ltr'><strong>cives</strong></span> <span class='ocrx_word' id='word_1_539' title='bbox 1243 3809 1652 3879; x_wconf 90' lang='lat' dir='ltr'><strong>compatiendo</strong></span> <span class='ocrx_word' id='word_1_540' title='bbox 1685 3811 1752 3863; x_wconf 89' lang='lat' dir='ltr'><strong>ad</strong></span> <span class='ocrx_word' id='word_1_541' title='bbox 1803 3809 1960 3866; x_wconf 89' lang='lat' dir='ltr'><strong>salu-</strong></span> 
     </span>
    </p>
   </div>
   <div class='ocr_carea' id='block_1_70' title="bbox 253 3897 1958 3966">
    <p class='ocr_par' dir='ltr' id='par_1_70' title="bbox 253 3897 1958 3966">
     <span class='ocr_line' id='line_1_70' title="bbox 253 3897 1958 3966; baseline -0.004 -5"><span class='ocrx_word' id='word_1_542' title='bbox 253 3910 370 3961; x_wconf 84' lang='lat' dir='ltr'><strong>tem</strong></span> <span class='ocrx_word' id='word_1_543' title='bbox 407 3904 718 3958; x_wconf 89' lang='lat' dir='ltr'><strong>reducunt:</strong></span> <span class='ocrx_word' id='word_1_544' title='bbox 755 3899 868 3954; x_wconf 90' lang='lat' dir='ltr'><strong>illis</strong></span> <span class='ocrx_word' id='word_1_545' title='bbox 894 3898 1193 3965; x_wconf 89' lang='lat' dir='ltr'><strong>resistunt,</strong></span> <span class='ocrx_word' id='word_1_546' title='bbox 1219 3914 1289 3952; x_wconf 88' lang='lat' dir='ltr'><strong>ne</strong></span> <span class='ocrx_word' id='word_1_547' title='bbox 1313 3902 1370 3952; x_wconf 91' lang='lat' dir='ltr'><strong>et</strong></span> <span class='ocrx_word' id='word_1_548' title='bbox 1393 3897 1536 3953; x_wconf 90' lang='lat' dir='ltr'><strong>alios</strong></span> <span class='ocrx_word' id='word_1_549' title='bbox 1577 3899 1958 3966; x_wconf 87' lang='lat' dir='ltr'><strong>subtrahant;</strong></span> 
     </span>
    </p>
   </div>
   <div class='ocr_carea' id='block_1_71' title="bbox 254 3988 1961 4068">
    <p class='ocr_par' dir='ltr' id='par_1_71' title="bbox 254 3988 1961 4068">
     <span class='ocr_line' id='line_1_71' title="bbox 254 3988 1961 4068; baseline -0.002 -19"><span class='ocrx_word' id='word_1_550' title='bbox 254 3996 327 4068; x_wconf 72' lang='grc' dir='ltr'><strong>(ε)</strong></span> <span class='ocrx_word' id='word_1_551' title='bbox 351 3995 484 4051; x_wconf 88' lang='lat' dir='ltr'><strong>istis</strong></span> <span class='ocrx_word' id='word_1_552' title='bbox 517 3993 808 4055; x_wconf 87' lang='lat' dir='ltr'><strong>metuunt,</strong></span> <span class='ocrx_word' id='word_1_553' title='bbox 843 4007 915 4045; x_wconf 89' lang='lat' dir='ltr'><strong>ne</strong></span> <span class='ocrx_word' id='word_1_554' title='bbox 946 3989 1124 4044; x_wconf 90' lang='lat' dir='ltr'><strong>vitam</strong></span> <span class='ocrx_word' id='word_1_555' title='bbox 1150 3988 1518 4044; x_wconf 88' lang='lat' dir='ltr'><strong>rectitudinis</strong></span> <span class='ocrx_word' id='word_1_556' title='bbox 1543 3989 1806 4045; x_wconf 89' lang='lat' dir='ltr'><strong>funditus</strong></span> <span class='ocrx_word' id='word_1_557' title='bbox 1829 4007 1961 4062; x_wconf 85' lang='lat' dir='ltr'><strong>per-</strong></span> 
     </span>
    </p>
   </div>
   <div class='ocr_carea' id='block_1_72' title="bbox 257 4087 415 4140">
    <p class='ocr_par' dir='ltr' id='par_1_72' title="bbox 257 4087 415 4140">
     <span class='ocr_line' id='line_1_72' title="bbox 257 4087 415 4140; baseline -0.019 -1"><span class='ocrx_word' id='word_1_558' title='bbox 257 4087 415 4140; x_wconf 63' lang='lat' dir='ltr'><strong>dant</strong></span> 
     </span>
    </p>
   </div>
   <div class='ocr_carea' id='block_1_73' title="bbox 330 4165 1963 4244">
    <p class='ocr_par' dir='ltr' id='par_1_73' title="bbox 330 4165 1963 4244">
     <span class='ocr_line' id='line_1_73' title="bbox 330 4165 1963 4244; baseline -0.006 -16"><span class='ocrx_word' id='word_1_559' title='bbox 330 4174 472 4244; x_wconf 81' lang='lat' dir='ltr'><strong>[Rec.</strong></span> <span class='ocrx_word' id='word_1_560' title='bbox 504 4170 653 4240; x_wconf 77' lang='lat' dir='ltr'><strong>XII.)</strong></span> <span class='ocrx_word' id='word_1_561' title='bbox 689 4169 775 4223; x_wconf 77' lang='grc'><strong>40.</strong></span> <span class='ocrx_word' id='word_1_562' title='bbox 808 4167 870 4221; x_wconf 87' lang='lat' dir='ltr'><strong>Id</strong></span> <span class='ocrx_word' id='word_1_563' title='bbox 902 4168 1152 4237; x_wconf 76' lang='lat' dir='ltr'><strong>exemplo</strong></span> <span class='ocrx_word' id='word_1_564' title='bbox 1192 4165 1370 4221; x_wconf 84' lang='lat' dir='ltr'><strong>sancti</strong></span> <span class='ocrx_word' id='word_1_565' title='bbox 1427 4166 1595 4220; x_wconf 85' lang='lat' dir='ltr'><strong>Pauli</strong></span> <span class='ocrx_word' id='word_1_566' title='bbox 1647 4169 1963 4238; x_wconf 84' lang='lat' dir='ltr'><strong>comproba-</strong></span> 
     </span>
    </p>
   </div>
   <div class='ocr_carea' id='block_1_74' title="bbox 256 4255 1963 4329">
    <p class='ocr_par' dir='ltr' id='par_1_74' title="bbox 256 4255 1963 4329">
     <span class='ocr_line' id='line_1_74' title="bbox 256 4255 1963 4329; baseline -0.004 -11"><span class='ocrx_word' id='word_1_567' title='bbox 256 4272 444 4318; x_wconf 86' lang='lat' dir='ltr'><strong>tur.—</strong></span> <span class='ocrx_word' id='word_1_568' title='bbox 458 4261 777 4315; x_wconf 86' lang='lat' dir='ltr'><strong>Videamus</strong></span> <span class='ocrx_word' id='word_1_569' title='bbox 793 4262 1111 4313; x_wconf 87' lang='lat' dir='ltr'><strong>castrorum</strong></span> <span class='ocrx_word' id='word_1_570' title='bbox 1130 4256 1229 4311; x_wconf 89' lang='lat' dir='ltr'><strong>Dei</strong></span> <span class='ocrx_word' id='word_1_571' title='bbox 1244 4255 1485 4310; x_wconf 86' lang='lat' dir='ltr'><strong>militem</strong></span> <span class='ocrx_word' id='word_1_572' title='bbox 1503 4261 1702 4311; x_wconf 86' lang='lat' dir='ltr'><strong>contra</strong></span> <span class='ocrx_word' id='word_1_573' title='bbox 1719 4263 1963 4329; x_wconf 88' lang='lat' dir='ltr'><strong>utraque</strong></span> 
     </span>
    </p>
   </div>
   <div class='ocr_carea' id='block_1_75' title="bbox 257 4346 1961 4421">
    <p class='ocr_par' dir='ltr' id='par_1_75' title="bbox 257 4346 1961 4421">
     <span class='ocr_line' id='line_1_75' title="bbox 257 4346 1961 4421; baseline -0.002 -17"><span class='ocrx_word' id='word_1_574' title='bbox 257 4350 638 4421; x_wconf 85' lang='lat' dir='ltr'><strong>praeliantem.</strong></span> <span class='ocrx_word' id='word_1_575' title='bbox 673 4349 767 4402; x_wconf 80' lang='lat' dir='ltr'><strong>Ait</strong></span> <span class='ocrx_word' id='word_1_576' title='bbox 801 4364 812 4399; x_wconf 92' lang='lat'>:</span> <span class='ocrx_word' id='word_1_577' title='bbox 851 4349 996 4402; x_wconf 84' lang='lat' dir='ltr'><strong>Foris</strong></span> <span class='ocrx_word' id='word_1_578' title='bbox 1053 4360 1274 4417; x_wconf 68' lang='lat' dir='ltr'><strong>pugnae,</strong></span> <span class='ocrx_word' id='word_1_579' title='bbox 1332 4347 1479 4399; x_wconf 88' lang='lat' dir='ltr'><strong>intus</strong></span> <span class='ocrx_word' id='word_1_580' title='bbox 1529 4346 1774 4400; x_wconf 85' lang='lat' dir='ltr'><strong>timores.</strong></span> <span class='ocrx_word' id='word_1_581' title='bbox 1808 4346 1961 4401; x_wconf 87' lang='lat' dir='ltr'><strong>Enu-</strong></span> 
     </span>
    </p>
   </div>
   <div class='ocr_carea' id='block_1_76' title="bbox 2067 3178 3773 3250">
    <p class='ocr_par' dir='ltr' id='par_1_76' title="bbox 2067 3178 3773 3250">
     <span class='ocr_line' id='line_1_76' title="bbox 2067 3178 3773 3250; baseline 0.001 -16"><span class='ocrx_word' id='word_1_582' title='bbox 2067 3180 2228 3234; x_wconf 90' lang='lat' dir='ltr'><strong>illinc</strong></span> <span class='ocrx_word' id='word_1_583' title='bbox 2251 3179 2469 3250; x_wconf 87' lang='lat' dir='ltr'><strong>jaculis</strong></span> <span class='ocrx_word' id='word_1_584' title='bbox 2502 3179 2869 3234; x_wconf 89' lang='lat' dir='ltr'><strong>adversantia</strong></span> <span class='ocrx_word' id='word_1_585' title='bbox 2899 3183 3134 3250; x_wconf 90' lang='lat' dir='ltr'><strong>pectora</strong></span> <span class='ocrx_word' id='word_1_586' title='bbox 3164 3178 3398 3244; x_wconf 87' lang='lat' dir='ltr'><strong>feriunt,</strong></span> <span class='ocrx_word' id='word_1_587' title='bbox 3438 3179 3573 3234; x_wconf 90' lang='lat' dir='ltr'><strong>hinc</strong></span> <span class='ocrx_word' id='word_1_588' title='bbox 3605 3186 3773 3236; x_wconf 89' lang='lat' dir='ltr'><strong>scuto</strong></span> 
     </span>
    </p>
   </div>
   <div class='ocr_carea' id='block_1_77' title="bbox 2066 3267 3774 3342">
    <p class='ocr_par' dir='ltr' id='par_1_77' title="bbox 2066 3267 3774 3342">
     <span class='ocr_line' id='line_1_77' title="bbox 2066 3267 3774 3342; baseline 0.001 -17"><span class='ocrx_word' id='word_1_589' title='bbox 2066 3270 2425 3342; x_wconf 81' lang='lat' dir='ltr'><strong>postpositus</strong></span> <span class='ocrx_word' id='word_1_590' title='bbox 2457 3267 2678 3323; x_wconf 87' lang='lat' dir='ltr'><strong>debiles</strong></span> <span class='ocrx_word' id='word_1_591' title='bbox 2710 3272 2974 3334; x_wconf 89' lang='lat' dir='ltr'><strong>tuentur,</strong></span> <span class='ocrx_word' id='word_1_592' title='bbox 3012 3273 3187 3339; x_wconf 89' lang='lat' dir='ltr'><strong>atque</strong></span> <span class='ocrx_word' id='word_1_593' title='bbox 3228 3269 3309 3323; x_wconf 89' lang='lat' dir='ltr'><strong>ita</strong></span> <span class='ocrx_word' id='word_1_594' title='bbox 3341 3268 3641 3338; x_wconf 90' lang='lat' dir='ltr'><strong>utrobique</strong></span> <span class='ocrx_word' id='word_1_595' title='bbox 3681 3287 3774 3327; x_wconf 88' lang='lat' dir='ltr'><strong>ve-</strong></span> 
     </span>
    </p>
   </div>
   <div class='ocr_carea' id='block_1_78' title="bbox 2069 3357 3773 3430">
    <p class='ocr_par' dir='ltr' id='par_1_78' title="bbox 2069 3357 3773 3430">
     <span class='ocr_line' id='line_1_78' title="bbox 2069 3357 3773 3430; baseline 0.001 -15"><span class='ocrx_word' id='word_1_596' title='bbox 2069 3361 2291 3416; x_wconf 89' lang='lat' dir='ltr'><strong>locitate</strong></span> <span class='ocrx_word' id='word_1_597' title='bbox 2322 3357 2862 3429; x_wconf 87' lang='lat' dir='ltr'><strong>circumspectionis</strong></span> <span class='ocrx_word' id='word_1_598' title='bbox 2892 3358 3227 3429; x_wconf 88' lang='lat' dir='ltr'><strong>invigilant;</strong></span> <span class='ocrx_word' id='word_1_599' title='bbox 3252 3364 3541 3430; x_wconf 89' lang='lat' dir='ltr'><strong>quatenus</strong></span> <span class='ocrx_word' id='word_1_600' title='bbox 3559 3365 3614 3415; x_wconf 90' lang='lat' dir='ltr'><strong>et</strong></span> <span class='ocrx_word' id='word_1_601' title='bbox 3634 3366 3773 3417; x_wconf 82' lang='lat' dir='ltr'><strong>ante</strong></span> 
     </span>
    </p>
   </div>
   <div class='ocr_carea' id='block_1_79' title="bbox 2069 3448 3772 3519">
    <p class='ocr_par' dir='ltr' id='par_1_79' title="bbox 2069 3448 3772 3519">
     <span class='ocr_line' id='line_1_79' title="bbox 2069 3448 3772 3519; baseline 0.001 -14"><span class='ocrx_word' id='word_1_602' title='bbox 2069 3467 2130 3505; x_wconf 90' lang='lat' dir='ltr'><strong>se</strong></span> <span class='ocrx_word' id='word_1_603' title='bbox 2147 3451 2397 3505; x_wconf 87' lang='lat' dir='ltr'><strong>audaces</strong></span> <span class='ocrx_word' id='word_1_604' title='bbox 2431 3448 2788 3512; x_wconf 84' lang='lat' dir='ltr'><strong>confodiant,</strong></span> <span class='ocrx_word' id='word_1_605' title='bbox 2823 3453 2879 3504; x_wconf 91' lang='lat' dir='ltr'><strong>et</strong></span> <span class='ocrx_word' id='word_1_606' title='bbox 2911 3453 3036 3518; x_wconf 88' lang='lat' dir='ltr'><strong>post</strong></span> <span class='ocrx_word' id='word_1_607' title='bbox 3083 3465 3145 3504; x_wconf 85' lang='lat' dir='ltr'><strong>se</strong></span> <span class='ocrx_word' id='word_1_608' title='bbox 3176 3449 3435 3519; x_wconf 86' lang='lat' dir='ltr'><strong>trepidos</strong></span> <span class='ocrx_word' id='word_1_609' title='bbox 3465 3466 3498 3505; x_wconf 86' lang='lat' dir='ltr'><strong>a</strong></span> <span class='ocrx_word' id='word_1_610' title='bbox 3533 3449 3772 3507; x_wconf 80' lang='lat' dir='ltr'><strong>vulnere</strong></span> 
     </span>
    </p>
   </div>
   <div class='ocr_carea' id='block_1_80' title="bbox 2068 3536 3778 3608">
    <p class='ocr_par' dir='ltr' id='par_1_80' title="bbox 2068 3536 3778 3608">
     <span class='ocr_line' id='line_1_80' title="bbox 2068 3536 3778 3608; baseline 0.001 -14"><span class='ocrx_word' id='word_1_611' title='bbox 2068 3539 2401 3594; x_wconf 89' lang='lat' dir='ltr'><strong>detendant.</strong></span> <span class='ocrx_word' id='word_1_612' title='bbox 2435 3537 2577 3603; x_wconf 88' lang='lat' dir='ltr'><strong>Quia</strong></span> <span class='ocrx_word' id='word_1_613' title='bbox 2608 3537 2785 3608; x_wconf 87' lang='lat' dir='ltr'><strong>igitur</strong></span> <span class='ocrx_word' id='word_1_614' title='bbox 2817 3536 3004 3592; x_wconf 88' lang='lat' dir='ltr'><strong>sancti</strong></span> <span class='ocrx_word' id='word_1_615' title='bbox 3037 3536 3141 3592; x_wconf 83' lang='lat' dir='ltr'><strong>viri</strong></span> <span class='ocrx_word' id='word_1_616' title='bbox 3172 3537 3258 3591; x_wconf 84' lang='lat' dir='ltr'><strong>sic</strong></span> <span class='ocrx_word' id='word_1_617' title='bbox 3288 3537 3479 3592; x_wconf 88' lang='lat' dir='ltr'><strong>sciunt</strong></span> <span class='ocrx_word' id='word_1_618' title='bbox 3503 3538 3641 3594; x_wconf 91' lang='lat' dir='ltr'><strong>foris</strong></span> <span class='ocrx_word' id='word_1_619' title='bbox 3673 3541 3778 3595; x_wconf 79' lang='lat' dir='ltr'><strong>ad-</strong></span> 
     </span>
    </p>
   </div>
   <div class='ocr_carea' id='block_1_81' title="bbox 2066 3625 3774 3697">
    <p class='ocr_par' dir='ltr' id='par_1_81' title="bbox 2066 3625 3774 3697">
     <span class='ocr_line' id='line_1_81' title="bbox 2066 3625 3774 3697; baseline 0.002 -16"><span class='ocrx_word' id='word_1_620' title='bbox 2066 3644 2234 3682; x_wconf 89' lang='lat' dir='ltr'><strong>versa</strong></span> <span class='ocrx_word' id='word_1_621' title='bbox 2257 3627 2518 3686; x_wconf 84' lang='lat' dir='ltr'><strong>tolerare,</strong></span> <span class='ocrx_word' id='word_1_622' title='bbox 2545 3630 2606 3680; x_wconf 92' lang='lat' dir='ltr'><strong>ut</strong></span> <span class='ocrx_word' id='word_1_623' title='bbox 2636 3628 2793 3680; x_wconf 86' lang='lat' dir='ltr'><strong>intus</strong></span> <span class='ocrx_word' id='word_1_624' title='bbox 2826 3625 2995 3681; x_wconf 91' lang='lat' dir='ltr'><strong>etiam</strong></span> <span class='ocrx_word' id='word_1_625' title='bbox 3028 3627 3292 3681; x_wconf 89' lang='lat' dir='ltr'><strong>noverint</strong></span> <span class='ocrx_word' id='word_1_626' title='bbox 3323 3643 3592 3697; x_wconf 85' lang='lat' dir='ltr'><strong>perversa</strong></span> <span class='ocrx_word' id='word_1_627' title='bbox 3633 3645 3774 3684; x_wconf 80' lang='lat' dir='ltr'><strong>cor-</strong></span> 
     </span>
    </p>
   </div>
   <div class='ocr_carea' id='block_1_82' title="bbox 2069 3716 3775 3788">
    <p class='ocr_par' dir='ltr' id='par_1_82' title="bbox 2069 3716 3775 3788">
     <span class='ocr_line' id='line_1_82' title="bbox 2069 3716 3775 3788; baseline 0.001 -17"><span class='ocrx_word' id='word_1_628' title='bbox 2069 3717 2274 3788; x_wconf 82' lang='lat' dir='ltr'><strong>rigere,</strong></span> <span class='ocrx_word' id='word_1_629' title='bbox 2309 3717 2538 3770; x_wconf 84' lang='lat' dir='ltr'><strong>dicatur</strong></span> <span class='ocrx_word' id='word_1_630' title='bbox 2589 3719 2739 3770; x_wconf 89' lang='lat' dir='ltr'><strong>recte</strong></span> <span class='ocrx_word' id='word_1_631' title='bbox 2773 3733 2786 3770; x_wconf 88' lang='lat'><strong>;</strong></span> <span class='ocrx_word' id='word_1_632' title='bbox 2821 3716 3024 3770; x_wconf 89' lang='lat' dir='ltr'><strong>Locuta</strong></span> <span class='ocrx_word' id='word_1_633' title='bbox 3068 3731 3119 3770; x_wconf 88' lang='lat' dir='ltr'><strong>es</strong></span> <span class='ocrx_word' id='word_1_634' title='bbox 3147 3717 3306 3786; x_wconf 87' lang='lat' dir='ltr'><strong>quasi</strong></span> <span class='ocrx_word' id='word_1_635' title='bbox 3335 3733 3447 3771; x_wconf 87' lang='lat' dir='ltr'><strong>una</strong></span> <span class='ocrx_word' id='word_1_636' title='bbox 3475 3732 3544 3772; x_wconf 74' lang='lat' dir='ltr'><strong>ea:</strong></span> <span class='ocrx_word' id='word_1_637' title='bbox 3575 3719 3775 3774; x_wconf 85' lang='lat' dir='ltr'><strong>stultis</strong></span> 
     </span>
    </p>
   </div>
   <div class='ocr_carea' id='block_1_83' title="bbox 2069 3806 3768 3882">
    <p class='ocr_par' dir='ltr' id='par_1_83' title="bbox 2069 3806 3768 3882">
     <span class='ocr_line' id='line_1_83' title="bbox 2069 3806 3768 3882; baseline 0.002 -20"><span class='ocrx_word' id='word_1_638' title='bbox 2069 3809 2414 3864; x_wconf 86' lang='lat' dir='ltr'><strong>mulieribus.</strong></span> <span class='ocrx_word' id='word_1_639' title='bbox 2448 3806 2591 3869; x_wconf 89' lang='lat' dir='ltr'><strong>Quia</strong></span> <span class='ocrx_word' id='word_1_640' title='bbox 2621 3808 2772 3861; x_wconf 86' lang='lat' dir='ltr'><strong>enim</strong></span> <span class='ocrx_word' id='word_1_641' title='bbox 2804 3806 3002 3862; x_wconf 83' lang='lat' dir='ltr'><strong>electis</strong></span> <span class='ocrx_word' id='word_1_642' title='bbox 3035 3806 3284 3863; x_wconf 88' lang='lat' dir='ltr'><strong>dicitur:</strong></span> <span class='ocrx_word' id='word_1_643' title='bbox 3318 3809 3566 3864; x_wconf 84' lang='lat' dir='ltr'><strong>Viriliter</strong></span> <span class='ocrx_word' id='word_1_644' title='bbox 3589 3813 3768 3882; x_wconf 75' lang='lat' dir='ltr'><strong>agite,</strong></span> 
     </span>
    </p>
   </div>
   <div class='ocr_carea' id='block_1_84' title="bbox 2069 3897 3775 3967">
    <p class='ocr_par' dir='ltr' id='par_1_84' title="bbox 2069 3897 3775 3967">
     <span class='ocr_line' id='line_1_84' title="bbox 2069 3897 3775 3967; baseline 0.002 -14"><span class='ocrx_word' id='word_1_645' title='bbox 2069 3907 2120 3953; x_wconf 90' lang='lat' dir='ltr'><strong>et</strong></span> <span class='ocrx_word' id='word_1_646' title='bbox 2163 3902 2499 3967; x_wconf 82' lang='lat' dir='ltr'><strong>con/artetur</strong></span> <span class='ocrx_word' id='word_1_647' title='bbox 2538 3912 2629 3951; x_wconf 92' lang='lat' dir='ltr'><strong>cor</strong></span> <span class='ocrx_word' id='word_1_648' title='bbox 2671 3903 2910 3950; x_wconf 84' lang='lat' dir='ltr'><strong>vestrum</strong></span> <span class='ocrx_word' id='word_1_649' title='bbox 2953 3897 3182 3966; x_wconf 89' lang='lat' dir='ltr'><strong>(Psalm.</strong></span> <span class='ocrx_word' id='word_1_650' title='bbox 3225 3913 3357 3966; x_wconf 82' lang='lat' dir='ltr'><strong>xxx,</strong></span> <span class='ocrx_word' id='word_1_651' title='bbox 3397 3899 3511 3966; x_wconf 86' lang='lat'><strong>25),</strong></span> <span class='ocrx_word' id='word_1_652' title='bbox 3547 3907 3775 3956; x_wconf 89' lang='lat' dir='ltr'><strong>mentes</strong></span> 
     </span>
    </p>
   </div>
   <div class='ocr_carea' id='block_1_85' title="bbox 2070 3985 3766 4057">
    <p class='ocr_par' dir='ltr' id='par_1_85' title="bbox 2070 3985 3766 4057">
     <span class='ocr_line' id='line_1_85' title="bbox 2070 3985 3766 4057; baseline 0.001 -14"><span class='ocrx_word' id='word_1_653' title='bbox 2070 3987 2416 4054; x_wconf 87' lang='lat' dir='ltr'><strong>carnalium,</strong></span> <span class='ocrx_word' id='word_1_654' title='bbox 2451 4003 2575 4056; x_wconf 84' lang='lat' dir='ltr'><strong>quae</strong></span> <span class='ocrx_word' id='word_1_655' title='bbox 2608 3985 2761 4040; x_wconf 85' lang='lat' dir='ltr'><strong>fluxa</strong></span> <span class='ocrx_word' id='word_1_656' title='bbox 2793 3986 2907 4041; x_wconf 90' lang='lat' dir='ltr'><strong>Deo</strong></span> <span class='ocrx_word' id='word_1_657' title='bbox 2929 3986 3250 4042; x_wconf 88' lang='lat' dir='ltr'><strong>intentione</strong></span> <span class='ocrx_word' id='word_1_658' title='bbox 3272 3987 3627 4057; x_wconf 88' lang='lat' dir='ltr'><strong>deserviunt,</strong></span> <span class='ocrx_word' id='word_1_659' title='bbox 3654 4005 3766 4044; x_wconf 92' lang='lat' dir='ltr'><strong>non</strong></span> 
     </span>
    </p>
   </div>
   <div class='ocr_carea' id='block_1_86' title="bbox 2069 4076 2998 4132">
    <p class='ocr_par' dir='ltr' id='par_1_86' title="bbox 2069 4076 2998 4132">
     <span class='ocr_line' id='line_1_86' title="bbox 2069 4076 2998 4132; baseline -0.002 0"><span class='ocrx_word' id='word_1_660' title='bbox 2069 4076 2362 4132; x_wconf 90' lang='lat' dir='ltr'><strong>immerito</strong></span> <span class='ocrx_word' id='word_1_661' title='bbox 2396 4076 2670 4130; x_wconf 89' lang='lat' dir='ltr'><strong>mulieres</strong></span> <span class='ocrx_word' id='word_1_662' title='bbox 2700 4080 2998 4130; x_wconf 84' lang='lat' dir='ltr'><strong>vocantur.</strong></span> 
     </span>
    </p>
   </div>
   <div class='ocr_carea' id='block_1_87' title="bbox 2143 4165 3774 4237">
    <p class='ocr_par' dir='ltr' id='par_1_87' title="bbox 2143 4165 3774 4237">
     <span class='ocr_line' id='line_1_87' title="bbox 2143 4165 3774 4237; baseline 0.001 -16"><span class='ocrx_word' id='word_1_663' title='bbox 2143 4169 2229 4222; x_wconf 79' lang='grc'><strong>41.</strong></span> <span class='ocrx_word' id='word_1_664' title='bbox 2266 4167 2345 4220; x_wconf 81' lang='lat' dir='ltr'><strong>Ad</strong></span> <span class='ocrx_word' id='word_1_665' title='bbox 2381 4173 2592 4221; x_wconf 65' lang='lat' dir='ltr'><strong>aeterna</strong></span> <span class='ocrx_word' id='word_1_666' title='bbox 2642 4165 2780 4219; x_wconf 88' lang='lat' dir='ltr'><strong>bona</strong></span> <span class='ocrx_word' id='word_1_667' title='bbox 2830 4165 3073 4234; x_wconf 89' lang='lat' dir='ltr'><strong>tendens,</strong></span> <span class='ocrx_word' id='word_1_668' title='bbox 3115 4182 3225 4220; x_wconf 90' lang='lat' dir='ltr'><strong>non</strong></span> <span class='ocrx_word' id='word_1_669' title='bbox 3273 4182 3414 4237; x_wconf 77' lang='lat' dir='ltr'><strong>aegre</strong></span> <span class='ocrx_word' id='word_1_670' title='bbox 3459 4169 3569 4227; x_wconf 85' lang='lat' dir='ltr'><strong>fert</strong></span> <span class='ocrx_word' id='word_1_671' title='bbox 3621 4171 3774 4223; x_wconf 85' lang='lat' dir='ltr'><strong>mala</strong></span> 
     </span>
    </p>
   </div>
   <div class='ocr_carea' id='block_1_88' title="bbox 2073 4253 3772 4327">
    <p class='ocr_par' dir='ltr' id='par_1_88' title="bbox 2073 4253 3772 4327">
     <span class='ocr_line' id='line_1_88' title="bbox 2073 4253 3772 4327; baseline 0.001 -16"><span class='ocrx_word' id='word_1_672' title='bbox 2073 4255 2413 4326; x_wconf 83' lang='lat' dir='ltr'><strong>temporalia.</strong></span> <span class='ocrx_word' id='word_1_673' title='bbox 2445 4285 2514 4294; x_wconf 91' lang='lat'><strong>-—-</strong></span> <span class='ocrx_word' id='word_1_674' title='bbox 2561 4253 2621 4308; x_wconf 87' lang='lat' dir='ltr'><strong>Si</strong></span> <span class='ocrx_word' id='word_1_675' title='bbox 2659 4253 2799 4308; x_wconf 89' lang='lat' dir='ltr'><strong>bona</strong></span> <span class='ocrx_word' id='word_1_676' title='bbox 2846 4258 3160 4318; x_wconf 80' lang='lat' dir='ltr'><strong>accepimus</strong></span> <span class='ocrx_word' id='word_1_677' title='bbox 3207 4255 3270 4310; x_wconf 88' lang='lat' dir='ltr'><strong>de</strong></span> <span class='ocrx_word' id='word_1_678' title='bbox 3325 4273 3498 4311; x_wconf 89' lang='lat' dir='ltr'><strong>manu</strong></span> <span class='ocrx_word' id='word_1_679' title='bbox 3535 4259 3772 4327; x_wconf 84' lang='lat' dir='ltr'><strong>Domini,</strong></span> 
     </span>
    </p>
   </div>
   <div class='ocr_carea' id='block_1_89' title="bbox 2071 4344 3774 4414">
    <p class='ocr_par' dir='ltr' id='par_1_89' title="bbox 2071 4344 3774 4414">
     <span class='ocr_line' id='line_1_89' title="bbox 2071 4344 3774 4414; baseline 0 -13"><span class='ocrx_word' id='word_1_680' title='bbox 2071 4345 2222 4401; x_wconf 83' lang='lat' dir='ltr'><strong>mala</strong></span> <span class='ocrx_word' id='word_1_681' title='bbox 2253 4360 2421 4414; x_wconf 91' lang='lat' dir='ltr'><strong>quare</strong></span> <span class='ocrx_word' id='word_1_682' title='bbox 2446 4359 2556 4399; x_wconf 80' lang='lat' dir='ltr'><strong>non</strong></span> <span class='ocrx_word' id='word_1_683' title='bbox 2584 4346 2954 4398; x_wconf 83' lang='lat' dir='ltr'><strong>sustineamus</strong></span> <span class='ocrx_word' id='word_1_684' title='bbox 2980 4347 3103 4399; x_wconf 89' lang='lat' dir='ltr'><strong>?Ac</strong></span> <span class='ocrx_word' id='word_1_685' title='bbox 3136 4344 3184 4399; x_wconf 90' lang='lat' dir='ltr'><strong>si</strong></span> <span class='ocrx_word' id='word_1_686' title='bbox 3212 4345 3365 4399; x_wconf 87' lang='lat' dir='ltr'><strong>dicat</strong></span> <span class='ocrx_word' id='word_1_687' title='bbox 3398 4362 3410 4400; x_wconf 93' lang='lat'>:</span> <span class='ocrx_word' id='word_1_688' title='bbox 3444 4346 3502 4401; x_wconf 90' lang='lat' dir='ltr'><strong>Si</strong></span> <span class='ocrx_word' id='word_1_689' title='bbox 3527 4349 3594 4400; x_wconf 89' lang='lat' dir='ltr'><strong>ad</strong></span> <span class='ocrx_word' id='word_1_690' title='bbox 3621 4348 3774 4402; x_wconf 86' lang='lat' dir='ltr'><strong>bona</strong></span> 
     </span>
    </p>
   </div>
   <div class='ocr_carea' id='block_1_90' title="bbox 260 4434 3778 4535">
    <p class='ocr_par' dir='ltr' id='par_1_90' title="bbox 260 4434 3778 4535">
     <span class='ocr_line' id='line_1_90' title="bbox 260 4434 3778 4535; baseline -0.001 -41"><span class='ocrx_word' id='word_1_691' title='bbox 260 4444 448 4494; x_wconf 79' lang='lat' dir='ltr'><strong>meret</strong></span> <span class='ocrx_word' id='word_1_692' title='bbox 477 4436 652 4503; x_wconf 90' lang='lat' dir='ltr'><strong>bella,</strong></span> <span class='ocrx_word' id='word_1_693' title='bbox 685 4453 810 4506; x_wconf 70' lang='lat' dir='ltr'><strong>qua:</strong></span> <span class='ocrx_word' id='word_1_694' title='bbox 855 4438 1210 4490; x_wconf 82' lang='lat' dir='ltr'><strong>extrinsecus</strong></span> <span class='ocrx_word' id='word_1_695' title='bbox 1259 4436 1488 4501; x_wconf 87' lang='lat' dir='ltr'><strong>tolerat,</strong></span> <span class='ocrx_word' id='word_1_696' title='bbox 1531 4435 1759 4489; x_wconf 88' lang='lat' dir='ltr'><strong>dicens:</strong></span> <span class='ocrx_word' id='word_1_697' title='bbox 1800 4436 1963 4491; x_wconf 89' lang='lat' dir='ltr'><strong>Peri-</strong></span> <span class='ocrx_word' id='word_1_698' title='bbox 1996 4472 2042 4535; x_wconf 66' lang='grc' dir='ltr'><strong>Β</strong></span> <span class='ocrx_word' id='word_1_699' title='bbox 2073 4442 2290 4490; x_wconf 68' lang='lat' dir='ltr'><strong>aeterna</strong></span> <span class='ocrx_word' id='word_1_700' title='bbox 2347 4435 2666 4500; x_wconf 88' lang='lat' dir='ltr'><strong>tendimus,</strong></span> <span class='ocrx_word' id='word_1_701' title='bbox 2703 4435 2842 4504; x_wconf 90' lang='lat' dir='ltr'><strong>quid</strong></span> <span class='ocrx_word' id='word_1_702' title='bbox 2880 4434 3095 4488; x_wconf 89' lang='lat' dir='ltr'><strong>mirum</strong></span> <span class='ocrx_word' id='word_1_703' title='bbox 3155 4436 3203 4488; x_wconf 88' lang='lat' dir='ltr'><strong>si</strong></span> <span class='ocrx_word' id='word_1_704' title='bbox 3262 4436 3589 4505; x_wconf 87' lang='lat' dir='ltr'><strong>temporalia</strong></span> <span class='ocrx_word' id='word_1_705' title='bbox 3618 4437 3778 4492; x_wconf 86' lang='lat' dir='ltr'><strong>mala</strong></span> 
     </span>
    </p>
   </div>
   <div class='ocr_carea' id='block_1_91' title="bbox 258 4524 1957 4594">
    <p class='ocr_par' dir='ltr' id='par_1_91' title="bbox 258 4524 1957 4594">
     <span class='ocr_line' id='line_1_91' title="bbox 258 4524 1957 4594; baseline -0.002 -11"><span class='ocrx_word' id='word_1_706' title='bbox 258 4528 395 4582; x_wconf 88' lang='lat' dir='ltr'><strong>culis</strong></span> <span class='ocrx_word' id='word_1_707' title='bbox 427 4525 744 4594; x_wconf 81' lang='lat' dir='ltr'><strong>ﬂuminum.</strong></span> <span class='ocrx_word' id='word_1_708' title='bbox 770 4524 1028 4592; x_wconf 85' lang='lat' dir='ltr'><strong>periculis</strong></span> <span class='ocrx_word' id='word_1_709' title='bbox 1052 4525 1346 4590; x_wconf 86' lang='lat' dir='ltr'><strong>latronum,</strong></span> <span class='ocrx_word' id='word_1_710' title='bbox 1377 4524 1639 4594; x_wconf 80' lang='lat' dir='ltr'><strong>periculis</strong></span> <span class='ocrx_word' id='word_1_711' title='bbox 1661 4540 1730 4578; x_wconf 74' lang='lat' dir='ltr'><strong>ex</strong></span> <span class='ocrx_word' id='word_1_712' title='bbox 1747 4541 1957 4594; x_wconf 89' lang='lat' dir='ltr'><strong>genere,</strong></span> 
     </span>
    </p>
   </div>
   <div class='ocr_carea' id='block_1_92' title="bbox 255 4614 1959 4690">
    <p class='ocr_par' dir='ltr' id='par_1_92' title="bbox 255 4614 1959 4690">
     <span class='ocr_line' id='line_1_92' title="bbox 255 4614 1959 4690; baseline -0.002 -19"><span class='ocrx_word' id='word_1_713' title='bbox 255 4617 519 4690; x_wconf 74' lang='lat' dir='ltr'><strong>periculis</strong></span> <span class='ocrx_word' id='word_1_714' title='bbox 551 4630 619 4669; x_wconf 76' lang='lat' dir='ltr'><strong>ea:</strong></span> <span class='ocrx_word' id='word_1_715' title='bbox 649 4614 916 4682; x_wconf 88' lang='lat' dir='ltr'><strong>gentibus,</strong></span> <span class='ocrx_word' id='word_1_716' title='bbox 941 4614 1204 4682; x_wconf 83' lang='lat' dir='ltr'><strong>periculis</strong></span> <span class='ocrx_word' id='word_1_717' title='bbox 1236 4615 1289 4666; x_wconf 91' lang='lat' dir='ltr'><strong>in</strong></span> <span class='ocrx_word' id='word_1_718' title='bbox 1323 4615 1569 4680; x_wconf 85' lang='lat' dir='ltr'><strong>civitate,</strong></span> <span class='ocrx_word' id='word_1_719' title='bbox 1595 4615 1858 4684; x_wconf 85' lang='lat' dir='ltr'><strong>periculis</strong></span> <span class='ocrx_word' id='word_1_720' title='bbox 1901 4618 1959 4670; x_wconf 88' lang='lat' dir='ltr'><strong>in</strong></span> 
     </span>
    </p>
   </div>
   <div class='ocr_carea' id='block_1_93' title="bbox 257 4704 1960 4774">
    <p class='ocr_par' dir='ltr' id='par_1_93' title="bbox 257 4704 1960 4774">
     <span class='ocr_line' id='line_1_93' title="bbox 257 4704 1960 4774; baseline -0.004 -10"><span class='ocrx_word' id='word_1_721' title='bbox 257 4707 578 4773; x_wconf 83' lang='lat' dir='ltr'><strong>solitudine,</strong></span> <span class='ocrx_word' id='word_1_722' title='bbox 610 4704 871 4773; x_wconf 88' lang='lat' dir='ltr'><strong>periculis</strong></span> <span class='ocrx_word' id='word_1_723' title='bbox 902 4705 962 4757; x_wconf 89' lang='lat' dir='ltr'><strong>in</strong></span> <span class='ocrx_word' id='word_1_724' title='bbox 991 4705 1155 4768; x_wconf 86' lang='lat' dir='ltr'><strong>mari,</strong></span> <span class='ocrx_word' id='word_1_725' title='bbox 1185 4705 1447 4774; x_wconf 85' lang='lat' dir='ltr'><strong>periculis</strong></span> <span class='ocrx_word' id='word_1_726' title='bbox 1478 4707 1532 4758; x_wconf 84' lang='lat' dir='ltr'><strong>in</strong></span> <span class='ocrx_word' id='word_1_727' title='bbox 1560 4705 1725 4774; x_wconf 81' lang='lat' dir='ltr'><strong>falsis</strong></span> <span class='ocrx_word' id='word_1_728' title='bbox 1752 4707 1960 4772; x_wconf 81' lang='lat' dir='ltr'><strong>fratri-</strong></span> 
     </span>
    </p>
   </div>
   <div class='ocr_carea' id='block_1_94' title="bbox 263 4792 1958 4865">
    <p class='ocr_par' dir='ltr' id='par_1_94' title="bbox 263 4792 1958 4865">
     <span class='ocr_line' id='line_1_94' title="bbox 263 4792 1958 4865; baseline -0.004 -10"><span class='ocrx_word' id='word_1_729' title='bbox 263 4802 359 4856; x_wconf 88' lang='lat' dir='ltr'><strong>bus</strong></span> <span class='ocrx_word' id='word_1_730' title='bbox 392 4795 472 4865; x_wconf 85' lang='grc' dir='ltr'><strong>(ΙΙ</strong></span> <span class='ocrx_word' id='word_1_731' title='bbox 503 4796 621 4852; x_wconf 86' lang='lat' dir='ltr'><strong>Cor.</strong></span> <span class='ocrx_word' id='word_1_732' title='bbox 657 4810 752 4860; x_wconf 86' lang='lat' dir='ltr'><strong>vn,</strong></span> <span class='ocrx_word' id='word_1_733' title='bbox 788 4798 816 4846; x_wconf 84' lang='grc'>5</span> <span class='ocrx_word' id='word_1_734' title='bbox 845 4812 859 4863; x_wconf 87' lang='grc'><strong>;</strong></span> <span class='ocrx_word' id='word_1_735' title='bbox 890 4809 968 4859; x_wconf 85' lang='lat' dir='ltr'><strong>x1,</strong></span> <span class='ocrx_word' id='word_1_736' title='bbox 1001 4792 1113 4861; x_wconf 83' lang='lat'><strong>26).</strong></span> <span class='ocrx_word' id='word_1_737' title='bbox 1149 4792 1209 4846; x_wconf 88' lang='lat' dir='ltr'><strong>In</strong></span> <span class='ocrx_word' id='word_1_738' title='bbox 1243 4793 1349 4846; x_wconf 89' lang='lat' dir='ltr'><strong>hoc</strong></span> <span class='ocrx_word' id='word_1_739' title='bbox 1399 4799 1593 4848; x_wconf 90' lang='lat' dir='ltr'><strong>autem</strong></span> <span class='ocrx_word' id='word_1_740' title='bbox 1628 4795 1798 4860; x_wconf 91' lang='lat' dir='ltr'><strong>bello,</strong></span> <span class='ocrx_word' id='word_1_741' title='bbox 1833 4811 1958 4864; x_wconf 69' lang='lat' dir='ltr'><strong>quas</strong></span> 
     </span>
    </p>
   </div>
   <div class='ocr_carea' id='block_1_95' title="bbox 259 4881 1959 4954">
    <p class='ocr_par' dir='ltr' id='par_1_95' title="bbox 259 4881 1959 4954">
     <span class='ocr_line' id='line_1_95' title="bbox 259 4881 1959 4954; baseline -0.005 -7"><span class='ocrx_word' id='word_1_742' title='bbox 259 4898 458 4948; x_wconf 88' lang='lat' dir='ltr'><strong>contra</strong></span> <span class='ocrx_word' id='word_1_743' title='bbox 488 4885 880 4942; x_wconf 88' lang='lat' dir='ltr'><strong>adversarium</strong></span> <span class='ocrx_word' id='word_1_744' title='bbox 915 4881 1144 4952; x_wconf 88' lang='lat' dir='ltr'><strong>spicula</strong></span> <span class='ocrx_word' id='word_1_745' title='bbox 1174 4881 1524 4953; x_wconf 89' lang='lat' dir='ltr'><strong>intorqueat,</strong></span> <span class='ocrx_word' id='word_1_746' title='bbox 1558 4884 1873 4954; x_wconf 86' lang='lat' dir='ltr'><strong>adjungat:</strong></span> <span class='ocrx_word' id='word_1_747' title='bbox 1901 4887 1959 4940; x_wconf 89' lang='lat' dir='ltr'><strong>In</strong></span> 
     </span>
    </p>
   </div>
   <div class='ocr_carea' id='block_1_96' title="bbox 261 4971 1962 5039">
    <p class='ocr_par' dir='ltr' id='par_1_96' title="bbox 261 4971 1962 5039">
     <span class='ocr_line' id='line_1_96' title="bbox 261 4971 1962 5039; baseline -0.004 -6"><span class='ocrx_word' id='word_1_748' title='bbox 261 4980 451 5035; x_wconf 88' lang='lat' dir='ltr'><strong>labore</strong></span> <span class='ocrx_word' id='word_1_749' title='bbox 479 4980 530 5033; x_wconf 83' lang='lat' dir='ltr'><strong>et</strong></span> <span class='ocrx_word' id='word_1_750' title='bbox 559 4990 836 5039; x_wconf 72' lang='lat' dir='ltr'><strong>aerumna,</strong></span> <span class='ocrx_word' id='word_1_751' title='bbox 869 4974 927 5026; x_wconf 87' lang='lat' dir='ltr'><strong>in.</strong></span> <span class='ocrx_word' id='word_1_752' title='bbox 949 4971 1157 5039; x_wconf 88' lang='lat' dir='ltr'><strong>vigiliis</strong></span> <span class='ocrx_word' id='word_1_753' title='bbox 1187 4971 1397 5037; x_wconf 87' lang='lat' dir='ltr'><strong>multis,</strong></span> <span class='ocrx_word' id='word_1_754' title='bbox 1430 4973 1487 5024; x_wconf 87' lang='lat' dir='ltr'><strong>in</strong></span> <span class='ocrx_word' id='word_1_755' title='bbox 1520 4971 1668 5039; x_wconf 79' lang='lat' dir='ltr'><strong>fame</strong></span> <span class='ocrx_word' id='word_1_756' title='bbox 1689 4977 1740 5026; x_wconf 88' lang='lat' dir='ltr'><strong>et</strong></span> <span class='ocrx_word' id='word_1_757' title='bbox 1771 4976 1878 5038; x_wconf 86' lang='lat' dir='ltr'><strong>siti,</strong></span> <span class='ocrx_word' id='word_1_758' title='bbox 1903 4977 1962 5027; x_wconf 84' lang='lat' dir='ltr'><strong>in</strong></span> 
     </span>
    </p>
   </div>
   <div class='ocr_carea' id='block_1_97' title="bbox 253 5057 1961 5139">
    <p class='ocr_par' dir='ltr' id='par_1_97' title="bbox 253 5057 1961 5139">
     <span class='ocr_line' id='line_1_97' title="bbox 253 5057 1961 5139; baseline -0.006 -14"><span class='ocrx_word' id='word_1_759' title='bbox 253 5065 484 5139; x_wconf 80' lang='lat' dir='ltr'><strong>jejuniis</strong></span> <span class='ocrx_word' id='word_1_760' title='bbox 514 5066 728 5130; x_wconf 84' lang='lat' dir='ltr'><strong>multis,</strong></span> <span class='ocrx_word' id='word_1_761' title='bbox 764 5065 818 5118; x_wconf 88' lang='lat' dir='ltr'><strong>in</strong></span> <span class='ocrx_word' id='word_1_762' title='bbox 841 5062 1052 5131; x_wconf 80' lang='lat' dir='ltr'><strong>frigore</strong></span> <span class='ocrx_word' id='word_1_763' title='bbox 1067 5066 1116 5113; x_wconf 90' lang='lat' dir='ltr'><strong>et</strong></span> <span class='ocrx_word' id='word_1_764' title='bbox 1146 5058 1417 5113; x_wconf 86' lang='lat' dir='ltr'><strong>nuditate.</strong></span> <span class='ocrx_word' id='word_1_765' title='bbox 1444 5057 1720 5130; x_wconf 63' lang='lat' dir='ltr'><strong>(Ibidem)</strong></span> <span class='ocrx_word' id='word_1_766' title='bbox 1741 5061 1845 5113; x_wconf 76' lang='lat' dir='ltr'><strong>Sed</strong></span> <span class='ocrx_word' id='word_1_767' title='bbox 1874 5061 1961 5115; x_wconf 83' lang='lat' dir='ltr'><strong>in-</strong></span> 
     </span>
    </p>
   </div>
   <div class='ocr_carea' id='block_1_98' title="bbox 260 5149 1964 5219">
    <p class='ocr_par' dir='ltr' id='par_1_98' title="bbox 260 5149 1964 5219">
     <span class='ocr_line' id='line_1_98' title="bbox 260 5149 1964 5219; baseline -0.004 -8"><span class='ocrx_word' id='word_1_768' title='bbox 260 5161 345 5211; x_wconf 88' lang='lat' dir='ltr'><strong>ter</strong></span> <span class='ocrx_word' id='word_1_769' title='bbox 375 5160 458 5211; x_wconf 89' lang='lat' dir='ltr'><strong>tot</strong></span> <span class='ocrx_word' id='word_1_770' title='bbox 488 5154 808 5212; x_wconf 87' lang='lat' dir='ltr'><strong>certamina</strong></span> <span class='ocrx_word' id='word_1_771' title='bbox 839 5149 1236 5219; x_wconf 81' lang='lat' dir='ltr'><strong>deprehensus</strong></span> <span class='ocrx_word' id='word_1_772' title='bbox 1267 5149 1441 5214; x_wconf 89' lang='lat' dir='ltr'><strong>dicat,</strong></span> <span class='ocrx_word' id='word_1_773' title='bbox 1491 5154 1708 5218; x_wconf 86' lang='lat' dir='ltr'><strong>quanto</strong></span> <span class='ocrx_word' id='word_1_774' title='bbox 1740 5149 1964 5219; x_wconf 87' lang='lat' dir='ltr'><strong>vigilia-</strong></span> 
     </span>
    </p>
   </div>
   <div class='ocr_carea' id='block_1_99' title="bbox 267 5237 1963 5309">
    <p class='ocr_par' dir='ltr' id='par_1_99' title="bbox 267 5237 1963 5309">
     <span class='ocr_line' id='line_1_99' title="bbox 267 5237 1963 5309; baseline -0.003 -11"><span class='ocrx_word' id='word_1_775' title='bbox 267 5259 393 5298; x_wconf 89' lang='lat' dir='ltr'><strong>rum</strong></span> <span class='ocrx_word' id='word_1_776' title='bbox 426 5244 744 5300; x_wconf 90' lang='lat' dir='ltr'><strong>munimine</strong></span> <span class='ocrx_word' id='word_1_777' title='bbox 772 5242 946 5297; x_wconf 88' lang='lat' dir='ltr'><strong>etiam</strong></span> <span class='ocrx_word' id='word_1_778' title='bbox 971 5246 1160 5297; x_wconf 86' lang='lat' dir='ltr'><strong>castra</strong></span> <span class='ocrx_word' id='word_1_779' title='bbox 1181 5239 1490 5296; x_wconf 88' lang='lat' dir='ltr'><strong>custodiat.</strong></span> <span class='ocrx_word' id='word_1_780' title='bbox 1526 5237 1669 5294; x_wconf 88' lang='lat' dir='ltr'><strong>Nam</strong></span> <span class='ocrx_word' id='word_1_781' title='bbox 1694 5238 1963 5309; x_wconf 89' lang='lat' dir='ltr'><strong>protinus</strong></span> 
     </span>
    </p>
   </div>
   <div class='ocr_carea' id='block_1_100' title="bbox 339 5467 1694 5541">
    <p class='ocr_par' dir='ltr' id='par_1_100' title="bbox 339 5467 1694 5541">
     <span class='ocr_line' id='line_1_100' title="bbox 339 5467 1694 5541; baseline -0.001 -19"><span class='ocrx_word' id='word_1_782' title='bbox 339 5471 429 5541; x_wconf 83' lang='lat' dir='ltr'><strong>(a)</strong></span> <span class='ocrx_word' id='word_1_783' title='bbox 457 5469 595 5524; x_wconf 91' lang='lat' dir='ltr'><strong>Mss.</strong></span> <span class='ocrx_word' id='word_1_784' title='bbox 632 5469 808 5541; x_wconf 73' lang='lat' dir='ltr'><strong>plur.,</strong></span> <span class='ocrx_word' id='word_1_785' title='bbox 836 5468 1124 5541; x_wconf 70' lang='lat' dir='ltr'><strong>maledixit</strong></span> <span class='ocrx_word' id='word_1_786' title='bbox 1159 5467 1431 5541; x_wconf 70' lang='lat' dir='ltr'><strong>Christum</strong></span> <span class='ocrx_word' id='word_1_787' title='bbox 1466 5468 1694 5541; x_wconf 78' lang='lat' dir='ltr'><strong>Domini.</strong></span> 
     </span>
    </p>
   </div>
   <div class='ocr_carea' id='block_1_101' title="bbox 338 5538 1967 5613">
    <p class='ocr_par' dir='ltr' id='par_1_101' title="bbox 338 5538 1967 5613">
     <span class='ocr_line' id='line_1_101' title="bbox 338 5538 1967 5613; baseline -0.001 -18"><span class='ocrx_word' id='word_1_788' title='bbox 338 5538 416 5613; x_wconf 80' lang='lat' dir='ltr'><strong>(b)</strong></span> <span class='ocrx_word' id='word_1_789' title='bbox 452 5541 536 5613; x_wconf 84' lang='lat' dir='ltr'><strong>ita</strong></span> <span class='ocrx_word' id='word_1_790' title='bbox 560 5538 1100 5613; x_wconf 74' lang='lat' dir='ltr'><strong>Cp_rb.,duuRhem.</strong></span> <span class='ocrx_word' id='word_1_791' title='bbox 1126 5547 1179 5593; x_wconf 87' lang='lat' dir='ltr'><strong>et</strong></span> <span class='ocrx_word' id='word_1_792' title='bbox 1202 5541 1314 5594; x_wconf 92' lang='lat' dir='ltr'><strong>duo</strong></span> <span class='ocrx_word' id='word_1_793' title='bbox 1331 5539 1555 5607; x_wconf 80' lang='lat' dir='ltr'><strong>Remig.</strong></span> <span class='ocrx_word' id='word_1_794' title='bbox 1573 5539 1731 5613; x_wconf 84' lang='lat' dir='ltr'><strong>Unus</strong></span> <span class='ocrx_word' id='word_1_795' title='bbox 1751 5539 1967 5609; x_wconf 81' lang='lat' dir='ltr'><strong>Remig.</strong></span> 
     </span>
    </p>
   </div>
   <div class='ocr_carea' id='block_1_102' title="bbox 271 5609 1966 5679">
    <p class='ocr_par' dir='ltr' id='par_1_102' title="bbox 271 5609 1966 5679">
     <span class='ocr_line' id='line_1_102' title="bbox 271 5609 1966 5679; baseline -0.003 -8"><span class='ocrx_word' id='word_1_796' title='bbox 271 5609 403 5671; x_wconf 80' lang='lat' dir='ltr'><strong>cuin</strong></span> <span class='ocrx_word' id='word_1_797' title='bbox 440 5611 558 5665; x_wconf 88' lang='lat' dir='ltr'><strong>Val.</strong></span> <span class='ocrx_word' id='word_1_798' title='bbox 592 5609 700 5673; x_wconf 85' lang='lat' dir='ltr'><strong>CL,</strong></span> <span class='ocrx_word' id='word_1_799' title='bbox 731 5619 996 5679; x_wconf 81' lang='lat' dir='ltr'><strong>quantam</strong></span> <span class='ocrx_word' id='word_1_800' title='bbox 1029 5624 1100 5662; x_wconf 69' lang='lat' dir='ltr'><strong>ex</strong></span> <span class='ocrx_word' id='word_1_801' title='bbox 1129 5626 1183 5663; x_wconf 90' lang='lat' dir='ltr'><strong>se</strong></span> <span class='ocrx_word' id='word_1_802' title='bbox 1212 5614 1447 5679; x_wconf 76' lang='lat' dir='ltr'><strong>formam</strong></span> <span class='ocrx_word' id='word_1_803' title='bbox 1478 5611 1729 5665; x_wconf 84' lang='lat' dir='ltr'><strong>rectitud.</strong></span> <span class='ocrx_word' id='word_1_804' title='bbox 1754 5612 1966 5666; x_wconf 90' lang='lat' dir='ltr'><strong>Turon.</strong></span> 
     </span>
    </p>
   </div>
   <div class='ocr_carea' id='block_1_103' title="bbox 268 5678 1969 5750">
    <p class='ocr_par' dir='ltr' id='par_1_103' title="bbox 268 5678 1969 5750">
     <span class='ocr_line' id='line_1_103' title="bbox 268 5678 1969 5750; baseline -0.003 -8"><span class='ocrx_word' id='word_1_805' title='bbox 268 5692 327 5742; x_wconf 84' lang='lat' dir='ltr'><strong>et</strong></span> <span class='ocrx_word' id='word_1_806' title='bbox 360 5699 515 5740; x_wconf 91' lang='lat' dir='ltr'><strong>unus</strong></span> <span class='ocrx_word' id='word_1_807' title='bbox 577 5678 923 5750; x_wconf 74' lang='lat' dir='ltr'><strong>Compend,</strong></span> <span class='ocrx_word' id='word_1_808' title='bbox 983 5678 1287 5747; x_wconf 63' lang='lat' dir='ltr'><strong>quantmin</strong></span> <span class='ocrx_word' id='word_1_809' title='bbox 1337 5696 1390 5736; x_wconf 85' lang='lat' dir='ltr'><strong>se</strong></span> <span class='ocrx_word' id='word_1_810' title='bbox 1427 5688 1663 5750; x_wconf 67' lang='lat' dir='ltr'><strong>formam</strong></span> <span class='ocrx_word' id='word_1_811' title='bbox 1711 5683 1969 5739; x_wconf 85' lang='lat' dir='ltr'><strong>rectitud.</strong></span> 
     </span>
    </p>
   </div>
   <div class='ocr_carea' id='block_1_104' title="bbox 2072 4523 3785 4582">
    <p class='ocr_par' dir='ltr' id='par_1_104' title="bbox 2072 4523 3785 4582">
     <span class='ocr_line' id='line_1_104' title="bbox 2072 4523 3785 4582; baseline 0 0"><span class='ocrx_word' id='word_1_812' title='bbox 2072 4527 2415 4582; x_wconf 82' lang='lat' dir='ltr'><strong>sull&#39;eramus</strong></span> <span class='ocrx_word' id='word_1_813' title='bbox 2447 4523 2471 4578; x_wconf 64' lang='lat'><strong>‘2</strong></span> <span class='ocrx_word' id='word_1_814' title='bbox 2505 4524 2632 4579; x_wconf 64' lang='lat' dir='ltr'><strong>Haac</strong></span> <span class='ocrx_word' id='word_1_815' title='bbox 2673 4531 2868 4578; x_wconf 91' lang='lat' dir='ltr'><strong>autem</strong></span> <span class='ocrx_word' id='word_1_816' title='bbox 2930 4526 3081 4578; x_wconf 87' lang='lat' dir='ltr'><strong>bona</strong></span> <span class='ocrx_word' id='word_1_817' title='bbox 3139 4525 3386 4580; x_wconf 88' lang='lat' dir='ltr'><strong>sollicite</strong></span> <span class='ocrx_word' id='word_1_818' title='bbox 3427 4530 3646 4581; x_wconf 89' lang='lat' dir='ltr'><strong>Paulus</strong></span> <span class='ocrx_word' id='word_1_819' title='bbox 3681 4530 3785 4582; x_wconf 87' lang='lat' dir='ltr'><strong>in-</strong></span> 
     </span>
    </p>
   </div>
   <div class='ocr_carea' id='block_1_105' title="bbox 2071 4615 3781 4687">
    <p class='ocr_par' dir='ltr' id='par_1_105' title="bbox 2071 4615 3781 4687">
     <span class='ocr_line' id='line_1_105' title="bbox 2071 4615 3781 4687; baseline 0 -15"><span class='ocrx_word' id='word_1_820' title='bbox 2071 4621 2354 4687; x_wconf 85' lang='lat' dir='ltr'><strong>spexerat,</strong></span> <span class='ocrx_word' id='word_1_821' title='bbox 2389 4617 2623 4686; x_wconf 88' lang='lat' dir='ltr'><strong>quando</strong></span> <span class='ocrx_word' id='word_1_822' title='bbox 2654 4615 2802 4670; x_wconf 90' lang='lat' dir='ltr'><strong>illita</strong></span> <span class='ocrx_word' id='word_1_823' title='bbox 2834 4616 3238 4686; x_wconf 86' lang='lat' dir='ltr'><strong>aequanimiter</strong></span> <span class='ocrx_word' id='word_1_824' title='bbox 3281 4618 3430 4673; x_wconf 88' lang='lat' dir='ltr'><strong>mala</strong></span> <span class='ocrx_word' id='word_1_825' title='bbox 3469 4618 3781 4684; x_wconf 83' lang='lat' dir='ltr'><strong>tolerabat,</strong></span> 
     </span>
    </p>
   </div>
   <div class='ocr_carea' id='block_1_106' title="bbox 2069 4706 3783 4778">
    <p class='ocr_par' dir='ltr' id='par_1_106' title="bbox 2069 4706 3783 4778">
     <span class='ocr_line' id='line_1_106' title="bbox 2069 4706 3783 4778; baseline 0.001 -16"><span class='ocrx_word' id='word_1_826' title='bbox 2069 4708 2320 4763; x_wconf 89' lang='lat' dir='ltr'><strong>dicens:</strong></span> <span class='ocrx_word' id='word_1_827' title='bbox 2380 4708 2496 4762; x_wconf 86' lang='lat' dir='ltr'><strong>Non</strong></span> <span class='ocrx_word' id='word_1_828' title='bbox 2535 4711 2662 4760; x_wconf 90' lang='lat' dir='ltr'><strong>sunt</strong></span> <span class='ocrx_word' id='word_1_829' title='bbox 2721 4707 3017 4773; x_wconf 54' lang='lat' dir='ltr'><strong>condigna</strong></span> <span class='ocrx_word' id='word_1_830' title='bbox 3070 4706 3350 4776; x_wconf 87' lang='lat' dir='ltr'><strong>passiones</strong></span> <span class='ocrx_word' id='word_1_831' title='bbox 3409 4709 3573 4778; x_wconf 84' lang='lat' dir='ltr'><strong>hujus</strong></span> <span class='ocrx_word' id='word_1_832' title='bbox 3639 4718 3783 4763; x_wconf 82' lang='lat' dir='ltr'><strong>tem-</strong></span> 
     </span>
    </p>
   </div>
   <div class='ocr_carea' id='block_1_107' title="bbox 2067 4797 3781 4869">
    <p class='ocr_par' dir='ltr' id='par_1_107' title="bbox 2067 4797 3781 4869">
     <span class='ocr_line' id='line_1_107' title="bbox 2067 4797 3781 4869; baseline 0 -17"><span class='ocrx_word' id='word_1_833' title='bbox 2067 4801 2214 4869; x_wconf 88' lang='lat' dir='ltr'><strong>poris</strong></span> <span class='ocrx_word' id='word_1_834' title='bbox 2264 4798 2332 4851; x_wconf 89' lang='lat' dir='ltr'><strong>ad</strong></span> <span class='ocrx_word' id='word_1_835' title='bbox 2379 4803 2833 4866; x_wconf 88' lang='lat' dir='ltr'><strong>superventuram</strong></span> <span class='ocrx_word' id='word_1_836' title='bbox 2891 4797 3130 4866; x_wconf 87' lang='lat' dir='ltr'><strong>gloriam</strong></span> <span class='ocrx_word' id='word_1_837' title='bbox 3188 4812 3311 4869; x_wconf 67' lang='lat' dir='ltr'><strong>quas</strong></span> <span class='ocrx_word' id='word_1_838' title='bbox 3339 4799 3673 4854; x_wconf 87' lang='lat' dir='ltr'><strong>revelabitur</strong></span> <span class='ocrx_word' id='word_1_839' title='bbox 3721 4802 3781 4852; x_wconf 85' lang='lat' dir='ltr'><strong>in</strong></span> 
     </span>
    </p>
   </div>
   <div class='ocr_carea' id='block_1_108' title="bbox 2070 4887 2740 4957">
    <p class='ocr_par' dir='ltr' id='par_1_108' title="bbox 2070 4887 2740 4957">
     <span class='ocr_line' id='line_1_108' title="bbox 2070 4887 2740 4957; baseline -0.001 -15"><span class='ocrx_word' id='word_1_840' title='bbox 2070 4887 2226 4942; x_wconf 88' lang='lat' dir='ltr'><strong>nobis</strong></span> <span class='ocrx_word' id='word_1_841' title='bbox 2257 4887 2432 4957; x_wconf 83' lang='lat' dir='ltr'><strong>(Rom.</strong></span> <span class='ocrx_word' id='word_1_842' title='bbox 2467 4903 2590 4953; x_wconf 86' lang='lat' dir='ltr'><strong>vm,</strong></span> <span class='ocrx_word' id='word_1_843' title='bbox 2627 4887 2740 4956; x_wconf 82' lang='grc'>18).</span> 
     </span>
    </p>
   </div>
   <div class='ocr_carea' id='block_1_109' title="bbox 2144 4976 3782 5045">
    <p class='ocr_par' dir='ltr' id='par_1_109' title="bbox 2144 4976 3782 5045">
     <span class='ocr_line' id='line_1_109' title="bbox 2144 4976 3782 5045; baseline 0.002 -13"><span class='ocrx_word' id='word_1_844' title='bbox 2144 4977 2283 5032; x_wconf 83' lang='lat' dir='ltr'><strong>Isin.</strong></span> <span class='ocrx_word' id='word_1_845' title='bbox 2309 5007 2375 5016; x_wconf 90' lang='lat'><strong>—</strong></span> <span class='ocrx_word' id='word_1_846' title='bbox 2405 4979 2469 5031; x_wconf 92' lang='lat' dir='ltr'><strong>In</strong></span> <span class='ocrx_word' id='word_1_847' title='bbox 2501 4976 2758 5032; x_wconf 88' lang='lat' dir='ltr'><strong>omnibus</strong></span> <span class='ocrx_word' id='word_1_848' title='bbox 2793 4976 2875 5031; x_wconf 84' lang='lat' dir='ltr'><strong>his</strong></span> <span class='ocrx_word' id='word_1_849' title='bbox 2908 4992 3015 5032; x_wconf 90' lang='lat' dir='ltr'><strong>non</strong></span> <span class='ocrx_word' id='word_1_850' title='bbox 3048 4977 3291 5045; x_wconf 85' lang='lat' dir='ltr'><strong>peccavit</strong></span> <span class='ocrx_word' id='word_1_851' title='bbox 3319 4979 3413 5034; x_wconf 86' lang='lat' dir='ltr'><strong>Job</strong></span> <span class='ocrx_word' id='word_1_852' title='bbox 3444 4978 3611 5034; x_wconf 84' lang='lat' dir='ltr'><strong>labiis</strong></span> <span class='ocrx_word' id='word_1_853' title='bbox 3638 4979 3782 5035; x_wconf 86' lang='lat' dir='ltr'><strong>suis.</strong></span> 
     </span>
    </p>
   </div>
   <div class='ocr_carea' id='block_1_110' title="bbox 2143 5066 3785 5133">
    <p class='ocr_par' dir='ltr' id='par_1_110' title="bbox 2143 5066 3785 5133">
     <span class='ocr_line' id='line_1_110' title="bbox 2143 5066 3785 5133; baseline 0.002 -12"><span class='ocrx_word' id='word_1_854' title='bbox 2143 5067 2247 5121; x_wconf 85' lang='lat' dir='ltr'><strong>Nec</strong></span> <span class='ocrx_word' id='word_1_855' title='bbox 2276 5070 2335 5120; x_wconf 85' lang='lat' dir='ltr'><strong>in</strong></span> <span class='ocrx_word' id='word_1_856' title='bbox 2357 5068 2552 5133; x_wconf 86' lang='lat' dir='ltr'><strong>Deum,</strong></span> <span class='ocrx_word' id='word_1_857' title='bbox 2575 5082 2668 5120; x_wconf 83' lang='lat' dir='ltr'><strong>nec</strong></span> <span class='ocrx_word' id='word_1_858' title='bbox 2692 5068 2752 5119; x_wconf 84' lang='lat' dir='ltr'><strong>in</strong></span> <span class='ocrx_word' id='word_1_859' title='bbox 2773 5066 3124 5122; x_wconf 78' lang='lat' dir='ltr'><strong>adversarios</strong></span> <span class='ocrx_word' id='word_1_860' title='bbox 3145 5078 3221 5122; x_wconf 91' lang='lat' dir='ltr'><strong>est</strong></span> <span class='ocrx_word' id='word_1_861' title='bbox 3251 5070 3690 5125; x_wconf 81' lang='lat' dir='ltr'><strong>contumeliosus.</strong></span> <span class='ocrx_word' id='word_1_862' title='bbox 3711 5101 3785 5111; x_wconf 94' lang='lat'><strong>—</strong></span> 
     </span>
    </p>
   </div>
   <div class='ocr_carea' id='block_1_111' title="bbox 2074 5156 3788 5228">
    <p class='ocr_par' dir='ltr' id='par_1_111' title="bbox 2074 5156 3788 5228">
     <span class='ocr_line' id='line_1_111' title="bbox 2074 5156 3788 5228; baseline 0.002 -17"><span class='ocrx_word' id='word_1_863' title='bbox 2074 5156 2265 5211; x_wconf 87' lang='lat' dir='ltr'><strong>Sancti</strong></span> <span class='ocrx_word' id='word_1_864' title='bbox 2298 5156 2401 5210; x_wconf 89' lang='lat' dir='ltr'><strong>viri</strong></span> <span class='ocrx_word' id='word_1_865' title='bbox 2433 5172 2565 5210; x_wconf 90' lang='lat' dir='ltr'><strong>cum</strong></span> <span class='ocrx_word' id='word_1_866' title='bbox 2600 5156 3061 5225; x_wconf 87' lang='lat' dir='ltr'><strong>persecutionem</strong></span> <span class='ocrx_word' id='word_1_867' title='bbox 3089 5156 3226 5211; x_wconf 87' lang='lat' dir='ltr'><strong>foris</strong></span> <span class='ocrx_word' id='word_1_868' title='bbox 3257 5157 3535 5227; x_wconf 87' lang='lat' dir='ltr'><strong>intusque</strong></span> <span class='ocrx_word' id='word_1_869' title='bbox 3555 5158 3788 5228; x_wconf 80' lang='lat' dir='ltr'><strong>patiun-</strong></span> 
     </span>
    </p>
   </div>
   <div class='ocr_carea' id='block_1_112' title="bbox 2073 5243 3785 5315">
    <p class='ocr_par' dir='ltr' id='par_1_112' title="bbox 2073 5243 3785 5315">
     <span class='ocr_line' id='line_1_112' title="bbox 2073 5243 3785 5315; baseline 0.002 -16"><span class='ocrx_word' id='word_1_870' title='bbox 2073 5250 2187 5312; x_wconf 90' lang='lat' dir='ltr'><strong>tur,</strong></span> <span class='ocrx_word' id='word_1_871' title='bbox 2225 5260 2341 5299; x_wconf 91' lang='lat' dir='ltr'><strong>non</strong></span> <span class='ocrx_word' id='word_1_872' title='bbox 2373 5243 2558 5300; x_wconf 91' lang='lat' dir='ltr'><strong>solum</strong></span> <span class='ocrx_word' id='word_1_873' title='bbox 2590 5243 2648 5298; x_wconf 91' lang='lat' dir='ltr'><strong>in</strong></span> <span class='ocrx_word' id='word_1_874' title='bbox 2683 5243 2785 5299; x_wconf 89' lang='lat' dir='ltr'><strong>Dei</strong></span> <span class='ocrx_word' id='word_1_875' title='bbox 2812 5243 3042 5315; x_wconf 88' lang='lat' dir='ltr'><strong>injuriis</strong></span> <span class='ocrx_word' id='word_1_876' title='bbox 3063 5244 3309 5302; x_wconf 90' lang='lat' dir='ltr'><strong>minime</strong></span> <span class='ocrx_word' id='word_1_877' title='bbox 3337 5246 3644 5314; x_wconf 89' lang='lat' dir='ltr'><strong>excedunt,</strong></span> <span class='ocrx_word' id='word_1_878' title='bbox 3681 5249 3785 5303; x_wconf 88' lang='lat' dir='ltr'><strong>sed</strong></span> 
     </span>
    </p>
   </div>
   <div class='ocr_carea' id='block_1_113' title="bbox 2077 5467 3788 5546">
    <p class='ocr_par' dir='ltr' id='par_1_113' title="bbox 2077 5467 3788 5546">
     <span class='ocr_line' id='line_1_113' title="bbox 2077 5467 3788 5546; baseline 0.004 -22"><span class='ocrx_word' id='word_1_879' title='bbox 2077 5467 2253 5537; x_wconf 85' lang='lat' dir='ltr'><strong>Editi,</strong></span> <span class='ocrx_word' id='word_1_880' title='bbox 2286 5475 2553 5538; x_wconf 82' lang='lat' dir='ltr'><strong>quantam</strong></span> <span class='ocrx_word' id='word_1_881' title='bbox 2584 5484 2642 5524; x_wconf 86' lang='lat' dir='ltr'><strong>se</strong></span> <span class='ocrx_word' id='word_1_882' title='bbox 2671 5470 2911 5540; x_wconf 87' lang='lat' dir='ltr'><strong>formam</strong></span> <span class='ocrx_word' id='word_1_883' title='bbox 2931 5488 2954 5535; x_wconf 82' lang='lat'><strong>,-</strong></span> <span class='ocrx_word' id='word_1_884' title='bbox 2976 5469 3060 5526; x_wconf 79' lang='lat' dir='ltr'><strong>vel</strong></span> <span class='ocrx_word' id='word_1_885' title='bbox 3089 5476 3357 5544; x_wconf 88' lang='lat' dir='ltr'><strong>quantam</strong></span> <span class='ocrx_word' id='word_1_886' title='bbox 3379 5488 3448 5528; x_wconf 74' lang='lat' dir='ltr'><strong>ea:</strong></span> <span class='ocrx_word' id='word_1_887' title='bbox 3471 5489 3529 5529; x_wconf 92' lang='lat' dir='ltr'><strong>se</strong></span> <span class='ocrx_word' id='word_1_888' title='bbox 3547 5477 3788 5546; x_wconf 79' lang='lat' dir='ltr'><strong>formam</strong></span> 
     </span>
    </p>
   </div>
   <div class='ocr_carea' id='block_1_114' title="bbox 2078 5548 3782 5688">
    <p class='ocr_par' dir='ltr' id='par_1_114' title="bbox 2078 5548 3782 5688">
     <span class='ocr_line' id='line_1_114' title="bbox 2078 5548 3782 5688; baseline 0.005 -23"><span class='ocrx_word' id='word_1_889' title='bbox 2078 5548 2222 5688; x_wconf 31' lang='lat' dir='ltr'><strong>feci?)</strong></span> <span class='ocrx_word' id='word_1_890' title='bbox 2252 5613 2334 5688; x_wconf 79' lang='lat' dir='ltr'><strong>Ita</strong></span> <span class='ocrx_word' id='word_1_891' title='bbox 2365 5610 2534 5667; x_wconf 88' lang='lat' dir='ltr'><strong>Corb.</strong></span> <span class='ocrx_word' id='word_1_892' title='bbox 2561 5616 2864 5688; x_wconf 67' lang='lat' dir='ltr'><strong>et__omnes_</strong></span> <span class='ocrx_word' id='word_1_893' title='bbox 2889 5618 3070 5688; x_wconf 69' lang='lat' dir='ltr'><strong>Mss.L</strong></span> <span class='ocrx_word' id='word_1_894' title='bbox 3088 5630 3222 5688; x_wconf 75' lang='lat' dir='ltr'><strong>non,</strong></span> <span class='ocrx_word' id='word_1_895' title='bbox 3248 5614 3366 5670; x_wconf 85' lang='lat' dir='ltr'><strong>istis</strong></span> <span class='ocrx_word' id='word_1_896' title='bbox 3385 5616 3698 5688; x_wconf 84' lang='lat' dir='ltr'><strong>medentur,</strong></span> <span class='ocrx_word' id='word_1_897' title='bbox 3719 5624 3782 5674; x_wconf 90' lang='lat' dir='ltr'><strong>ut</strong></span> 
     </span>
    </p>
   </div>
   <div class='ocr_carea' id='block_1_115' title="bbox 2077 5682 3488 5752">
    <p class='ocr_par' dir='ltr' id='par_1_115' title="bbox 2077 5682 3488 5752">
     <span class='ocr_line' id='line_1_115' title="bbox 2077 5682 3488 5752; baseline 0.001 -13"><span class='ocrx_word' id='word_1_898' title='bbox 2077 5683 2293 5752; x_wconf 82' lang='lat' dir='ltr'><strong>legitur</strong></span> <span class='ocrx_word' id='word_1_899' title='bbox 2320 5682 2378 5738; x_wconf 88' lang='lat' dir='ltr'><strong>in</strong></span> <span class='ocrx_word' id='word_1_900' title='bbox 2412 5689 2523 5739; x_wconf 90' lang='lat' dir='ltr'><strong>vet.</strong></span> <span class='ocrx_word' id='word_1_901' title='bbox 2561 5684 2708 5741; x_wconf 88' lang='lat' dir='ltr'><strong>Edit.</strong></span> <span class='ocrx_word' id='word_1_902' title='bbox 2745 5685 2923 5750; x_wconf 86' lang='lat' dir='ltr'><strong>Paris,</strong></span> <span class='ocrx_word' id='word_1_903' title='bbox 2955 5690 3011 5741; x_wconf 88' lang='lat' dir='ltr'><strong>et</strong></span> <span class='ocrx_word' id='word_1_904' title='bbox 3043 5685 3216 5742; x_wconf 87' lang='lat' dir='ltr'><strong>Basil.</strong></span> <span class='ocrx_word' id='word_1_905' title='bbox 3240 5703 3306 5742; x_wconf 87' lang='lat' dir='ltr'><strong>ac</strong></span> <span class='ocrx_word' id='word_1_906' title='bbox 3336 5687 3488 5744; x_wconf 89' lang='lat' dir='ltr'><strong>aliis.</strong></span> 
     </span>
    </p>
   </div>
  </div>
