4134 6174
264 259 377 320 621

1209 255 1629 319 MURALIUM
1674 257 1824 317 LlB.
1870 253 1974 316 ΙΙΙ.
2020 287 2096 299 -
2144 257 2222 316 ΙΝ
2271 256 2444 320 CAP.
2497 257 2547 319 Il
2591 261 2660 321 B.
2708 260 2872 321 JOB.

3686 263 3802 328 622

262 413 454 469 neque
490 400 696 454 contra
736 396 894 467 ipsos
941 393 1305 451 adversarios
1345 394 1766 451 contumeliosa
1802 393 1976 449 verba
2003 390 2060 458 Α
2089 406 2154 448 eo
2189 409 2459 465 perversa
2507 397 2807 452 sentirent.
2863 395 3077 452 Baldad
3124 399 3322 453 autem
3366 396 3798 470 interpretatur

257 487 617 560 jaculantur.
653 485 811 550 Quod
846 483 961 539 dux
1006 484 1292 539 bonorum
1327 487 1476 540 recte
1524 486 1729 540 Petrus
1772 484 1976 539 admo-

261 583 381 644 net,
414 578 655 633 dicens:
705 577 870 630 Nemo
909 576 1152 628 vestrum
1198 576 1450 641 patiatur
1479 575 1636 644 quasi
1679 572 1973 635 homicida,

261 673 356 724 aut
382 670 504 738 fur,
539 670 638 722 aut
668 664 978 720 maledicus
1009 664 1056 735 (l
1085 666 1200 719 Pet.
1225 681 1303 729 ιχ,
1339 665 1448 734 15).
1475 664 1792 719 Maledicus
1819 663 1974 717 enim

262 760 504 830 patitur,
535 757 633 829 qui
670 756 963 828 passionis
986 770 1104 810 sum
1132 756 1464 824 temporein
1489 755 1578 809 sui
1612 754 1858 809 salutem
1891 753 1977 807 in-

254 849 418 919 juria
447 845 837 919 persecutoris
882 846 1218 900 etireuatur.
1249 846 1359 900 Sed
1392 845 1529 916 quia
1571 843 1974 913 Redemptoris

261 954 498 1009 corpus,
532 940 735 992 sancta
767 934 1047 990 nimirum
1097 933 1368 1003 Ecclesia,
1400 933 1483 989 ita
1533 935 1760 1005 pondus
1807 932 1972 987 dolo-

258 1042 388 1083 rum
441 1029 652 1097 portat,
685 1029 750 1080 ut
795 1021 1154 1078 humilitatis
1199 1023 1439 1078 modum
1486 1038 1589 1094 per
1633 1022 1806 1078 verba
1853 1037 1971 1078 non

255 1118 538 1184 transeat,
571 1116 725 1169 recte
757 1113 828 1168 de
860 1112 966 1167 hoc
996 1112 1224 1168 dolente
1264 1112 1514 1168 dicitur:

721 1201 955 1257 CAPUT
986 1200 1138 1256 xxu
1170 1202 1303 1272 [Vet.
1328 1201 1504 1272 XVII].

323 1295 462 1351 IBID.
499 1311 565 1349 ΕΤ
592 1309 752 1348 vsas.
786 1293 871 1348 ll.
896 1321 965 1331 —
996 1292 1054 1346 In
1079 1291 1332 1345 omnibus
1355 1291 1440 1345 his
1469 1306 1580 1345 non
1607 1290 1846 1360 peccavit
1872 1287 1967 1344 Job

253 1386 420 1442 labiis
450 1388 561 1440 suis
580 1401 600 1446 ,·
631 1399 802 1454 neque
831 1382 1063 1436 stultum
1088 1381 1307 1454 aliquid
1335 1388 1528 1437 contra
1558 1381 1726 1436 Deum
1760 1381 1967 1435 locutus

249 1485 352 1532 est.
384 1475 562 1545 Igitur
591 1473 875 1528 audientes
907 1475 1014 1526 tres
1043 1470 1213 1525 amici
1235 1473 1331 1527 Job
1362 1485 1526 1527 omne
1555 1470 1794 1538 malum,
1825 1470 1965 1541 quod

248 1563 540 1621 accidisset
585 1561 658 1629 ei,
692 1569 955 1617 venerunt
1021 1559 1236 1630 singuli
1276 1559 1340 1616 de
1389 1559 1500 1615 loco
1547 1574 1683 1614 suo:
1731 1560 1965 1629 El-iphaz

249 1656 619 1722 Themanites,
683 1657 731 1708 et
796 1650 1008 1707 Baldad
1071 1650 1311 1715 Suhites,
1353 1657 1404 1706 et
1465 1651 1680 1721 Sophar
1721 1649 1962 1705 Naama-

248 1746 443 1801 thitcs.

320 1834 409 1888 42.
427 1834 486 1888 In
511 1833 704 1888 amicis
717 1831 814 1887 Job
827 1829 1148 1885 adumbrati
1164 1829 1428 1884 heretici.
1446 1860 1514 1868 —
1538 1830 1599 1884 In
1624 1827 1963 1898 przefatione

248 1923 434 1993 hujus
465 1920 659 1990 operis
681 1920 963 1986 diximus,
995 1919 1094 1990 qui
1127 1918 1297 1973 amici
1327 1917 1477 1972 beati
1504 1917 1638 1982 Job,
1673 1916 1782 1972 etsi
1815 1917 1966 1971 bona

248 2013 319 2069 ad
375 2026 509 2066 eum
565 2010 887 2065 intentione
928 2007 1302 2074 conveniunt,
1340 2007 1738 2061 hereticorum
1772 2011 1964 2061 tamen

246 2100 470 2157 idcirco
521 2097 773 2169 speciem
825 2102 1040 2164 tenent,
1076 2097 1214 2166 quia
1261 2097 1330 2150 ad
1385 2096 1620 2166 culpam
1655 2095 1965 2149 indiscrete

247 2190 545 2263 loquendo
597 2188 960 2243 dilabuntur.
1013 2188 1108 2242 9|
1160 2185 1322 2241 Unde
1371 2190 1426 2240 et
1473 2185 1591 2240 illis
1637 2185 1709 2239 ab
1759 2185 1963 2239 eodem

246 2282 420 2338 beato
462 2278 573 2335 Job
628 2277 877 2334 dicitur:
913 2277 1202 2347 Disputare
1257 2291 1382 2330 cum
1426 2275 1530 2329 Deo
1586 2276 1763 2344 cupio,
1805 2276 1964 2344 prius

248 2387 344 2427 vos
374 2367 658 2426 ostendens
688 2368 1050 2436 fabricatores
1080 2365 1372 2428 mendacii,
1403 2369 1453 2419 et
1480 2364 1716 2418 cultores
1745 2378 1966 2433 perver-

242 2476 438 2516 sorum
477 2459 810 2528 doymatum.
841 2456 986 2522 ilice.
1020 2453 1195 2524 Xlll].
1230 2455 1445 2509 Sancta
1487 2453 1680 2522 itaque
1711 2451 1968 2507 Ecclesia

247 2550 414 2607 omni
451 2549 560 2604 hoc
591 2553 849 2618 tempore
890 2544 1378 2618 peregrinationis
1410 2560 1527 2598 suae
1559 2544 1617 2599 in
1651 2542 1966 2597 afﬂictione

243 2639 596 2705 constituta,
629 2653 759 2692 cum
805 2636 1050 2690 vulnera
1097 2634 1367 2701 sustinet,
1393 2649 1526 2688 cum
1574 2631 1964 2687 membrorum

243 2743 499 2785 suorum
542 2725 742 2796 lapsus
791 2724 964 2789 dolet,
999 2724 1234 2793 insuper
1285 2723 1430 2777 alios
1463 2721 1572 2776 sub
1618 2720 1827 2776 Christi
1863 2737 1966 2775 no-

245 2821 414 2875 mine
456 2815 662 2871 tolerat
702 2815 902 2870 hostes
934 2814 1167 2868 Christi.
1201 2813 1284 2867 Ad
1317 2815 1688 2882 augmentum
1720 2825 1967 2881 namque

246 2903 475 2960 doloris
523 2904 672 2972 ejus,
723 2901 897 2956 etiam
939 2899 1192 2954 haeretici
1239 2899 1296 2952 in
1346 2897 1713 2953 contentione
1761 2912 1967 2952 conve-

245 2994 444 3060 niunt,
482 3006 723 3061 eamque
756 2988 921 3061 quasi
955 2987 1302 3058 quibusdam
1333 2985 1564 3058 jaculis,
1602 2983 1968 3040 irrationabi-

242 3086 402 3141 libus
434 3083 630 3139 verbis
672 3081 1044 3152 transﬁgunt.

316 3175 411 3230 43.
448 3175 620 3230 Locus
649 3173 791 3227 unde
836 3177 1104 3225 venerunt
1149 3168 1520 3239 snperbia.—
1567 3168 1718 3222 Bene
1767 3173 1960 3222 autem

247 3264 468 3321 dicitur
495 3281 506 3316 :
540 3262 622 3333 (a)
658 3259 1006 3315 Vcneruntde
1034 3260 1147 3314 loco
1169 3274 1284 3313 suo.
1306 3256 1718 3313 Ilzereticorum
1745 3257 1961 3327 quippe

240 3354 413 3410 locus
445 3353 573 3423 ipsa
610 3350 879 3419 superbia
903 3355 988 3404 est
1015 3365 1028 3415 ;
1063 3348 1199 3418 quia
1233 3348 1343 3402 nisi
1385 3345 1548 3418 prius
1580 3347 1637 3400 in
1669 3345 1841 3401 corde
1873 3344 1961 3398 in-

243 3446 672 3509 tumescerent,
696 3441 765 3494 ad
801 3456 987 3511 pravas
1012 3438 1352 3493 assertionis
1383 3435 1705 3492 certamina
1737 3451 1851 3490 nou
1873 3451 1962 3488 ve-

243 3534 471 3590 nirent.
507 3533 588 3586 Ita
642 3545 897 3601 namque
950 3529 1234 3584 malorum
1272 3527 1434 3582 locus
1482 3526 1775 3594 superbia,
1809 3525 1964 3581 sicut

240 3630 338 3680 est
374 3639 406 3678 e
455 3627 658 3678 contra
687 3619 988 3675 humilitas
1037 3617 1198 3674 locus
1249 3619 1556 3672 bonorum.
1588 3615 1667 3671 De
1697 3631 1811 3686 quo
1861 3630 1965 3685 per

237 3716 619 3770 Salomonem
672 3711 889 3766 dicitur
921 3727 934 3766 :
970 3709 1029 3764 Si
1075 3711 1307 3777 spiritus
1346 3713 1668 3778 potestatem
1715 3706 1963 3760 habentis

234 3803 561 3860 ascenderit
609 3817 772 3872 super
799 3807 874 3858 te,
909 3800 1086 3854 locum
1130 3805 1285 3853 tuum
1317 3813 1384 3851 ne
1424 3795 1702 3851 dimiseris
1741 3794 1960 3866 (Ephes.

232 3911 293 3962 x,
330 3895 417 3964 4).
452 3893 530 3946 Ac
557 3892 607 3946 si
634 3895 829 3962 aperte
861 3889 1052 3944 dicat:
1087 3888 1147 3943 Si
1179 3886 1487 3942 tentatoris
1529 3884 1799 3955 spiritum
1831 3900 1964 3939 con-

230 3989 326 4040 tra
365 3988 430 4038 te
455 3982 514 4036 in
538 3981 732 4052 aliquo
757 3980 1065 4050 praevalere
1086 3979 1443 4042 consideras,
1468 3974 1856 4031 humilitatem
1881 3975 1958 4047 (ὁ)

231 4071 609 4148 poenitentiae
644 4087 758 4126 non
795 4070 1110 4140 relinquas.
1143 4069 1252 4132 Qui
1283 4067 1425 4139 quia
1472 4067 1665 4122 locum
1700 4069 1959 4121 nostrum

229 4163 646 4220 humilitatem
695 4160 1040 4231 pcenitentiae
1088 4158 1317 4224 dixerit,
1348 4156 1536 4213 verbis
1581 4156 1962 4227 sequentibus

228 4253 525 4318 ostendit,
578 4251 779 4307 dicens
809 4266 821 4303 :
858 4250 999 4317 Quia
1035 4250 1244 4303 curatio
1298 4263 1502 4302 cessare
1534 4245 1697 4317 faciet
1744 4253 1960 4317 peccata

226 4343 504 4399 maxima
545 4339 760 4410 (lbid.).
802 4339 950 4405 Quid
1001 4342 1087 4393 est
1127 4337 1285 4392 enim
1336 4335 1496 4391 aliud
1533 4334 1834 4390 humilitas
1883 4335 1960 4390 la-

225 4431 452 4499 menti,
477 4429 589 4485 nisi
622 4428 917 4484 medicina
947 4427 1163 4499 peccati
1187 4425 1214 4480 ‘i
1245 4425 1509 4481 Haaretici
1539 4424 1716 4494 igitur
1737 4425 1807 4479 de
1835 4423 1958 4479 loco

2088 486 2347 539 vetustas
2379 485 2520 540 sola.
2554 491 2694 541 Dum
2721 486 2873 540 enim
2905 502 3035 540 vere
3069 486 3216 542 vinci
3250 488 3566 558 refugiunt,
3592 494 3648 544 et
3671 507 3795 559 per-

2085 588 2250 628 verso
2281 575 2473 629 studio
2519 592 2646 631 esse
2681 577 2924 630 victores
2971 581 3254 646 quaerunt,
3289 594 3446 631 novas
3493 579 3620 633 vitas
3652 596 3790 635 con-

2085 664 2466 720 versationem
2502 664 2844 736 negligunt;
2879 671 2934 720 et
2965 683 3028 721 ex
3056 666 3179 721 sola
3209 672 3498 723 vetustate
3520 674 3607 724 est
3637 672 3786 740 quod

2086 750 2422 819 intendunt,
2451 754 2673 824 Sopbar
2721 771 2852 809 vero
2904 755 3198 825 speculam
3249 757 3567 828 dissipans.
3603 758 3667 812 Hi
3706 766 3791 813 et-

2084 842 2261 907 enim,
2288 847 2379 912 qui
2409 845 2464 897 in
2490 855 2687 900 Sancta
2710 845 2962 900 Ecclesia
2982 845 3079 900 siti
3103 851 3258 913 sunt,
3279 847 3676 919 Redemptoris
3699 850 3790 905 sui

2084 934 2355 1002 mysteria
2380 934 2490 989 fide
2509 951 2643 989 vera
2666 935 2966 990 humiliter
2989 935 3493 1007 contemplantur;
3528 938 3630 993 sed
3653 940 3788 995 dum

2080 1019 2334 1077 haeretici
2363 1039 2493 1077 cum
2521 1024 2682 1080 falsis
2715 1025 3168 1094 allegationibus
3202 1027 3460 1093 veniunt,
3487 1030 3783 1096 speculam

2079 1109 2390 1181 dissipant,
2414 1112 2547 1182 quia
2577 1130 2777 1169 eorum
2808 1124 3050 1182 mentes,
3079 1133 3223 1186 quos
3257 1117 3325 1170 ad
3361 1133 3422 1172 se
3454 1116 3782 1184 attrahunt,

2077 1198 2147 1253 ab
2189 1200 2510 1257 intentione
2542 1208 2693 1259 recte
2724 1204 3234 1273 contemplationis
3268 1206 3577 1261 inclinant.

2148 1289 2286 1359 [Vet.
2346 1292 2518 1346 XVIII.
2582 1295 2701 1349 Rec.
2762 1294 2915 1362 XIV.]
2978 1295 3064 1350 45.
3145 1296 3533 1351 Ηκνείίσονιιηι
3595 1300 3783 1354 curio-

2072 1385 2225 1452 sitas,
2275 1382 2596 1454 loquacitas,
2629 1386 2934 1456 hypocrisis
2974 1388 3106 1442 locis
3153 1389 3455 1443 amicorum
3501 1389 3595 1445 Job
3641 1389 3780 1446 desi-

2072 1482 2259 1542 gnata.
2287 1504 2354 1514 -ι
2387 1475 2539 1531 Bene
2563 1480 2757 1531 autem
2785 1475 2909 1532 loca
2932 1478 3000 1532 de
3033 1477 3242 1548 quibus
3265 1480 3506 1535 veniunt
3526 1495 3784 1553 congrua

2073 1562 2477 1620 haereticorum
2529 1566 2755 1621 actibus
2817 1568 3244 1624 describuntur.
3296 1568 3518 1625 Dicitur
3566 1572 3778 1626 etenim

2071 1651 2470 1722 Themanites,
2521 1655 2780 1722 Suhites,
2812 1657 3232 1714 Naamathites.
3258 1659 3478 1714 Thema
3526 1677 3782 1731 namque

2072 1742 2496 1812 interpretatur
2525 1748 2767 1812 Auster;
2803 1746 2968 1813 Suhi,
3002 1747 3287 1819 loquens;
3322 1748 3776 1819 Naama,decor.

2071 1835 2347 1887 Austrum
2401 1837 2597 1888 autem
2625 1839 2858 1889 ventum
2894 1835 3149 1892 calidum
3189 1853 3317 1892 esse
3347 1837 3480 1908 quis
3512 1839 3733 1896 nesciat
3755 1841 3782 1895 ’ἒ

2071 1919 2335 1975 Haeretici
2404 1920 2602 1990 igitur,
2656 1922 2790 1993 quia
2847 1924 3150 1979 ardentius
3201 1930 3487 1996 appetunt
3555 1944 3780 1998 sapere,

2072 2010 2238 2080 quasi
2276 2009 2592 2081 plusquam
2628 2027 2859 2067 necesse
2890 2017 2997 2078 est,
3031 2014 3268 2069 student
3298 2014 3508 2071 calere.
3552 2017 3781 2072 Desidia

2072 2099 2282 2170 quippe
2313 2101 2380 2169 (ε)
2412 2102 2630 2171 torpori
2675 2102 2903 2171 frigoris
2933 2107 2988 2157 et
3021 2119 3254 2158 rursum
3296 2104 3642 2176 inquietudo
3674 2108 3780 2162 im-

2072 2188 2383 2243 moderata:
2415 2190 2785 2256 curiositatis,
2811 2191 3196 2263 intemperato
3236 2195 3551 2249 concordat
3581 2195 3776 2250 calori.

2070 2277 2217 2340 Quia
2245 2294 2378 2348 ergo
2422 2278 2677 2348 amplius
2710 2295 2879 2347 quam
2935 2281 3165 2345 debent,
3199 2279 3453 2336 calorem
3486 2282 3779 2353 sapientiae

2072 2366 2365 2436 percipere
2398 2372 2700 2438 appetunt,
2737 2368 2806 2423 ab
2839 2369 3049 2424 Austro
3085 2370 3282 2424 venire
3315 2371 3656 2425 referuntur.
3692 2371 3777 2426 Ab

2075 2455 2180 2509 hoc
2229 2453 2421 2510 calore
2474 2457 2856 2510 immoderatis
2903 2457 3199 2528 sapientia:
3250 2462 3471 2514 mentes
3517 2460 3776 2515 ﬁdelium

2071 2543 2290 2599 Paulus
2322 2550 2643 2617 temperare
2674 2551 2998 2612 curaverat,
3032 2564 3166 2602 cum
3217 2548 3478 2604 dicebat:
3511 2551 3627 2606 Non
3657 2552 3780 2620 plus

2071 2651 2262 2702 sapere
2308 2652 2475 2706 quam
2507 2641 2715 2703 oportet
2741 2653 2950 2705 sapere,
2983 2637 3076 2691 sed
3107 2655 3298 2708 sapere
3327 2639 3396 2694 ad
3425 2641 3778 2696 sobrietatem

2071 2726 2244 2797 (Rom.
2281 2742 2380 2791 xu,
2416 2727 2488 2794 3).
2523 2725 2664 2780 Hinc
2697 2731 2784 2781 est
2817 2729 2968 2797 quod
3019 2727 3196 2782 David
3229 2728 3408 2783 valles
3457 2729 3776 2786 salinarum

2072 2813 2317 2884 percutit
2367 2812 2442 2883 (ll
2472 2814 2601 2885 Reg.
2639 2829 2760 2880 VIII,
2799 2814 2904 2882 13),
2939 2814 3076 2884 quia
3118 2815 3384 2871 videlicet
3428 2817 3777 2889 Redemptor

2073 2911 2267 2957 noster
2310 2918 2426 2956 suae
2478 2902 2866 2957 districtionis
2907 2905 3171 2960 examine
3212 2905 3271 2960 in
3305 2905 3396 2962 his
3431 2907 3528 2976 qui
3581 2908 3650 2963 de
3682 2908 3781 2963 illo

2074 3007 2251 3061 prava
2278 2991 2548 3064 sentiunt
2571 2990 2881 3046 stultitiam
2914 2992 3283 3048 immoderati
3314 2994 3538 3065 saporis
3568 2997 3785 3050 exstin-

1994 3127 2037 3195 Ο
2077 3081 2222 3151 guit.
2256 3079 2400 3134 Suhi
2451 3085 2646 3135 autem
2701 3081 2918 3134 dicitur
2968 3081 3234 3152 loquens.
3270 3082 3532 3138 Calorem
3565 3084 3783 3155 quippe

2080 3186 2190 3195 η..
2226 3173 2288 3195 ..ι
2321 3169 2467 3195 t----
2507 3169 2703 3195 ..:..-_.
2757 3169 2850 3195 --Α
2889 3170 2989 3195 ...ι
3020 3173 3079 3195 ..ι
3115 3170 3258 3195 -.-.-
3306 3171 3618 3195 .--μ-ι.--
3677 3173 3740 3195 L-

2079 3186 2194 3224 non
2226 3173 2291 3223 ut
2321 3169 2468 3223 bene
2507 3169 2726 3235 vivant,
2756 3169 2851 3224 sed
2889 3170 2989 3226 92
3020 3173 3082 3224 ut
3112 3170 3260 3226 elate
3303 3171 3641 3242 loquantur,
3677 3173 3785 3227 ha—

2071 3260 2209 3314 bere
2252 3259 2610 3312 desiderant.
2644 3259 2689 3312 A
2729 3258 2948 3314 Thema
2996 3259 3173 3328 igitur
3225 3265 3280 3314 et
3311 3261 3472 3327 Suhi,
3507 3262 3560 3316 id
3608 3268 3716 3328 est,
3751 3278 3782 3316 a

2073 3349 2259 3404 calore
2289 3352 2345 3404 et
2375 3348 2724 3416 loquacitate
2755 3349 2952 3403 venire
2995 3349 3343 3415 referuntur,
3377 3350 3513 3421 quia
3544 3366 3641 3420 per
3672 3349 3782 3406 hoc

2073 3440 2220 3506 quod
2247 3437 2681 3508 Scripturarum
2708 3453 2768 3492 se
2802 3439 3096 3493 studiosos
3126 3439 3421 3506 exhibent,
3447 3440 3627 3496 solius
3660 3457 3783 3497 ver-

2073 3527 2163 3583 bis
2195 3526 2584 3598 loquacitatis,
2619 3543 2734 3581 non
2768 3532 2958 3582 autem
2992 3528 3316 3584 visceribus
3356 3529 3661 3586 cbaritatis
3692 3548 3783 3586 ca-

2073 3621 2220 3673 rent.
2264 3616 2485 3671 Naama
2532 3631 2666 3671 vero
2717 3616 3133 3686 interpretatur
3193 3620 3384 3675 decor.
3433 3621 3578 3686 Quia
3624 3622 3779 3677 enim

2073 3707 2226 3763 docti
2267 3722 2380 3761 non
2426 3721 2571 3774 esse,
2617 3705 2717 3760 sed
2770 3706 2947 3761 videri
2994 3713 3293 3778 appetunt,
3323 3725 3387 3765 ex
3433 3710 3781 3766 eruditionis

2071 3797 2261 3853 verbis
2297 3795 2549 3866 speciem
2572 3795 2720 3849 bene
2757 3795 3078 3850 viventium
3121 3804 3403 3868 sumunt;
3436 3808 3487 3854 et
3505 3817 3607 3871 per
3629 3801 3779 3856 calo-

2072 3903 2193 3942 rem
2224 3884 2597 3956 loquacitatis
2625 3885 2682 3937 in
2716 3899 2776 3937 se
2828 3885 3140 3954 imaginem
3185 3887 3499 3942 ostendunt
3531 3888 3777 3954 decoris,

2073 3981 2136 4034 ut
2166 3993 2231 4032 eo
2281 3992 2380 4047 per
2430 3974 2696 4029 decorem
2751 3974 2962 4045 lingua:
2998 3990 3266 4042 perversa
3316 3975 3481 4030 facile
3531 3992 3777 4048 persua-

2071 4070 2263 4138 deant,
2285 4082 2396 4137 quo
2423 4064 2736 4120 fmditatem
2761 4064 2889 4119 vita:
2913 4081 3118 4121 sensus
3141 4065 3346 4122 callide
3363 4066 3441 4137 (ἀ)
3463 4066 3775 4125 occultant.

2068 4159 2172 4213 Sed
2206 4172 2391 4228 neque
2420 4154 2545 4226 ipsa
2569 4153 2830 4210 locorum
2862 4155 3101 4211 nomina
3129 4155 3459 4211 inordinata
3481 4163 3621 4212 sunt
3651 4174 3782 4213 nar-

2070 4249 2295 4304 ratione
2339 4246 2632 4302 distincta.
2681 4246 2849 4301 Prius
2907 4246 3062 4300 enim
3113 4246 3352 4313 Thema,
3402 4249 3777 4318 postmodum

2071 4337 2236 4404 Suhi,
2263 4353 2327 4392 ac
2349 4336 2559 4391 deinde
2582 4337 2801 4390 Naama
2833 4335 3106 4405 ponitur;
3145 4352 3260 4406 qua
3283 4336 3442 4407 prius
3465 4336 3597 4394 illos
3620 4338 3779 4395 inor-

2071 4428 2311 4482 dinatus
2343 4425 2498 4481 calor
2529 4424 2598 4495 (e)
2643 4424 2926 4492 accendit,
2961 4425 3113 4480 nitor
3154 4424 3362 4480 deinde
3411 4425 3780 4497 loquacitatis

223 4541 347 4583 suo
383 4522 646 4591 veniunt,
681 4520 821 4593 quia
865 4524 1068 4576 contra
1099 4522 1360 4574 sanctam
1407 4516 1729 4573 Ecclesiam
1761 4532 1828 4572 ex
1860 4533 1956 4571 su-
1990 4503 2037 4566 D
2069 4516 2252 4585 erigit,
2276 4519 2331 4570 et
2360 4519 2500 4570 tunc
2531 4515 2766 4569 demum
2801 4513 3037 4570 decoros
3068 4514 3415 4572 hominibus
3447 4514 3778 4590 hypocrisis

222 4615 446 4689 perbia
480 4616 810 4669 moventur.

304 4706 401 4761 44.
438 4703 758 4759 Amicorum
806 4701 903 4756 Job
941 4698 1168 4755 nomina
1217 4699 1492 4754 actionem
1533 4696 1756 4767 signant
1788 4696 1964 4752 here-

221 4798 502 4852 ticorum.
532 4820 603 4831 —
640 4790 894 4854 Quorum
949 4802 1218 4859 perversa
1265 4801 1493 4857 quoque
1543 4785 1694 4840 actio
1724 4800 1791 4840 ex
1833 4783 1962 4854 ipsa

223 4898 484 4940 suorum
516 4879 822 4934 nominum
846 4875 1320 4948 interpretatione
1342 4875 1654 4947 colligitur.
1682 4875 1964 4929 Dicuntur

229 4976 428 5041 enim,
487 4967 744 5037 Eliphaz,
781 4965 1018 5034 Baldad,
1068 4964 1328 5035 SOphar;
1362 4969 1437 5032 et,
1489 4965 1640 5019 sicut
1689 4965 1962 5034 superius

225 5064 530 5126 diximus,
561 5057 793 5126 Eliphaz
843 5057 1254 5127 interpretatus
1300 5055 1535 5122 dicitur,
1564 5053 1659 5109 Dei
1703 5060 1960 5109 contem-

218 5155 394 5221 ptu.
437 5145 564 5202 Nisi
598 5143 752 5199 enim
791 5144 968 5198 Deum
1003 5148 1463 5208 contemnerent,
1488 5157 1858 5213 nequaquam
1891 5142 1961 5196 de

301 5375 393 5448 (ᾳ)
422 5371 533 5448 ys,
568 5370 770 5448 Gorb_.,_
793 5373 1008 5448 Germ.,
1041 5373 1409 5448 convenerunt
1448 5369 1512 5426 de
1545 5371 1654 5448 loco
1692 5387 1811 5448 suo.

299 5440 387 5514 (ὑ)
414 5443 689 5514 Colbert.,
714 5441 808 5498 hic
849 5445 1080 5514 stimox,
1105 5440 1473 5514 humilitatem
1509 5442 1964 5511 patientiz,con~

216 5513 644 5576 sentientibus
676 5513 794 5586 hic,
828 5513 927 5586 sed
963 5529 1077 5568 non
1109 5513 1574 5586 inferius,Corb.
1607 5519 1664 5570 et
1687 5515 1825 5586 Reg.

323 5589 385 5654 ε)
421 5588 485 5642 In
517 5584 817 5641 nonnullis
849 5584 1012 5650 Mss.,
1046 5583 1283 5654 torpori:
1311 5584 1534 5654 frigori.

296 5590 385 5726 Si?
421 5590 485 5642 In
517 5590 817 5641 nonnullis
850 5590 1012 5650 Mss.,
1046 5590 1534 5712 torporisérigori.

371 5661 392 5730 )
447 5659 529 5713 lta
588 5657 726 5713 Mss.
779 5656 1002 5722 Norm.,
1049 5655 1240 5724 Corb.,
1343 5672 1508 5724 erm.,
1565 5657 1751 5727 Colb.,
1792 5662 1953 5728 Reg.,

2073 4605 2346 4663 ostendit.

2694 4693 2928 4749 CAPUT
2958 4694 3152 4750 XXIII.

2144 4787 2281 4840 IBID.
2315 4813 2382 4824 —
2414 4782 2782 4838 Condixerant
2824 4786 2975 4838 enim
3005 4793 3063 4839 ut
3093 4786 3299 4853 pariter
3341 4787 3612 4844 venientes
3642 4787 3777 4842 visi-

2071 4882 2251 4932 tarent
2294 4890 2440 4941 eum,
2483 4876 2533 4928 et
2587 4874 3023 4928 consolarentur.
3060 4875 3239 4928 —46.
3292 4875 3550 4930 Haretici
3585 4878 3775 4928 contra

2071 4963 2383 5021 Ecclesiam
2423 4964 2776 5020 concordant.
2823 4965 2998 5018 Amici
3049 4970 3274 5033 possunt
3323 4963 3524 5017 vocari.
3560 4962 3777 5017 Condi—

2071 5059 2210 5110 cunt
2240 5054 2349 5109 sibi
2385 5052 2659 5118 haeretici,
2690 5054 2926 5123 quando
2960 5068 3131 5121 prava
3163 5052 3424 5122 quaedam
3449 5055 3644 5106 contra
3676 5053 3778 5108 Ec-

2069 5143 2309 5201 clesiam
2342 5142 2708 5199 concorditer
2738 5143 3031 5210 sentiunt;
3066 5144 3120 5194 et
3147 5141 3202 5194 in
3238 5138 3449 5209 quibus
3478 5157 3510 5196 a
3539 5142 3774 5198 veritate

2067 5366 2310 5426 Floriac.
2344 5369 2400 5421 et
2431 5379 2575 5434 pene
2617 5375 2845 5417 omnes.
2879 5357 3109 5435 Primus
3149 5376 3216 5415 ex
3247 5359 3491 5435 Remig.,
3527 5380 3628 5435 quo
3675 5367 3771 5435 fw-

2065 5440 2299 5494 ditatum
2329 5431 2459 5492 vitm
2495 5435 2825 5489 intrinsecus
2870 5431 3071 5486 callide
3111 5432 3400 5489 occultant.
3435 5431 3583 5492 Editi
3615 5431 3768 5506 vero,

2066 5508 2374 5566 calliditate
2404 5507 2695 5561 occultant.

2137 5580 2206 5652 (e)
2243 5580 2301 5632 In
2337 5579 2461 5645 Ed.,
2493 5575 2741 5632 accendit
2772 5574 2832 5630 in
2862 5574 3037 5633 corde.
3076 5579 3192 5632 Hoc
3222 5576 3492 5648 glossema
3526 5581 3581 5634 in
3612 5581 3770 5637 corde

2066 5653 2335 5712 nesciunt
2364 5654 2500 5705 Mss.
