4156 6178
304 266 421 328 623

1581 255 1860 318 SANCTI
1910 251 2280 315 GREGOBII
2329 252 2573 314 MAGNI

3702 253 3815 314 624

305 404 660 476 discrepant,
685 402 797 458 sibi
821 402 881 458 in
905 402 1152 457 falsitate
1176 397 1550 455 concordant.
1577 394 1792 448 Omnes
1820 399 2004 446 autem
2037 390 2090 457 Α
2122 405 2298 456 super
2326 392 2501 459 caput
2532 389 2590 444 in
2623 387 2832 444 coelum
2873 403 3165 460 spargere,
3199 391 3288 444 est
3333 387 3599 444 saeculari
3652 386 3826 442 intel-

306 495 408 564 qui
441 509 546 549 nos
578 494 648 549 de
697 493 1019 548 aeternitate
1061 489 1360 553 erudiunt,
1393 487 1528 557 quid
1582 483 1736 538 aliud
1773 483 2010 546 faciunt,

305 584 420 640 nisi
453 584 509 638 in
543 583 1023 655 peregrinationis
1064 587 1274 637 nostris
1325 595 1430 633 nos
1463 576 1774 632 afﬂictione
1806 589 2015 629 conso-

303 675 505 732 lantur
525 675 552 730 ?
583 676 840 730 Haeretici
875 680 1092 739 autem,
1119 672 1256 744 quia
1277 675 1537 725 sanctam
1563 668 1880 724 Ecclesium
1909 681 2015 719 sua

306 766 510 822 docere
552 764 910 830 desiderant,
941 763 1010 817 ad
1043 778 1168 816 eam
1203 759 1370 831 quasi
1404 757 1769 814 consolantes
1801 769 2014 826 appro-

307 855 615 926 pinquant.
637 853 741 909 Nic
775 854 988 908 mirum
1011 852 1161 922 quod
1189 849 1285 922 qui
1310 849 1743 903 adversantium
1771 847 2014 899 formam

304 945 660 1015 exprimunt,
693 943 865 998 amici
901 941 1296 1004 nominantur,
1327 955 1461 994 cum
1496 937 1604 1008 ipsi
1640 951 1868 1007 quoque
1897 938 2017 987 tra-

309 1034 481 1088 ditori
531 1032 778 1087 dicitur:
827 1033 1030 1097 Amice,
1064 1031 1132 1085 ad
1184 1028 1314 1100 quid
1365 1028 1559 1083 venisti
1606 1027 1816 1096 (Matth.
1859 1038 2014 1088 xxvr,

311 1121 447 1189 50)?
477 1126 532 1178 et
563 1122 742 1186 dives,
768 1122 868 1192 qui
903 1121 959 1175 in
994 1119 1203 1174 interni
1237 1120 1368 1188 igne
1407 1118 1686 1180 exuritur,
1720 1115 1792 1170 ab
1835 1114 2017 1167 Abra-

308 1211 447 1266 ham
493 1210 645 1266 tilius
673 1217 912 1265 vocatur
959 1211 1112 1279 (Luc.
1146 1225 1256 1265 xvr.
1291 1207 1420 1275 25);
1457 1208 1593 1277 quia
1640 1205 1745 1260 etsi
1782 1221 1882 1276 per
1912 1218 2019 1257 nos

311 1301 465 1357 male
495 1301 704 1373 corrigi
738 1302 1060 1371 negligunt,
1084 1301 1325 1369 dignum
1361 1303 1555 1351 tamen
1589 1300 1674 1350 est
1704 1300 1764 1349 ut
1793 1312 1826 1348 a
1852 1292 2019 1348 nobis

311 1409 427 1448 non
477 1407 545 1450 ex
575 1410 681 1448 sua
731 1392 1012 1462 nequitia,
1047 1390 1146 1446 sed
1198 1406 1262 1444 ex
1313 1393 1505 1442 nostra
1553 1386 1908 1456 benignitate
1939 1384 2017 1456 (a)

309 1484 482 1540 amici
516 1484 919 1540 nominentur.

937 1574 1169 1630 CAPUT
1211 1572 1404 1628 XXIV.

379 1668 555 1721 Vsus.
591 1668 674 1720 12.
710 1697 777 1706 ——
810 1666 1050 1737 Cumque
1097 1665 1397 1720 etevassent
1425 1661 1614 1733 procul
1662 1661 1842 1717 oculos
1874 1674 2018 1728 suos,

309 1774 418 1814 non
448 1765 815 1829 cognoverunt
846 1774 993 1813 eum.

384 1849 473 1904 47.
523 1851 652 1906 Νοη
697 1850 1022 1920 cognoscunt
1074 1846 1397 1902 Ecclesium.
1451 1845 1579 1900 Cur.
1629 1875 1699 1886 —-
1760 1842 2018 1899 Hairetici

311 1938 526 2009 quique
557 1953 692 1993 cum
723 1941 940 1995 sanctis
972 1935 1238 1992 Ecclesiae
1273 1937 1422 1989 facta
1453 1933 1846 2000 considerant,
1881 1948 2018 1988 ocu-

308 2027 397 2083 los
427 2026 640 2089 levant,
675 2027 811 2098 quia
848 2027 1113 2082 videlicet
1161 2025 1266 2096 ipsi
1303 2025 1360 2079 in
1393 2025 1510 2079 imo
1553 2023 1724 2093 positi
1776 2025 1932 2089 sunt,
1967 2026 2022 2078 et

311 2132 444 2171 cum
496 2119 624 2186 ejus
673 2132 847 2188 opera
891 2113 1233 2184 respiciunt,
1275 2113 1332 2168 in
1383 2113 1499 2167 alto
1555 2116 1695 2166 sunt
1737 2111 1848 2166 sita
1895 2130 2019 2182 quas

311 2211 588 2274 cernunt;
621 2208 721 2262 sed
753 2211 946 2262 tamen
981 2206 1127 2260 hanc
1151 2205 1207 2259 in
1258 2204 1456 2258 dolore
1489 2202 1736 2274 positam
1773 2219 1886 2258 non
1919 2219 2022 2258 co-

309 2301 615 2368 gnoscunt.
645 2297 778 2367 Ipsa
819 2298 1033 2370 quippe
1066 2297 1286 2369 appetit
1317 2297 1410 2353 hic
1445 2299 1600 2356 mala
1651 2301 1921 2372 recipere,
1957 2303 2023 2354 ut

309 2387 495 2459 possit
523 2387 592 2441 ad
636 2391 859 2442 aeternae
903 2387 1384 2442 remunerationis
1427 2390 1732 2458 praemium
1777 2394 2020 2460 purgata

309 2477 628 2548 pervenire.
665 2476 1013 2546 Plerumque
1046 2493 1324 2548 prospera
1355 2478 1587 2544 metuit,
1611 2485 1665 2534 et
1709 2479 2020 2550 disciplina

321 2565 662 2620 eruditionis
703 2565 1014 2621 hilarescit.
1050 2565 1310 2620 I-lazretici
1357 2567 1560 2637 igitur,
1596 2568 1728 2638 quia
1762 2585 1864 2638 pro
1899 2584 2021 2622 ma-

311 2672 425 2728 gno
457 2657 766 2728 praesentia
797 2662 1096 2728 appetunt,
1129 2673 1254 2711 eam
1296 2657 1352 2712 in
1392 2659 1732 2714 vulneribus
1765 2659 2016 2730 positam

312 2764 427 2802 non
463 2753 845 2817 cognoscunt.
881 2747 997 2801 Hoc
1031 2762 1285 2816 namque
1334 2747 1484 2814 quod
1521 2747 1578 2802 in
1613 2748 1714 2803 illa
1745 2754 2012 2817 cernunt,

310 2838 369 2892 in
395 2853 633 2892 suorum
667 2837 925 2891 cordium
950 2837 1027 2908 (b)
1059 2837 1386 2907 cognitione
1410 2855 1523 2892 non
1559 2838 1841 2910 relegunt.
1871 2841 2016 2895 Cum

308 2942 443 2995 ergo
486 2925 609 2979 haec
639 2929 694 2979 et
725 2925 1175 2980 adversitatibus
1218 2925 1462 2995 proficit,
1498 2926 1607 2998 ipsi
1643 2944 1747 2982 suo
1793 2927 2018 2997 stupori

309 3013 594 3066 inhaerent
643 3028 656 3066 :
711 3011 852 3082 quia
899 3029 998 3082 per
1047 3015 1511 3083 experimentum
1570 3015 1841 3086 ignorant
1890 3032 2019 3086 quas

306 3101 530 3157 vident.

768 3192 1002 3247 CAPUT
1028 3192 1176 3248 xxv
1206 3193 1360 3263 [Vet.
1394 3191 1549 3262 XIX].

377 3285 520 3340 Isin.
569 3316 635 3324 —
690 3284 986 3355 Scissisque
1048 3285 1304 3353 vestibus,
1348 3287 1671 3355 sparserunt
1731 3285 2012 3353 pulverem

305 3391 470 3446 super
499 3383 658 3442 caput
679 3389 840 3428 suum
868 3374 925 3427 in
955 3373 1170 3427 caelum.

376 3463 463 3517 48.
499 3463 696 3517 Multas
725 3464 784 3516 in
819 3467 1006 3534 partes
1035 3463 1322 3517 scinditur.
1354 3492 1424 3503 —
1461 3461 1623 3518 Sicut
1665 3462 2009 3519 vestimenta

305 3552 572 3608 Ecclesiae
622 3557 865 3608 cunctos
924 3551 1124 3608 fideles
1172 3553 1496 3623 accipimus
1536 3569 1549 3620 ;
1607 3554 1758 3608 unde
1802 3557 1858 3608 et
1906 3570 2009 3626 per

306 3643 646 3714 prophetam
704 3644 962 3697 dicitur:
1019 3642 1278 3696 Omnibus
1329 3644 1412 3696 his
1485 3643 1628 3697 velut
1691 3649 2008 3703 ornamento

301 3735 594 3798 vestieris;
624 3733 705 3788 ita
735 3732 1133 3788 haereticorum
1159 3737 1346 3788 vestes
1373 3737 1510 3787 sunt
1541 3749 1762 3802 omnes,
1795 3735 1894 3805 qui
1923 3736 2006 3791 eis

303 3823 669 3878 concorditer
699 3821 1063 3889 inhrrentes,
1099 3821 1336 3876 illorum
1377 3822 1670 3877 erroribus
1702 3822 2004 3881 involvun-

303 3917 416 3969 tur.
461 3911 686 3966 Habent
717 3927 847 3967 vero
879 3911 1132 3966 haeretici
1165 3910 1274 3966 hoc
1306 3911 1630 3982 proprium,
1659 3914 1814 3982 quod
1851 3914 1906 3968 in
1941 3931 2004 3971 eo

301 4003 484 4074 gradu
520 4003 576 4056 in
600 4017 710 4072 quo
743 4002 813 4056 de
837 4001 1092 4056 Ecclesia
1137 4006 1369 4067 exeunt,
1393 4002 1494 4055 diu
1543 4007 1696 4056 stare
1721 4019 1835 4056 non
1871 4021 2006 4074 pos-

300 4099 472 4161 sunt;
510 4093 610 4148 sed
645 4093 714 4146 ad
755 4091 1042 4147 deteriora
1082 4090 1338 4159 quotidie
1372 4094 1568 4159 ruunt,
1603 4095 1658 4145 et
1702 4093 2002 4149 sentiendo

300 4187 518 4252 pejora,
560 4183 618 4236 in
671 4182 870 4237 multis
920 4198 982 4236 se
1017 4181 1274 4248 partibus
1324 4180 1619 4247 scindunt,
1653 4189 1825 4251 atque
1856 4199 2001 4237 ase-

301 4272 565 4341 metipsis
585 4271 928 4342 plerumque
957 4269 1186 4340 longius
1204 4269 1565 4324 confusionis
1598 4287 1710 4324 sua:
1755 4270 1999 4326 alterca-

298 4358 455 4412 tione
503 4360 860 4413 dividuntur.
895 4359 1039 4422 Quia
1086 4375 1221 4429 ergo
1257 4359 1358 4413 hos
1403 4376 1548 4429 quos
1577 4377 1696 4414 sure
1747 4362 1998 4431 perfidiis

296 4447 650 4517 adjungunt,
681 4447 780 4501 93
823 4447 1012 4500 adhuc
1043 4448 1102 4500 in
1147 4447 1334 4502 multa
1363 4447 1647 4503 divisione
1696 4447 1998 4521 dilaniant,

297 4536 528 4591 dicatur
561 4539 712 4591 recte
766 4536 918 4606 quod
970 4536 1139 4591 amici
1191 4538 1288 4608 qui
1338 4537 1577 4592 veniunt
1625 4549 1808 4595 vestes
1841 4557 2000 4595 rum-

296 4631 456 4699 pant.
492 4625 697 4696 Ruptis
731 4632 925 4679 autem
959 4626 1217 4680 vestibus
1247 4643 1456 4698 corpus
1485 4630 1830 4695 ostenditur,
1865 4630 2002 4700 quia

295 4729 448 4785 saape
487 4713 692 4768 scissis
723 4712 1092 4782 sequacibus,
1126 4712 1346 4770 malitia
1377 4732 1578 4773 eorum
1629 4719 1997 4790 cogitationis

294 4804 590 4876 aperitur;
627 4806 690 4858 ut
730 4801 1021 4858 discordia
1053 4802 1216 4858 dolos
1260 4807 1588 4875 patefaciet,
1622 4824 1766 4878 quos
1810 4811 1996 4880 gravis

293 4895 455 4967 prius
485 4892 805 4950 concordia
837 4890 1011 4963 culpa
1041 4892 1363 4949 claudebat.

362 4987 448 5041 49.
500 4988 735 5042 Terrena
783 4983 845 5040 de
885 4982 1056 5040 verbis
1107 4982 1406 5038 cwtestibus
1452 4984 1691 5054 sapiunt.
1745 5017 1810 5028 --
1860 4987 1991 5043 Pul.

289 5092 479 5132 verem
512 5092 644 5131 vero
693 5075 751 5130 in
784 5073 994 5129 coelum
1043 5090 1221 5146 super
1261 5073 1452 5144 capita
1500 5083 1801 5145 spargunt.
1837 5078 1987 5144 Quid

290 5177 391 5232 per
441 5163 765 5232 pulverem,
816 5160 928 5217 nisi
970 5165 1198 5216 terrena
1237 5160 1672 5233 intelligentia?
1702 5163 1840 5233 quid
1892 5182 1993 5234 per

292 5259 486 5318 caput,
520 5251 634 5304 nisi
668 5251 797 5319 hoc,
831 5251 983 5323 quod
1019 5251 1335 5322 principale
1377 5260 1641 5306 nostrum
1683 5257 1791 5316 est,
1825 5269 1990 5309 mens

288 5337 573 5403 videlicet,
597 5339 942 5410 designatur
961 5341 988 5394 ?
1017 5341 1165 5404 Quid
1198 5357 1298 5411 per
1327 5340 1556 5407 cmlnm,
1585 5343 1696 5397 nisi
1730 5358 1994 5415 praecep-

288 5431 418 5484 tum
457 5441 720 5497 supernae
768 5427 1076 5485 locutionis
1105 5430 1494 5502 exprimitur?
1521 5431 1814 5489 Pulverem
1858 5449 1993 5504 ergo

357 5602 438 5675 (a)
465 5601 629 5681 Deest
652 5600 829 5681 etiam
855 5601 1040 5681 amici,
1064 5603 1120 5657 in
1146 5604 1285 5660 Mss.
1310 5605 1503 5669 Corb.,
1529 5608 1748 5675 Germ.,
1771 5609 1993 5681 Norm.,

289 5670 605 5746 Compend.
641 5679 698 5746 et
731 5670 860 5726 allis
885 5671 1203 5746 plerisque.

357 5744 450 5819 (b)'
467 5746 605 5806 Mss.
650 5745 874 5812 Norm.,
907 5759 986 5802 un
1029 5744 1368 5818 Compend.,
1395 5765 1549 5806 unus
1597 5753 1837 5823 Remig,
1867 5753 1991 5809 Val.

2123 482 2276 536 lectu
2316 485 2568 536 mentem
2638 496 3030 551 corrumpere,
3065 490 3115 535 et
3157 480 3227 534 de
3271 481 3458 535 verbis
3497 479 3832 536 caelestibus

2132 578 2363 628 terrena
2395 573 2627 628 sentire.
2659 572 2859 628 Divina
2889 576 3081 627 autem
3116 574 3284 628 verba
3334 569 3464 643 plus
3513 572 3837 626 discutiunt

2131 663 2495 732 plerumque,
2521 678 2693 732 quam
2728 661 2983 732 capiunt.
3008 660 3195 731 Super
3223 660 3416 730 capita
3438 660 3615 729 igitur
3646 659 3840 729 pulve-

2125 767 2244 806 rem
2281 761 2587 822 spargunt,
2623 752 2763 822 quia
2795 751 2851 805 in
2906 750 3207 821 praeceptis
3242 749 3336 805 Dei
3390 766 3490 820 per
3542 759 3829 805 terrenam

2124 839 2569 911 intelligentiam
2623 844 2770 897 ultra
2811 857 3050 897 suarum
3099 841 3383 896 mentium
3414 840 3566 896 vires
3597 841 3834 896 enitun-

2127 933 2235 984 tur.

2583 1057 2815 1114 CAPUT
2853 1058 3030 1114 xxvr
3061 1059 3208 1130 [Rea
3241 1056 3380 1128 xv].

2208 1165 2360 1217 Vers.
2412 1163 2494 1217 13.
2547 1195 2613 1204 --
2657 1164 3041 1237 Sederuntque
3085 1181 3209 1220 cum
3251 1179 3313 1220 eo
3361 1166 3417 1218 in
3443 1172 3587 1220 terra
3632 1173 3840 1235 septem

2128 1250 2312 1305 diebus
2345 1255 2393 1306 et
2417 1256 2624 1318 septem
2655 1254 2928 1308 noctibus.

2202 1377 2288 1432 50.
2323 1379 2432 1432 Per
2479 1377 2658 1446 ﬁctam
2707 1377 3086 1434 humilitatem
3131 1378 3486 1449 persuadere,
3519 1385 3708 1434 tenent
3739 1395 3832 1434 su-

2127 1467 2316 1540 perba.
2349 1500 2419 1507 —
2450 1466 2516 1523 In
2546 1468 2638 1522 die
2657 1485 2781 1539 quas
2826 1468 3094 1524 videmus
3139 1468 3511 1539 agnoscimus
3539 1487 3552 1534 ;
3587 1470 3646 1524 in
3677 1474 3844 1527 nocte

2132 1563 2350 1626 autem,
2385 1562 2482 1612 aut
2503 1555 2757 1612 cecitate
2790 1556 2870 1612 nil
2897 1557 3212 1622 cernimus.
3245 1565 3344 1613 aut
3369 1558 3666 1614 dubietate
3697 1560 3845 1616 cali-

2134 1663 2362 1720 gamus.
2398 1649 2503 1702 Per
2553 1647 2708 1703 diem
2751 1646 2944 1716 itaque
2993 1646 3401 1719 intelligentia,
3455 1662 3555 1718 per
3605 1655 3838 1707 noctem

2051 1749 2101 1816 B
2132 1755 2265 1796 vero
2313 1739 2640 1811 ignorantia
2685 1737 3049 1809 designatur.
3102 1739 3441 1810 Septenario
3488 1743 3684 1795 autem
3737 1757 3844 1796 nu-

2134 1844 2290 1885 mero
2323 1843 2560 1883 summa
2604 1826 2994 1881 universitatis
3026 1826 3389 1898 exprimitur.
3426 1825 3587 1882 Unde
3625 1832 3682 1883 et
3720 1845 3839 1885 non

2130 1917 2407 1990 amplius,
2459 1932 2635 1987 quam
2684 1915 2894 1971 diebus
2943 1919 3182 1987 septem,
3233 1931 3402 1971 omne
3453 1916 3560 1972 hoc
3608 1921 3844 1990 tempus

2130 2006 2536 2063 transitorium
2599 2009 3067 2060 consummatur.
3118 2005 3268 2070 Quid
3337 2009 3421 2060 est
3477 2021 3635 2077 ergo,
3688 2010 3849 2079 quod

2132 2096 2304 2153 amici
2355 2095 2501 2151 beati
2532 2094 2640 2151 Job
2689 2095 3000 2150 consedere
3030 2097 3081 2150 ei
3115 2099 3341 2166 septem
3381 2095 3589 2152 diebus
3621 2101 3678 2152 et
3721 2115 3850 2169 sep-

2131 2194 2242 2242 tem
2292 2186 2562 2241 noctibus
2593 2187 2942 2253 referuntur,
2974 2185 3087 2240 nisi
3140 2187 3290 2257 quod
3343 2185 3610 2252 haeretici,
3653 2188 3740 2242 vel
3777 2188 3838 2243 in

2131 2277 2223 2331 bis
2264 2275 2322 2330 in
2349 2275 2561 2346 quibus
2595 2291 2796 2329 verum
2829 2274 3026 2330 lumen
3061 2274 3413 2344 intelligunt,
3450 2275 3531 2330 vel
3562 2275 3618 2330 in
3648 2275 3741 2331 his
3776 2277 3840 2331 in

2132 2364 2345 2436 quibus
2386 2363 2724 2435 ignorantiae
2776 2363 3042 2419 tenebras
3093 2366 3417 2435 patiuntur,
3454 2364 3621 2434 quasi
3670 2363 3842 2419 infir-

2131 2454 2316 2508 manti
2370 2459 2580 2508 sanctas
2618 2452 2890 2508 Ecclesia:
2929 2469 2990 2507 se
3023 2453 3486 2509 condescendere
3528 2453 3835 2524 simulant,

2130 2543 2294 2614 eique
2325 2542 2434 2597 sub
2472 2541 3003 2598 blandimentorum
3043 2543 3254 2612 specie,
3279 2543 3442 2598 dolos
3473 2544 3836 2614 deceptionis

2129 2635 2386 2704 parant?
2421 2633 2487 2686 Et
2509 2633 2778 2704 quamvis
2801 2633 2886 2688 vel
2911 2633 2969 2687 in
3003 2631 3092 2687 his
3117 2649 3243 2703 quae
3275 2633 3636 2704 intelligunt,
3663 2632 3751 2688 vel
3776 2633 3834 2689 in

2129 2721 2220 2776 his
2243 2739 2368 2794 quae
2394 2723 2713 2794 intelligere
2740 2739 2852 2777 non
2888 2728 3148 2793 possunt,
3173 2721 3434 2777 elationis
3456 2724 3530 2793 (ο)
3553 2728 3692 2794 typo
3726 2735 3840 2779 tur-

2128 2815 2269 2886 gidi,
2299 2833 2539 2887 magnos
2564 2833 2624 2871 se
2648 2815 2800 2887 apud
2825 2816 3167 2887 semetipsos
3191 2814 3547 2883 existimant,
3567 2832 3840 2872 nonnun-

2127 2920 2299 2974 quam
2319 2911 2508 2960 tamen
2531 2910 2744 2959 sanctas
2761 2905 3022 2960 Ecclesiae
3043 2908 3234 2977 specie
3249 2908 3420 2959 tenus
3441 2904 3754 2972 inclinant;
3779 2911 3839 2961 et

2131 2993 2270 3047 dum
2303 2995 2477 3049 verba
2525 2993 2808 3062 molliunt,
2842 2996 3000 3051 virus
3031 2994 3369 3049 infundunt.
3406 2998 3469 3049 In
3508 3001 3661 3049 terra
3700 3010 3837 3064 ergo

2131 3083 2459 3149 consedere,
2495 3089 2581 3139 est
2607 3084 2825 3155 aliquid
2867 3085 2938 3139 de
2969 3084 3218 3150 imagine
3259 3082 3610 3139 humilitatis
3643 3088 3842 3138 osten-

2129 3171 2295 3236 dere;
2330 3177 2394 3226 ut
2414 3174 2552 3227 dum
2576 3172 2826 3228 humilia
2855 3173 3148 3243 exhibent,
3174 3173 3562 3244 persuadeant
3582 3174 3839 3245 superba

2123 3277 2249 3332 quas
2281 3262 2506 3316 docent.

2193 3348 2331 3419 [Vet.
2379 3349 2502 3420 XX.)
2549 3349 2638 3404 51.
2686 3349 2978 3406 Nobiscum
3025 3349 3084 3406 in
3139 3358 3286 3405 terra
3336 3350 3521 3405 sedent
3581 3365 3702 3405 cum
3760 3352 3831 3407 de

2123 3439 2507 3495 incarnatione
2561 3441 2844 3498 nobiscum
2901 3443 3267 3497 consentiunt.
3311 3471 3380 3482 ·-’
3429 3441 3625 3495 Potest
3692 3457 3825 3496 vero

2121 3544 2225 3600 per
2245 3534 2459 3586 terram
2491 3531 2615 3603 ipsa
2645 3531 2816 3588 etiam
2851 3530 3524 3588 Mediatorisincarnatio
3557 3530 3829 3602 designa-

2122 3620 2189 3675 ri.
2233 3618 2392 3675 Unde
2422 3624 2477 3676 et
2507 3623 2576 3676 ad
2611 3620 2783 3677 Israel
2815 3622 3025 3676 dicitur
3056 3638 3069 3676 :
3103 3622 3288 3676 Altare
3318 3621 3382 3675 de
3410 3630 3562 3675 terra
3602 3623 3829 3688 facietis

2118 3708 2255 3762 mihi
2284 3710 2476 3780 (Exod.
2502 3728 2594 3780 xx,
2623 3712 2737 3782 24).
2763 3711 2953 3766 Altare
2985 3710 3142 3765 enim
3174 3712 3245 3765 de
3276 3714 3428 3765 terra
3461 3714 3571 3765 Deo
3616 3711 3828 3772 facere.

2118 3801 2206 3852 est
2236 3798 2293 3853 in
2328 3799 2784 3854 incarnationem
2818 3799 3148 3854 Mediatoris
3188 3815 3438 3870 sperare.
3473 3803 3634 3853 Tunc
3661 3800 3829 3873 quip-

2117 3903 2187 3958 pe
2217 3906 2246 3942 a
2291 3889 2406 3944 Deo
2440 3907 2653 3945 munus
2707 3897 2972 3945 nostrum
3009 3889 3308 3959 accipitur,
3337 3892 3572 3960 quando
3618 3889 3676 3944 in
3720 3890 3834 3946 hoc

2117 3975 2281 4032 altari
2310 3985 2506 4033 nostra
2530 3981 2850 4045 humilitas,
2877 3981 2930 4033 id
2961 3984 3069 4046 est,
3095 3995 3270 4048 super
3301 3979 3606 4033 Dominicaa
3629 3978 3816 4066 incarl-

2115 4067 2368 4122 nationis
2405 4068 2598 4132 fidem,
2629 4072 2880 4137 posuerit
2917 4069 3202 4139 quidquid
3234 4076 3529 4138 operatur.
3557 4072 3610 4120 in
3646 4066 3794 4120 altar

2112 4171 2246 4226 ergo
2280 4158 2349 4210 de
2373 4163 2524 4212 terra
2556 4158 2815 4213 oblatum
2852 4175 3069 4213 munus
3104 4159 3392 4227 ponimus,
3428 4159 3476 4212 si
3511 4163 3675 4210 actus
3708 4173 3819 4211 no-

2111 4250 2264 4300 stros
2293 4246 2600 4301 Dominicas
2618 4248 3031 4303 incarnationis
3053 4248 3163 4301 {ide
3185 4246 3528 4301 solidamus.
3546 4248 3650 4300 Sed
3673 4251 3816 4301 sunt

2109 4330 2354 4386 nonnuli
2393 4333 2640 4387 haeretici
2679 4334 2778 4404 qui
2813 4335 3023 4388 factam
3073 4332 3403 4387 Mediatoris
3451 4331 3813 4385 incarnatio-

2109 4437 2242 4476 nem
2272 4438 2385 4476 non
2440 4423 2748 4494 denegant,
2783 4424 2883 4478 sed
2918 4429 3015 4478 aut
3045 4422 3115 4477 de
3165 4422 3470 4476 divinitate
3502 4438 3681 4492 quam
3726 4429 3818 4477 est

2036 4505 2078 4569 Ι)
2111 4511 2278 4567 aliter
2321 4512 2628 4582 aestimant,
2661 4519 2764 4568 aut
2813 4513 2872 4567 in
2921 4513 3050 4584 ipsa
3095 4529 3129 4567 a
3180 4511 3346 4566 nobis
3393 4511 3822 4567 incarnationis

2114 4600 2394 4672 qualitate
2439 4601 2790 4657 discordant.
2826 4601 2933 4668 Qui
2975 4617 3106 4666 ergo
3137 4615 3335 4655 veram
3381 4600 3690 4654 nobiscum
3727 4601 3820 4655 in-

2112 4692 2508 4747 carnationem
2544 4691 2940 4762 Redemptoris
2973 4690 3300 4762 perhibent,
3336 4689 3506 4760 quasi
3538 4705 3674 4745 cum
3705 4690 3820 4747 Job

2107 4782 2166 4838 in
2216 4791 2366 4836 terra
2400 4783 2616 4853 pariter
2655 4784 2877 4838 sedent.
2911 4782 3139 4852 Septem
3174 4795 3304 4835 vero
3356 4778 3562 4834 diebus
3595 4785 3654 4835 et
3686 4795 3813 4849 sep-

2108 4875 2222 4927 tem
2257 4873 2523 4927 noctibus
2559 4873 2616 4926 in
2659 4877 2814 4927 terra
2865 4873 3176 4926 consedere
3205 4869 3640 4935 describuntur,
3677 4870 3818 4939 quia

2105 4961 2195 5017 vel
2218 4963 2274 5016 in
2308 4962 2414 5017 hoc
2437 4963 2587 5034 quod
2623 4961 2844 5033 aliquid
2877 4962 2947 5016 de
2972 4960 3324 5031 plenitudine
3354 4958 3612 5013 veritatis
3642 4958 3807 5013 intel-

2107 5049 2320 5121 ligunt,
2351 5051 2435 5107 vel
2469 5053 2526 5105 in
2559 5051 2665 5106 hoc
2697 5051 2851 5122 quod
2885 5067 3003 5105 sua:
3036 5049 3296 5105 stultitiae
3334 5047 3586 5103 tenebris
3629 5063 3816 5102 excae-

2109 5146 2339 5208 cantur,
2363 5140 2782 5196 incarnationis
2805 5140 3142 5212 mysterium
3169 5153 3377 5208 negare
3398 5153 3513 5192 non
3537 5143 3812 5207 possunt.

2112 5231 2250 5285 Cum
2290 5229 2449 5285 beato
2481 5247 2616 5301 ergo
2662 5229 2770 5286 Job
2803 5231 2860 5283 in
2907 5236 3052 5284 terra
3099 5231 3316 5295 sedere,
3349 5232 3438 5284 est
3476 5241 3666 5282 veram
3705 5226 3817 5284 Re-

2106 5321 2422 5389 demptoris
2451 5336 2683 5376 carnem
2715 5336 2846 5376 cum
2880 5324 3082 5375 sancta
3112 5317 3363 5374 Ecclesia
3387 5317 3643 5374 credere.

2176 5411 2276 5468 92
2307 5411 2396 5466 52.
2429 5411 2597 5466 Mutis
2626 5412 2814 5476 amici,
2845 5407 3349 5467 contradicentibus
3387 5408 3533 5478 ﬁunt
3564 5408 3813 5464 adversa-

2106 5603 2214 5669 Cl.,
2274 5603 2332 5656 in
2397 5617 2622 5657 suorum
2682 5603 2928 5658 cordium
2990 5600 3333 5669 cogitatione
3407 5613 3519 5654 non
3573 5598 3810 5669 eligunt.

2109 5673 2372 5746 Longip.,
2405 5677 2460 5727 in
2492 5689 2720 5728 suorum
2748 5674 2992 5729 cor-dium
3021 5675 3334 5746 conpitione
3365 5686 3470 5726 non
3505 5671 3739 5746 eligunt.

2179 5743 2456 5816 (ciCorb.,
2471 5747 2689 5814 Germ.,
2712 5746 2986 5816 secunda,
3007 5744 3106 5801 sed
3130 5747 3371 5818 antiqua
3391 5758 3592 5813 manu,
3614 5743 3804 5816 typho.
