4156 6178
307 185 435 246 625

1263 178 1681 244 MORALIUM
1729 177 1872 241 LIB.
1923 176 2029 240 III.
2077 208 2153 220 —-
2197 176 2274 239 IN
2322 176 2493 238 CAP.
2539 177 2593 238 II
2637 179 2706 239 B.
2754 180 2914 242 JOB.

3734 201 3851 261 626

304 321 407 378 rii.
432 315 854 392 —Aliquando
876 334 1007 375 vero
1040 318 1290 374 haeretici
1323 324 1525 375 contra
1555 334 1660 373 nos
1688 316 1863 372 etiam
1891 331 2027 386 sup-
2057 315 2106 381 Α
2141 313 2303 368 rem?
2345 313 2525 377 Quem
2574 317 2772 370 tamen
2807 333 2839 370 a
2870 316 3065 388 proelio
3109 325 3492 382 revertentem
3526 329 3607 386 ire
3641 334 3710 388 ad
3744 334 3853 389 do-

309 408 500 478 pliciis
531 410 796 476 saeviunt,
830 406 1141 477 aliquando
1174 423 1279 462 nos
1311 406 1452 461 solis
1482 405 1669 460 verbis
1700 404 2023 475 insequun-

308 504 428 567 tur,
457 499 772 570 aliquando
797 499 1023 569 quietos
1043 499 1121 568 (a)
1141 498 1452 562 lacessunt,
1479 496 1789 566 aliquando
1813 502 2026 570 autem,

309 589 358 645 si
410 606 513 645 110"
563 593 824 644 tacentes
873 589 1123 654 videant,
1159 589 1506 658 quiescunt;
1540 591 1597 639 et
1639 587 1816 640 mutis
1858 565 2029 638 amici

308 684 470 747 sunt,
501 677 884 749 loquentibus
917 679 1317 733 adversantur.
1348 677 1504 732 Unde
1527 675 1664 745 quia
1696 676 1900 730 beatus
1922 674 2029 729 Job

312 770 565 825 necdum
599 771 668 823 ad
705 767 838 824 illos
870 767 1093 838 aliquid
1124 767 1416 823 disserens
1450 767 1693 833 dixerat,
1727 770 1875 820 recte
1903 766 2032 820 sub-

303 857 620 930 jungitur:
659 860 728 912 Et
777 873 939 912 nemo
986 856 1302 928 loquebatur
1349 857 1406 911 ei
1455 855 1694 910 verbum.
1750 854 2028 910 Tacentes

314 947 472 1004 enim
522 946 887 1002 adversarios
936 947 1241 1014 habemus,
1275 946 1319 1000 si
1353 961 1496 999 verae
1531 945 1662 1000 fidei
1697 944 1848 999 filios
1882 961 2030 1014 pras-

315 1037 562 1093 dicando
612 1051 890 1108 generare
935 1035 1307 1108 negligimus.
1342 1036 1398 1089 Si
1431 1039 1626 1090 autem
1674 1043 1828 1090 recta
1870 1033 2030 1104 loqui

317 1125 661 1197 incipimus,
709 1142 916 1198 graves
967 1143 1099 1182 mox
1149 1125 1533 1182 contumelias
1563 1142 1629 1180 ex
1660 1142 1860 1181 eorum
1903 1142 2032 1180 res-

316 1216 602 1289 ponsione
634 1218 959 1285 sentimus;
995 1219 1257 1288 protinus
1278 1217 1355 1289 (b)
1378 1217 1435 1271 in
1461 1218 1872 1272 adversitatem
1898 1233 2030 1287 pro-

318 1307 549 1376 siliunt,
584 1316 642 1363 et
683 1313 884 1363 contra
928 1325 1034 1363 nos
1081 1308 1138 1363 in
1185 1324 1379 1364 vocem
1432 1308 1647 1363 doloris
1697 1313 2032 1381 erumpunt,

325 1397 464 1470 quia
487 1397 754 1453 videlicet
787 1401 1051 1453 metuunt
1087 1414 1154 1452 ne
1177 1400 1368 1462 corda,
1395 1415 1519 1470 qua:
1550 1399 1605 1453 in
1642 1399 1862 1454 inlimis
1895 1417 2033 1470 pon-

322 1489 434 1542 dus
466 1486 727 1542 stultitiaa
759 1497 1046 1559 aggravet,
1083 1489 1149 1541 ad
1186 1487 1365 1542 altum
1400 1505 1505 1543 vox
1547 1495 1702 1543 recta
1745 1489 2035 1559 loquentis

324 1577 535 1631 trahat.
572 1577 715 1642 Quia
746 1594 905 1649 ergo,
940 1583 1004 1632 ut
1036 1577 1306 1644 diximus,
1344 1588 1531 1632 mulos
1577 1595 1682 1632 nos
1723 1579 2036 1634 adversarii

2137 419 2300 458 mum
2335 404 2603 458 admonet
2642 405 2815 470 pedes
2849 405 3056 463 lavare.
3092 409 3199 473 Qui
3234 414 3497 481 protinus
3526 423 3845 492 respondit,

2139 495 2336 549 dicens
2370 511 2382 548 :
2419 496 2557 549 Aren
2599 497 2816 551 Domini
2861 498 2960 551 sub
3008 502 3239 568 pellibus
3272 515 3370 570 est,
3404 514 3454 561 et
3487 524 3580 579 ego
3612 513 3668 565 in
3698 513 3853 570 domo

2138 601 2259 640 mea
2313 588 2676 656 resquiexcam
2720 588 2788 654 (ll
2835 590 2960 656 Reg.
3009 607 3088 658 x1,
3145 594 3272 659 ll)?
3317 598 3496 659 Quem
3549 599 3728 655 David
3782 603 3851 657 ad

2142 691 2402 731 mensam
2438 675 2731 746 propriam
2765 680 3043 749 suscepit,
3067 681 3235 754 eique
3263 686 3557 756 epistolas,
3585 707 3685 761 per
3706 708 3852 762 quas

2141 766 2285 822 mori
2346 766 2570 830 debeat,
2627 766 2822 821 tradit.
2868 767 3046 839 Cujus
3098 779 3295 829 autem
3345 776 3521 833 David
3554 780 3613 834 in
3646 781 3854 837 solario

2139 854 2523 912 deambulans
2573 859 2769 927 typum
2805 863 2980 925 tenet,
3016 861 3125 916 nisi
3162 864 3290 934 ejus
3322 866 3391 921 de
3422 885 3533 936 quo
3566 872 3853 943 scriptum

2138 952 2224 1002 est
2249 962 2260 999 :
2287 948 2349 999 1η
2378 945 2488 1001 sole
2516 949 2696 1016 posuit
2730 947 3145 1004 tabernaculum
3175 969 3336 1009 suum
3363 957 3534 1026 (Psal.
3570 976 3730 1029 xvm,
3755 962 3811 1032 ὃ)
3831 961 3858 1015 ?

2143 1035 2208 1090 Et
2239 1036 2375 1106 quid
2411 1040 2499 1090 est
2530 1036 2808 1091 Bersabee
2837 1038 2906 1092 ad
2940 1056 3001 1094 se
3037 1042 3368 1113 perducere,
3400 1046 3510 1101 nisi
3546 1047 3730 1121 legem
3762 1050 3856 1105 lit-

2140 1131 2296 1192 terae,
2331 1125 2550 1182 carnali
2585 1127 2797 1198 popqu
2829 1131 3228 1201 conjunctam,
3254 1135 3500 1205 spiritali
3537 1139 3647 1193 sibi
3682 1139 3858 1195 intel-

2141 1217 2292 1271 lectu
2319 1216 2578 1271 sociare?
2601 1217 2880 1273 Bersabee
2903 1225 3058 1275 enim
3087 1233 3290 1291 puteus
3316 1228 3599 1297 septimus
3619 1229 3854 1292 dicitur,

2143 1306 2277 1374 quia
2308 1306 2582 1361 nimirum
2618 1323 2718 1377 per
2748 1308 3139 1378 cognitionem
3176 1312 3342 1385 legis,
3367 1315 3660 1373 infusione
3692 1320 3858 1390 spiri-

2146 1395 2277 1450 talis
2295 1397 2778 1468 gratiae,perl'ecta
2797 1398 2964 1454 nobis
2984 1402 3268 1472 sapientia
3285 1406 3857 1472 ministratur.Quam

2144 1502 2276 1540 vero
2303 1485 2487 1556 Urias,
2519 1486 2629 1541 nisi
2653 1489 2964 1544 Judaicum
2997 1493 3273 1560 populum
3302 1495 3533 1566 signat?
3556 1500 3731 1566 Cujus
3754 1517 3862 1554 no-

2149 1591 2281 1628 men
2316 1575 2756 1646 interpretatum
2792 1579 3024 1645 dicitur,
3052 1581 3128 1650 (g)
3154 1583 3251 1637 lux
3283 1600 3408 1639 mea
3430 1585 3551 1639 Dei.
3575 1586 3858 1643 Judaicus

328 1666 600 1738 diligunt,
629 1667 932 1739 loquentes
955 1667 1225 1731 oderunt,
1252 1674 1404 1722 recte
1435 1668 1586 1739 apud
1613 1673 1900 1725 tacentem
1931 1669 2039 1724 Job
2070 1672 2118 1738 B
2148 1666 2243 1722 95
2271 1673 2462 1720 autem
2499 1666 2768 1736 populus,
2795 1669 2926 1737 quia
2958 1671 3027 1724 de
3062 1681 3298 1744 accepta
3329 1674 3469 1743 legis
3503 1675 3746 1732 scientia
3768 1694 3862 1733 ex-

327 1754 548 1810 dicitur
581 1771 594 1810 :

940 1848 1174 1905 CAPUT
1221 1848 1439 1905 XXVII.

402 1935 549 1992 Iern.
585 1939 754 1992 Nemo
786 1937 1106 2009 loquebatur
1133 1940 1186 1994 ei
1214 1940 1460 1996 verbum.

396 2025 487 2082 53.
523 2027 861 2099 Quandoque
886 2027 1052 2083 silere
1080 2033 1355 2098 coguntur
1382 2030 1645 2085 haeretici.
1676 2059 1744 2072 --
1772 2031 2049 2086 Nonnun-

331 2130 508 2185 quam
536 2121 726 2171 tamen
751 2132 880 2171 cum
905 2133 1004 2188 per
1028 2118 1623 2189 torporem(c)inertia
1644 2120 1903 2176 fidelium
1923 2140 2045 2178 cor-

331 2205 402 2260 da
421 2205 814 2274 considerant,
838 2209 1052 2263 erroris
1075 2210 1297 2264 semina
1321 2225 1593 2280 spargere
1613 2209 1904 2280 loquendo
1930 2231 2043 2269 non

335 2303 585 2351 cessant.
617 2297 756 2352 Cum
793 2313 921 2353 vero
974 2304 1198 2353 mentes
1250 2300 1531 2354 bonorum
1564 2300 1761 2355 vident
1803 2302 1915 2356 alla
1950 2321 2045 2359 sa-

336 2401 490 2456 pere,
519 2388 588 2441 ad
623 2387 866 2458 patriam
903 2388 1152 2442 reditum
1179 2405 1458 2460 quaerere,
1485 2391 1554 2444 de
1579 2407 1838 2446 aerumna
1866 2393 2044 2461 hujus

335 2474 521 2531 exsilii
555 2480 784 2532 strenue
816 2476 1033 2544 dolere,
1075 2477 1593 2550 circumspectione
1637 2481 1886 2536 sollicita
1932 2482 2045 2538 lin-

330 2581 510 2637 guam
546 2567 794 2632 frenant,
819 2567 953 2638 quia
987 2567 1186 2623 vident
1219 2570 1378 2640 quod
1410 2576 1610 2625 contra
1642 2573 1813 2626 corda
1845 2571 2045 2627 dolen-

334 2655 481 2712 tium
532 2657 830 2712 incassum
874 2659 1174 2730 loquentes
1212 2662 1384 2716 citius
1416 2664 1846 2719 obmutescunt.
1882 2667 2078 2722 Unde'

331 2752 394 2801 et
425 2752 574 2801 recte
604 2763 737 2802 cum
769 2747 1061 2803 diceretur
1097 2767 1109 2803 :
1144 2751 1304 2805 Nemo
1351 2751 1668 2821 loquebatur
1706 2755 1760 2807 ei
1802 2755 2044 2822 verbum,

337 2850 475 2890 mox
505 2851 679 2891 causa
710 2836 928 2892 silentii
960 2837 1338 2906 subinfertur,
1371 2855 1505 2895 cum
1541 2841 1753 2897 dicitur
1782 2860 1794 2898 :

937 2925 1170 2983 CAPUT
1209 2928 1468 2985 XXVIII.

404 3017 632 3071 Imn.-—
660 3016 913 3073 Videbunt
943 3017 1092 3073 enim
1123 3017 1375 3074 dolorem
1400 3020 1477 3091 (ά)
1509 3037 1622 3077 esse
1653 3023 2043 3085 vehementem.
2073 3045 2114 3112 ρ

402 3104 491 3158 54.
528 3104 662 3160 Cum
693 3121 762 3161 ex
788 3123 972 3162 amore
1000 3109 1100 3163 Dei
1128 3123 1221 3163 cor
1251 3107 1416 3176 dolet,
1448 3126 1626 3180 prava
1661 3110 1812 3184 loqui
1842 3115 2041 3169 adver-

301 3191 516 3250 'sarius
549 3198 765 3252 metuit.
801 3229 867 3240 —
899 3197 1042 3253 Cum
1085 3201 1238 3253 enim
1288 3200 1501 3256 amoris
1551 3201 1644 3256 Dei
1676 3203 1840 3259 dolor
1869 3204 2040 3262 vehe-

337 3301 502 3342 mens
533 3286 708 3342 corda
736 3293 932 3344 nostra
957 3288 1269 3361 transﬁgit,
1297 3291 1511 3362 passim
1547 3308 1722 3361 prava
1755 3293 1911 3366 loqui
1945 3295 2045 3350 ad-

334 3377 636 3433 versarius
686 3378 912 3446 metuit,
947 3377 1085 3449 quia
1114 3379 1269 3435 videt
1296 3382 1442 3448 quod
1476 3381 1758 3438 intentam
1794 3388 2046 3439 mentem

299 3463 650 3540 .lacessens,
685 3486 800 3525 non
846 3469 1036 3525 solum
1069 3471 1136 3525 ad
1183 3473 1609 3542 perversitatem
1659 3473 1883 3529 trahere
1930 3489 2046 3530 non

301 3553 510 3621 'valet,
535 3560 634 3614 sed
662 3560 732 3630 (e)
766 3577 868 3632 per
893 3560 1201 3617 excitatam
1235 3561 1469 3618 forsitan
1501 3566 1558 3617 et
1587 3579 1729 3634 quos
1759 3567 2046 3635 tenuerat,

337 3647 560 3718 perdet.

411 3738 548 3809 [Vet.
607 3739 732 3795 XXI.
798 3741 915 3796 Rec.
977 3743 1129 3814 XVI.]
1185 3743 1276 3798 55.
1346 3744 1409 3798 1η
1465 3742 1653 3814 script.
1715 3743 1845 3799 bene
1901 3747 2052 3811 gesta

341 3829 621 3885 interdum
664 3831 982 3900 signiﬁcant
1028 3834 1180 3890 male
1223 3833 1508 3905 gerenda;
1533 3849 1597 3887 ac
1626 3832 1742 3888 vice
1771 3849 1949 3891 versa.
1983 3865 2052 3874 —

338 3924 609 3978 Fortasse
659 3922 886 3995 aliquos
933 3932 1127 3981 movet
1175 3943 1278 3982 nos
1329 3927 1446 3981 haec
1497 3927 1576 3982 ita
1623 3927 1862 3993 dixisse,
1896 3925 2052 3996 quod

339 4029 468 4083 quae
518 4012 664 4068 bene
696 4015 767 4070 ab
807 4015 980 4072 amici
1030 4025 1192 4088 gesta
1240 4021 1395 4086 sunt,
1447 4018 1599 4073 male
1649 4018 1720 4072 ab
1771 4016 2053 4072 haereticis

339 4104 599 4176 gerenda
642 4104 990 4176 signiﬁcent.
1026 4107 1135 4162 Sed
1177 4106 1260 4163 sic
1295 4109 1634 4179 plerumque
1667 4125 1756 4162 res
1786 4107 2055 4178 qualibet

342 4211 447 4267 per
494 4193 790 4250 historiam
824 4195 1005 4252 virtus
1037 4206 1142 4262 est,
1177 4214 1272 4267 per
1316 4197 1799 4270 significationem
1833 4197 2005 4267 culpa
2037 4212 2052 4251 :

342 4287 498 4341 sicut
529 4285 845 4356 aliquando
879 4303 968 4342 res
1001 4297 1182 4359 gesta,
1208 4287 1262 4341 in
1292 4287 1438 4343 facto
1462 4304 1638 4343 causa
1660 4287 2056 4343 damnationis

343 4382 468 4443 est;
500 4376 557 4430 in
589 4378 807 4449 scripto
838 4385 1032 4433 autem
1068 4378 1372 4450 prophetia
1396 4379 1648 4433 virtutis.
1674 4381 1832 4444 Quod
1857 4396 2055 4436 verum

2157 1755 2396 1824 tollitur,
2428 1755 2594 1825 quasi
2627 1758 2695 1810 de
2726 1756 2825 1811 Dei
2874 1756 2998 1813 luce
3043 1758 3344 1830 gloriatur.
3381 1764 3485 1819 Sed
3535 1764 3668 1820 huic
3716 1766 3859 1822 Uria

2159 1843 2335 1899 David
2368 1860 2600 1900 uxorem
2637 1846 2899 1915 abstulit,
2927 1849 3153 1919 sibique
3180 1853 3483 1921 conjunxit
3509 1872 3522 1910 :
3546 1855 3683 1925 quia
3703 1855 3862 1912 vide-

2155 1932 2290 1988 licet
2330 1951 2505 1989 manu
2553 1935 2734 2003 fortis,
2770 1938 2922 2007 quod
2972 1937 3144 1994 David
3179 1941 3408 2011 dicitur,
3441 1942 3497 1997 in
3532 1960 3702 2000 carne
3749 1946 3862 2003 Be-

2155 2025 2422 2096 demptor
2451 2042 2757 2096 apparens,
2783 2028 2922 2081 dum
2947 2029 3015 2084 de
3039 2046 3098 2084 se
3120 2031 3456 2101 spiritaliter
3489 2033 3644 2106 loqui
3672 2035 3860 2108 legem

2152 2113 2428 2180 innotuit,
2454 2130 2556 2184 per
2577 2114 2707 2182 hoc,
2732 2117 2880 2183 quod
2902 2117 3064 2186 juxta
3086 2119 3338 2175 litteram
3368 2123 3688 2192 tenebatur,
3711 2125 3860 2181 hanc

2153 2222 2185 2260 a
2215 2205 2455 2260 Judaico
2508 2207 2716 2276 populo
2768 2213 3095 2264 extraneam
3145 2211 3595 2281 demonstravit;
3637 2214 3861 2285 sibique

2153 2295 2474 2363 conjunxit,
2525 2294 2662 2365 quia
2712 2313 2773 2351 se
2825 2313 2925 2367 per
2974 2297 3133 2353 illam
3187 2301 3483 2370 praedicari
3528 2303 3860 2360 declaravit.

2153 2385 2347 2440 Uriam
2373 2395 2565 2440 tamen
2599 2387 2666 2439 ad
2692 2387 2927 2440 domum
2963 2387 3043 2443 ire
3075 2388 3251 2444 David
3281 2392 3554 2447 admonet
3587 2393 3760 2462 pedes
3785 2392 3863 2448 la-

2152 2490 2306 2541 vare,
2343 2474 2475 2543 quia
2521 2474 2856 2532 incarnatus
2899 2477 3178 2532 Dominus
3207 2480 3440 2535 veniens
3471 2480 3715 2538 Judaico
3759 2499 3860 2553 po-

2155 2565 2290 2637 pulo
2337 2566 2603 2635 praecepit
2644 2575 2702 2620 ul
2743 2568 2813 2620 ad
2856 2569 3272 2624 conscientiam
3320 2570 3535 2637 redeat,
3569 2580 3622 2626 et
3661 2573 3860 2628 sordes

2154 2671 2392 2724 operum
2424 2654 2658 2710 ﬂetibus
2689 2659 2906 2727 tergat;
2943 2667 3001 2711 ut
3031 2657 3371 2729 spiritaliter
3415 2663 3686 2716 mandata
3718 2663 3861 2732 legis

2155 2745 2453 2816 intelligat.
2482 2752 2538 2801 et
2560 2752 2684 2815 post
2714 2752 2937 2802 tantam
2963 2748 3232 2803 duritiam
3269 2756 3711 2822 praeceptorum,
3738 2752 3861 2809 fon-

2158 2840 2265 2891 tem
2308 2835 2680 2905 baptismatis
2713 2836 3032 2906 inveniens,
3067 2839 3137 2892 ad
3172 2856 3380 2909 aquam
3429 2845 3559 2912 post
3600 2841 3860 2898 laborem

2159 2931 2429 2984 recurrat.
2465 2927 2574 2982 Sed
2608 2926 2797 2997 Urias,
2830 2928 2928 2998 qui
2961 2945 3148 2984 arcam
3184 2929 3412 2985 Domini
3442 2947 3570 2987 esse
3601 2934 3708 2988 sub
3741 2934 3863 3003 pel-

2157 3017 2310 3072 libus
2342 3016 2624 3081 meminit,
2657 3018 2957 3087 respondit
2987 3020 3140 3090 quod
3175 3019 3416 3075 domum
3449 3037 3614 3077 suam
3647 3022 3863 3078 intrare

2155 3123 2268 3162 non
2306 3109 2504 3178 possit.
2539 3109 2616 3161 Ac
2649 3108 2696 3161 si
2728 3106 3007 3162 Judaicus
3039 3109 3290 3179 populus
3321 3110 3472 3165 dicat
3507 3125 3520 3164 :
3553 3111 3667 3181 Ego
3703 3127 3864 3166 man-

2152 3197 2285 3251 data
2315 3195 2416 3252 Dei
2455 3195 2511 3250 in
2555 3196 2860 3251 sacriﬁciis
2893 3198 3224 3252 carnalibus
3263 3198 3450 3267 video,
3483 3205 3538 3255 et
3571 3201 3757 3255 redire
3789 3201 3861 3255 ad

2153 3283 2572 3339 conscientiam
2601 3300 2701 3354 per
2727 3282 3045 3354 spiritalem
3069 3284 3514 3357 intelligentiam
3539 3303 3650 3342 non
3677 3287 3866 3358 requi-

2155 3390 2236 3430 ro.
2262 3373 2436 3440 Quasi
2460 3375 2615 3428 enim
2637 3390 2831 3429 arcam
2855 3391 2983 3429 esse
3006 3377 3114 3429 sub
3137 3375 3386 3445 pellibus
3408 3376 3569 3446 dicit,
3593 3377 3691 3448 qui
3717 3395 3862 3449 prae-

2157 3469 2321 3535 cepta
2352 3463 2452 3519 Dei
2482 3481 2595 3520 non
2621 3464 2730 3519 nisi
2756 3465 2827 3519 ad
2851 3464 3239 3521 exhibendum
3274 3467 3660 3523 ministerium
3684 3469 3862 3525 sacri-

2159 3553 2268 3608 ﬁcii
2302 3553 2546 3609 carnalis
2594 3553 2889 3624 intelligit.
2923 3558 3081 3610 Ilunc
3120 3563 3311 3611 tamen
3352 3557 3528 3612 etiam
3569 3556 3755 3613 redire
3789 3558 3862 3613 ad

2160 3645 2399 3699 domum
2455 3642 2749 3699 nolentem
2805 3643 2984 3698 David
3037 3645 3108 3700 ad
3167 3661 3432 3701 mensam
3480 3651 3676 3717 vocat;
3728 3646 3866 3718 quia

2160 3734 2421 3805 quamvis
2463 3733 2746 3789 Judaicus
2792 3733 3040 3804 populus
3086 3737 3156 3788 ad
3198 3735 3612 3792 conscientiam
3658 3735 3865 3792 reverti

2163 3827 2506 3891 contemnat,
2560 3825 2608 3880 ei
2660 3827 2858 3878 tamen
2914 3823 3262 3893 Redemptor
3312 3825 3545 3880 veniens
3599 3827 3871 3880 mandata

2164 3913 2446 3986 epiritalia
2480 3913 2775 3984 praedicat,
2801 3913 3000 3968 dicens
3028 3929 3039 3967 :
3067 3913 3127 3968 Si
3155 3913 3440 3969 crederetis
3469 3914 3659 3986 Moysi,
3682 3914 3871 3970 crede-

2165 4006 2299 4061 retis
2327 4005 2556 4070 forsitan
2591 4011 2643 4060 et
2675 4003 2837 4071 mihi,
2860 4007 2927 4058 de
2954 4019 3040 4058 me
3067 4003 3215 4060 enim
3247 4004 3340 4059 ille
3368 4003 3587 4074 scripsit
3608 4005 3792 4072 (Joan.
3817 4019 3868 4072 v,

2165 4094 2274 4164 46).
2312 4094 2517 4166 Legem
2552 4095 2745 4164 itaque
2775 4093 3057 4150 Judaicus
3099 4093 3351 4166 pepulus
3383 4098 3561 4160 tenet,
3594 4110 3716 4164 quas
3748 4094 3871 4164 ejus

2165 4182 2520 4237 divinitatem
2548 4182 2824 4252 loquitur,
2850 4186 2937 4235 cui
2965 4182 3145 4236 isdem
3183 4182 3432 4252 populus
3455 4183 3686 4237 credere
3707 4182 3870 4237 dedi-

2167 4282 2397 4346 gnatur.
2425 4275 2587 4331 Unde
2618 4281 2672 4328 et
2706 4273 2869 4328 Urias
2902 4274 2970 4327 ad
3003 4273 3147 4328 Joab
3178 4290 3311 4328 cum
3343 4273 3625 4345 epistolis,
3649 4289 3716 4330 ex
3741 4273 3873 4344 qui-

2167 4364 2277 4418 bus
2308 4365 2490 4418 occidi
2524 4364 2746 4429 debeat,
2784 4364 3058 4427 mittitur,
3085 4364 3222 4434 quia
3254 4363 3406 4418 idem
3439 4363 3565 4436 ipse
3593 4366 3872 4420 Judaicus

349 4423 468 4443 ---,
501 4423 557 4430 -_
589 4423 805 4449 --.τη
838 4423 1032 4433 ηπ.-.
1068 4423 1372 4450 puum--.“
1408 4423 1648 4433 ........υ.
1676 4423 1832 4444 κη..
1867 4423 2055 4436 .-......
2735 4423 2742 4429 ι
3050 4423 3057 4427 .
3101 4423 3116 4434 .
3465 4423 3480 4436 .

349 4466 519 4523 citius
543 4469 940 4536 ostendemus,
964 4469 1012 4524 si
1047 4486 1230 4524 unum
1265 4486 1438 4525 sacrae
1468 4470 2056 4540 Scripturaetestimo-
2094 4423 2137 4488 θ
2171 4454 2420 4524 ΡοΡυῘυε
2479 4453 2660 4523 legem
2720 4458 2924 4522 ροτιειι,
2974 4471 3089 4523 (ἶυεί
3137 4454 3514 4511 οοηνίηεθηιθ
3565 4456 3872 4511 moriatur-

345 4554 510 4610 nium
535 4557 601 4612 ad
631 4562 878 4628 utraque
901 4557 1199 4628 probanda
1231 4558 1616 4630 proferamus.
1644 4559 1782 4624 Quis
1804 4574 2058 4630 namque

351 4645 618 4714 audiens,
644 4662 758 4701 non
784 4646 974 4703 solum
1001 4646 1281 4714 ﬁdelium,
1305 4648 1403 4702 sed
1434 4647 1694 4718 ipsorum
1718 4661 1947 4719 quoque
1969 4647 2058 4702 in-

345 4734 633 4803 ﬁdelium,
655 4735 724 4807 (l)
747 4752 861 4793 non
885 4735 1041 4792 omni
1067 4737 1234 4793 modo
1259 4737 1572 4793 detestetur
1593 4737 1748 4809 quod
1771 4736 1974 4802 David,
2000 4736 2058 4791 in

345 4825 566 4883 salario
596 4825 1003 4893 deambulans,
1037 4825 1317 4884 Bersabee
1347 4825 1494 4884 Uria
1520 4827 1883 4900 concupiscit
1913 4843 2062 4884 uxo-

422 5067 506 5142 (a)
536 5067 698 5134 Mss,
754 5067 1067 5134 lacessiunt,
1108 5072 1162 5121 et
1206 5063 1448 5121 inferius
1497 5063 1812 5133 lacessiens,
1865 5080 1932 5121 ac
1979 5065 2062 5122 sic

352 5141 626 5195 deinceps
658 5144 1008 5194 constanter.

431 5157 626 5194 IDCBDS
658 5155 1008 5194 constanter.

394 5157 626 5210 einceps
658 5157 1008 5194 constanter.

421 5213 499 5283 (b)
535 5211 653 5267 Hoc
682 5216 792 5279 est,
823 5211 895 5265 ad
923 5209 1345 5283 adversantium,
1371 5211 1433 5263 ut
1454 5225 1633 5283 supra
1653 5207 2061 5283 explicuimus,

349 5284 454 5340 lib.
481 5281 544 5349 ii,
577 5300 703 5351 cap.
728 5284 817 5348 31,
854 5301 908 5337 n.
932 5284 1022 5337 51.
1051 5282 1187 5336 Vide
1215 5283 1386 5336 etiam
1423 5281 1590 5347 infra,
1626 5297 1746 5346 cap.
1773 5282 1861 5347 33,
1892 5299 1944 5335 n.
1969 5282 2057 5334 '65.

424 5365 492 5424 (e)
527 5362 611 5411 Ita
636 5373 839 5410 omnes
873 5355 1008 5409 Mss.
1045 5354 1208 5408 Prius
1256 5355 1552 5412 legebatur
1581 5355 1634 5407 in
1673 5353 1851 5407 Eiitis
1886 5355 2059 5407 etiam

351 5431 792 5491 vetustioribus,
826 5444 922 5493 per
951 5434 1217 5490 torpOrem
1253 5425 1493 5486 inertiae,
1529 5425 1620 5494 ﬁt.
1653 5432 1849 5479 corda.

425 5503 502 5571 (ά)
533 5499 680 5554 Guss
745 5508 875 5571 post
906 5499 1079 5554 Gilot.
1113 5507 1164 5550 et
1201 5497 1374 5552 Vatic.
1407 5497 1645 5552 dolorem
1675 5498 1814 5571 ejus.

425 5505 478 5570 (ά
533 5505 680 5554 Guss
745 5508 875 5571 post
906 5505 1079 5554 Gilot.
1113 5507 1164 5550 et
1202 5505 1374 5552 Vatic.
1407 5505 1645 5552 dolorem
1675 5505 1814 5567 ejus.

424 5505 502 5644 te;
528 5572 630 5627 Ed.
655 5571 804 5638 Vet.,
827 5588 926 5644 per
949 5574 1252 5644 exercitum
1284 5571 1518 5644 forsitan
1545 5569 1911 5644 sapientiam.
1933 5565 2060 5644 Alii,

348 5639 800 5718 pereat-citatam
827 5639 1084 5717 forsitan
1127 5643 1476 5714 sapientiam.
1535 5639 1668 5706 Quis
1703 5657 1808 5697 vox
1857 5639 2066 5696 ultima

2173 4546 2318 4599 Dum
2351 4545 2507 4600 enim
2542 4546 2815 4600 mandata
2851 4546 2993 4616 legis
3028 4545 3280 4601 retinens
3311 4546 3552 4616 implere
3584 4548 3872 4613 renititur,

2165 4633 2290 4705 ipse
2322 4633 2600 4689 nimirum
2633 4635 2813 4689 defert
2851 4634 3138 4706 judicium
3179 4635 3334 4690 unde
3364 4635 3692 4692 damnetur.
3728 4635 3874 4702 Quid

2166 4739 2302 4795 ergo
2349 4738 2447 4794 per
2493 4724 2710 4780 factum
2755 4723 2912 4779 istud
2963 4724 3135 4780 David
3183 4723 3526 4781 scelestius?
3555 4724 3692 4795 quid
3739 4723 3876 4779 Uria

2169 4813 2452 4871 mundius
2500 4813 2612 4871 dici
2663 4813 2895 4886 potest?
2938 4813 3049 4870 Sed
3093 4831 3318 4880 rursus,
3364 4828 3462 4884 per
3511 4811 3874 4885 mysterium.

2171 5063 2455 5121 redundat
2484 5067 2538 5120 et
2569 5065 2732 5120 abest
2764 5080 2796 5118 a
2826 5062 2962 5119 Mss.

2242 5136 2313 5207 (Ι)
2349 5138 2447 5191 Hic
2478 5141 2794 5201 Gussanv.,
2819 5132 3122 5203 objiciens,
3144 5133 3241 5191 hoc
3270 5135 3478 5196 factum
3498 5135 3674 5207 juxta
3704 5135 3879 5196 hieto.

2171 5207 2338 5274 riam,
2364 5213 2559 5264 monet
2590 5209 2709 5262 haec
2736 5209 2988 5276 quatuor
3011 5207 3181 5260 verba
3205 5207 3404 5262 deesse
3437 5208 3495 5262 in
3528 5209 3876 5279 quibusdam

2171 5280 2624 5349 exemplaribus.
2665 5279 2738 5332 Ea
2781 5294 2892 5332 non
2929 5287 3299 5333 occurrerunt
3333 5279 3445 5335 nisi
3479 5281 3536 5336 in
3571 5298 3686 5336 uno
3717 5284 3875 5338 Colb.

2172 5369 2203 5404 a
2235 5351 2600 5415 glossematis
2633 5366 2744 5405 non
2776 5365 3004 5420 semper
3035 5365 3200 5418 puro.
3227 5352 3450 5408 Desunt
3474 5354 3645 5409 etiam
3669 5354 3727 5410 in
3751 5355 3874 5409 Vet.

2173 5423 2321 5477 Edit.

2242 5494 2322 5564 (g)
2355 5491 2548 5560 G‘lot.,
2583 5494 2806 5561 vitiose,
2832 5495 2921 5550 lere
2951 5512 3092 5552 mea.
3114 5497 3424 5565 Gussanv.,
3449 5499 3548 5554 lux
3576 5514 3698 5554 mea
3719 5500 3879 5560 Deus,

2173 5582 2274 5637 pro
2323 5567 2436 5647 Dei,
2489 5572 2551 5620 ut
2599 5566 2819 5626 habent
2864 5584 3068 5626 omnes
3115 5569 3243 5626 libri
3292 5576 3411 5627 tam
3459 5570 3659 5641 scripti
3702 5582 3883 5638 quam

2173 5651 2386 5696 810081.
