  <div class='ocr_page' id='page_1' title='image "/cluster/home/n/w/nwhite01/storage/ocr_20150623/75/hvd.32044054758800/319.png"; bbox 0 0 4134 6174; ppageno 0'>
   <div class='ocr_carea' id='block_1_1' title="bbox 269 324 390 382">
    <p class='ocr_par' dir='ltr' id='par_1_1' title="bbox 269 324 390 382">
     <span class='ocr_line' id='line_1_1' title="bbox 269 324 390 382; baseline 0 0"><span class='ocrx_word' id='word_1_1' title='bbox 269 324 390 382; x_wconf 73' lang='lat'>627</span> 
     </span>
    </p>
   </div>
   <div class='ocr_carea' id='block_1_2' title="bbox 1545 310 2540 375">
    <p class='ocr_par' dir='ltr' id='par_1_2' title="bbox 1545 310 2540 375">
     <span class='ocr_line' id='line_1_2' title="bbox 1545 310 2540 375; baseline -0.004 -1"><span class='ocrx_word' id='word_1_2' title='bbox 1545 314 1824 375; x_wconf 81' lang='lat' dir='ltr'>SANCTI</span> <span class='ocrx_word' id='word_1_3' title='bbox 1871 312 2244 374; x_wconf 80' lang='lat' dir='ltr'>GREGORII</span> <span class='ocrx_word' id='word_1_4' title='bbox 2293 310 2540 372; x_wconf 85' lang='lat' dir='ltr'>MAGNl</span> 
     </span>
    </p>
   </div>
   <div class='ocr_carea' id='block_1_3' title="bbox 3673 317 3792 376">
    <p class='ocr_par' dir='ltr' id='par_1_3' title="bbox 3673 317 3792 376">
     <span class='ocr_line' id='line_1_3' title="bbox 3673 317 3792 376; baseline 0 -1"><span class='ocrx_word' id='word_1_5' title='bbox 3673 317 3792 376; x_wconf 68' lang='lat'>628</span> 
     </span>
    </p>
   </div>
   <div class='ocr_carea' id='block_1_4' title="bbox 269 445 3794 528">
    <p class='ocr_par' dir='ltr' id='par_1_4' title="bbox 269 445 3794 528">
     <span class='ocr_line' id='line_1_4' title="bbox 269 445 3794 528; baseline -0.002 -15"><span class='ocrx_word' id='word_1_6' title='bbox 269 457 410 528; x_wconf 89' lang='lat' dir='ltr'>quid</span> <span class='ocrx_word' id='word_1_7' title='bbox 433 455 609 513; x_wconf 84' lang='lat' dir='ltr'>David</span> <span class='ocrx_word' id='word_1_8' title='bbox 634 454 708 526; x_wconf 91' lang='lat' dir='ltr'>(a)</span> <span class='ocrx_word' id='word_1_9' title='bbox 731 450 1162 522; x_wconf 88' lang='lat' dir='ltr'>sanctius,quid</span> <span class='ocrx_word' id='word_1_10' title='bbox 1188 449 1320 505; x_wconf 89' lang='lat' dir='ltr'>Uria</span> <span class='ocrx_word' id='word_1_11' title='bbox 1343 447 1637 504; x_wconf 86' lang='lat' dir='ltr'>inﬂdelius</span> <span class='ocrx_word' id='word_1_12' title='bbox 1659 447 1970 518; x_wconf 94' lang='lat' dir='ltr'>invenitur,</span> <span class='ocrx_word' id='word_1_13' title='bbox 2002 451 2056 518; x_wconf 79' lang='grc' dir='ltr'>Α</span> <span class='ocrx_word' id='word_1_14' title='bbox 2086 447 2238 504; x_wconf 89' lang='lat' dir='ltr'>cussi</span> <span class='ocrx_word' id='word_1_15' title='bbox 2256 463 2392 518; x_wconf 83' lang='lat' dir='ltr'>ergo</span> <span class='ocrx_word' id='word_1_16' title='bbox 2412 450 2557 502; x_wconf 89' lang='lat' dir='ltr'>testa</span> <span class='ocrx_word' id='word_1_17' title='bbox 2577 445 2800 502; x_wconf 90' lang='lat' dir='ltr'>saniem</span> <span class='ocrx_word' id='word_1_18' title='bbox 2826 445 3106 513; x_wconf 82' lang='lat' dir='ltr'>radimus,</span> <span class='ocrx_word' id='word_1_19' title='bbox 3131 462 3264 502; x_wconf 91' lang='lat' dir='ltr'>cum</span> <span class='ocrx_word' id='word_1_20' title='bbox 3287 457 3415 519; x_wconf 89' lang='lat' dir='ltr'>post</span> <span class='ocrx_word' id='word_1_21' title='bbox 3438 449 3794 522; x_wconf 89' lang='lat' dir='ltr'>pollutiones</span> 
     </span>
    </p>
   </div>
   <div class='ocr_carea' id='block_1_5' title="bbox 272 538 1981 620">
    <p class='ocr_par' dir='ltr' id='par_1_5' title="bbox 272 538 1981 620">
     <span class='ocr_line' id='line_1_5' title="bbox 272 538 1981 620; baseline -0.006 -16"><span class='ocrx_word' id='word_1_22' title='bbox 272 547 507 620; x_wconf 84' lang='lat' dir='ltr'>quando</span> <span class='ocrx_word' id='word_1_23' title='bbox 536 550 593 603; x_wconf 88' lang='lat' dir='ltr'>et</span> <span class='ocrx_word' id='word_1_24' title='bbox 631 544 748 611; x_wconf 91' lang='lat' dir='ltr'>ille,</span> <span class='ocrx_word' id='word_1_25' title='bbox 783 560 884 616; x_wconf 89' lang='lat' dir='ltr'>per</span> <span class='ocrx_word' id='word_1_26' title='bbox 912 543 1038 597; x_wconf 74' lang='lat' dir='ltr'>vitta</span> <span class='ocrx_word' id='word_1_27' title='bbox 1072 541 1322 610; x_wconf 83' lang='lat' dir='ltr'>culpam,</span> <span class='ocrx_word' id='word_1_28' title='bbox 1357 539 1430 610; x_wconf 90' lang='lat' dir='ltr'>(b)</span> <span class='ocrx_word' id='word_1_29' title='bbox 1465 538 1521 592; x_wconf 92' lang='lat' dir='ltr'>in</span> <span class='ocrx_word' id='word_1_30' title='bbox 1567 539 1868 610; x_wconf 70' lang='lat' dir='ltr'>prophetia</span> <span class='ocrx_word' id='word_1_31' title='bbox 1898 540 1981 594; x_wconf 92' lang='lat' dir='ltr'>si—</span> 
     </span>
    </p>
   </div>
   <div class='ocr_carea' id='block_1_6' title="bbox 272 629 1980 708">
    <p class='ocr_par' dir='ltr' id='par_1_6' title="bbox 272 629 1980 708">
     <span class='ocr_line' id='line_1_6' title="bbox 272 629 1980 708; baseline -0.006 -15"><span class='ocrx_word' id='word_1_32' title='bbox 272 641 411 708; x_wconf 83' lang='lat' dir='ltr'>gnat</span> <span class='ocrx_word' id='word_1_33' title='bbox 443 637 870 703; x_wconf 83' lang='lat' dir='ltr'>innocentiam;</span> <span class='ocrx_word' id='word_1_34' title='bbox 915 637 971 688; x_wconf 87' lang='lat' dir='ltr'>et</span> <span class='ocrx_word' id='word_1_35' title='bbox 1015 631 1144 699; x_wconf 88' lang='lat' dir='ltr'>iste,</span> <span class='ocrx_word' id='word_1_36' title='bbox 1179 647 1281 701; x_wconf 89' lang='lat' dir='ltr'>per</span> <span class='ocrx_word' id='word_1_37' title='bbox 1312 631 1441 684; x_wconf 64' lang='lat' dir='ltr'>vitae</span> <span class='ocrx_word' id='word_1_38' title='bbox 1473 629 1887 696; x_wconf 87' lang='lat' dir='ltr'>innocentiam,</span> <span class='ocrx_word' id='word_1_39' title='bbox 1921 630 1980 683; x_wconf 91' lang='lat' dir='ltr'>in</span> 
     </span>
    </p>
   </div>
   <div class='ocr_carea' id='block_1_7' title="bbox 274 718 1984 799">
    <p class='ocr_par' dir='ltr' id='par_1_7' title="bbox 274 718 1984 799">
     <span class='ocr_line' id='line_1_7' title="bbox 274 718 1984 799; baseline -0.005 -17"><span class='ocrx_word' id='word_1_40' title='bbox 274 726 578 799; x_wconf 84' lang='lat' dir='ltr'>prophetia</span> <span class='ocrx_word' id='word_1_41' title='bbox 608 723 877 797; x_wconf 93' lang='lat' dir='ltr'>exprimit</span> <span class='ocrx_word' id='word_1_42' title='bbox 911 720 1184 791; x_wconf 81' lang='lat' dir='ltr'>culpam?</span> <span class='ocrx_word' id='word_1_43' title='bbox 1215 719 1341 774; x_wconf 87' lang='lat' dir='ltr'>Non</span> <span class='ocrx_word' id='word_1_44' title='bbox 1368 734 1502 790; x_wconf 90' lang='lat' dir='ltr'>ergo</span> <span class='ocrx_word' id='word_1_45' title='bbox 1533 718 1852 791; x_wconf 85' lang='lat' dir='ltr'>incongrue</span> <span class='ocrx_word' id='word_1_46' title='bbox 1882 736 1984 791; x_wconf 86' lang='lat' dir='ltr'>per</span> 
     </span>
    </p>
   </div>
   <div class='ocr_carea' id='block_1_8' title="bbox 273 807 1982 887">
    <p class='ocr_par' dir='ltr' id='par_1_8' title="bbox 273 807 1982 887">
     <span class='ocr_line' id='line_1_8' title="bbox 273 807 1982 887; baseline -0.006 -15"><span class='ocrx_word' id='word_1_47' title='bbox 273 832 341 872; x_wconf 91' lang='lat' dir='ltr'>ea</span> <span class='ocrx_word' id='word_1_48' title='bbox 363 833 488 887; x_wconf 74' lang='lat' dir='ltr'>quae</span> <span class='ocrx_word' id='word_1_49' title='bbox 512 816 655 871; x_wconf 85' lang='lat' dir='ltr'>bene</span> <span class='ocrx_word' id='word_1_50' title='bbox 679 814 750 870; x_wconf 91' lang='lat' dir='ltr'>ab</span> <span class='ocrx_word' id='word_1_51' title='bbox 776 810 979 868; x_wconf 83' lang='lat' dir='ltr'>amicis</span> <span class='ocrx_word' id='word_1_52' title='bbox 1003 808 1111 865; x_wconf 84' lang='lat' dir='ltr'>Job</span> <span class='ocrx_word' id='word_1_53' title='bbox 1136 814 1303 879; x_wconf 90' lang='lat' dir='ltr'>gesta</span> <span class='ocrx_word' id='word_1_54' title='bbox 1334 812 1494 874; x_wconf 90' lang='lat' dir='ltr'>sunt,</span> <span class='ocrx_word' id='word_1_55' title='bbox 1522 807 1669 864; x_wconf 90' lang='lat' dir='ltr'>male</span> <span class='ocrx_word' id='word_1_56' title='bbox 1699 810 1769 863; x_wconf 90' lang='lat' dir='ltr'>ab</span> <span class='ocrx_word' id='word_1_57' title='bbox 1800 808 1982 862; x_wconf 68' lang='lat' dir='ltr'>haere-</span> 
     </span>
    </p>
   </div>
   <div class='ocr_carea' id='block_1_9' title="bbox 275 896 1986 976">
    <p class='ocr_par' dir='ltr' id='par_1_9' title="bbox 275 896 1986 976">
     <span class='ocr_line' id='line_1_9' title="bbox 275 896 1986 976; baseline -0.006 -15"><span class='ocrx_word' id='word_1_58' title='bbox 275 906 404 962; x_wconf 89' lang='lat' dir='ltr'>ticis</span> <span class='ocrx_word' id='word_1_59' title='bbox 436 905 683 976; x_wconf 86' lang='lat' dir='ltr'>gerenda</span> <span class='ocrx_word' id='word_1_60' title='bbox 715 902 1042 973; x_wconf 89' lang='lat' dir='ltr'>signantur,</span> <span class='ocrx_word' id='word_1_61' title='bbox 1079 899 1220 952; x_wconf 92' lang='lat' dir='ltr'>dum</span> <span class='ocrx_word' id='word_1_62' title='bbox 1255 898 1444 953; x_wconf 88' lang='lat' dir='ltr'>virtus</span> <span class='ocrx_word' id='word_1_63' title='bbox 1476 897 1625 954; x_wconf 83' lang='lat' dir='ltr'>sacri</span> <span class='ocrx_word' id='word_1_64' title='bbox 1657 896 1869 968; x_wconf 87' lang='lat' dir='ltr'>eloquii</span> <span class='ocrx_word' id='word_1_65' title='bbox 1902 897 1986 951; x_wconf 90' lang='lat' dir='ltr'>sic</span> 
     </span>
    </p>
   </div>
   <div class='ocr_carea' id='block_1_10' title="bbox 274 987 1986 1062">
    <p class='ocr_par' dir='ltr' id='par_1_10' title="bbox 274 987 1986 1062">
     <span class='ocr_line' id='line_1_10' title="bbox 274 987 1986 1062; baseline -0.003 -13"><span class='ocrx_word' id='word_1_66' title='bbox 274 998 570 1051; x_wconf 86' lang='lat' dir='ltr'>transacta</span> <span class='ocrx_word' id='word_1_67' title='bbox 602 996 819 1062; x_wconf 86' lang='lat' dir='ltr'>narrat,</span> <span class='ocrx_word' id='word_1_68' title='bbox 853 995 917 1045; x_wconf 91' lang='lat' dir='ltr'>ut</span> <span class='ocrx_word' id='word_1_69' title='bbox 948 993 1194 1045; x_wconf 89' lang='lat' dir='ltr'>ventura</span> <span class='ocrx_word' id='word_1_70' title='bbox 1227 989 1548 1060; x_wconf 82' lang='lat' dir='ltr'>exprimat,</span> <span class='ocrx_word' id='word_1_71' title='bbox 1600 988 1681 1043; x_wconf 91' lang='lat' dir='ltr'>sic</span> <span class='ocrx_word' id='word_1_72' title='bbox 1729 988 1788 1042; x_wconf 92' lang='lat' dir='ltr'>in</span> <span class='ocrx_word' id='word_1_73' title='bbox 1839 987 1986 1044; x_wconf 84' lang='lat' dir='ltr'>facto</span> 
     </span>
    </p>
   </div>
   <div class='ocr_carea' id='block_1_11' title="bbox 276 1075 1990 1152">
    <p class='ocr_par' dir='ltr' id='par_1_11' title="bbox 276 1075 1990 1152">
     <span class='ocr_line' id='line_1_11' title="bbox 276 1075 1990 1152; baseline -0.004 -15"><span class='ocrx_word' id='word_1_74' title='bbox 276 1097 394 1137; x_wconf 89' lang='lat' dir='ltr'>rem</span> <span class='ocrx_word' id='word_1_75' title='bbox 429 1080 732 1152; x_wconf 87' lang='lat' dir='ltr'>approbat,</span> <span class='ocrx_word' id='word_1_76' title='bbox 769 1082 832 1132; x_wconf 91' lang='lat' dir='ltr'>ut</span> <span class='ocrx_word' id='word_1_77' title='bbox 861 1077 912 1132; x_wconf 91' lang='lat' dir='ltr'>ei</span> <span class='ocrx_word' id='word_1_78' title='bbox 946 1077 1004 1133; x_wconf 93' lang='lat' dir='ltr'>in</span> <span class='ocrx_word' id='word_1_79' title='bbox 1039 1077 1315 1148; x_wconf 82' lang='lat' dir='ltr'>mysterio</span> <span class='ocrx_word' id='word_1_80' title='bbox 1349 1075 1739 1144; x_wconf 84' lang='lat' dir='ltr'>contradicat;</span> <span class='ocrx_word' id='word_1_81' title='bbox 1773 1075 1852 1131; x_wconf 90' lang='lat' dir='ltr'>sic</span> <span class='ocrx_word' id='word_1_82' title='bbox 1884 1091 1990 1148; x_wconf 90' lang='lat' dir='ltr'>ge—</span> 
     </span>
    </p>
   </div>
   <div class='ocr_carea' id='block_1_12' title="bbox 277 1166 1862 1238">
    <p class='ocr_par' dir='ltr' id='par_1_12' title="bbox 277 1166 1862 1238">
     <span class='ocr_line' id='line_1_12' title="bbox 277 1166 1862 1238; baseline -0.004 -13"><span class='ocrx_word' id='word_1_83' title='bbox 277 1175 365 1226; x_wconf 90' lang='lat' dir='ltr'>sta</span> <span class='ocrx_word' id='word_1_84' title='bbox 397 1171 660 1234; x_wconf 88' lang='lat' dir='ltr'>damnat,</span> <span class='ocrx_word' id='word_1_85' title='bbox 693 1177 756 1222; x_wconf 87' lang='lat' dir='ltr'>ut</span> <span class='ocrx_word' id='word_1_86' title='bbox 787 1168 908 1222; x_wconf 73' lang='lat' dir='ltr'>haec</span> <span class='ocrx_word' id='word_1_87' title='bbox 939 1169 1184 1238; x_wconf 80' lang='lat' dir='ltr'>mystice</span> <span class='ocrx_word' id='word_1_88' title='bbox 1215 1167 1468 1236; x_wconf 86' lang='lat' dir='ltr'>gerenda</span> <span class='ocrx_word' id='word_1_89' title='bbox 1499 1166 1862 1236; x_wconf 87' lang='lat' dir='ltr'>persuadeat.</span> 
     </span>
    </p>
   </div>
   <div class='ocr_carea' id='block_1_13' title="bbox 348 1255 1989 1326">
    <p class='ocr_par' dir='ltr' id='par_1_13' title="bbox 348 1255 1989 1326">
     <span class='ocr_line' id='line_1_13' title="bbox 348 1255 1989 1326; baseline -0.003 -11"><span class='ocrx_word' id='word_1_90' title='bbox 348 1261 570 1315; x_wconf 63' lang='lat' dir='ltr'>Sensus</span> <span class='ocrx_word' id='word_1_91' title='bbox 602 1274 871 1314; x_wconf 79' lang='lat' dir='ltr'>MORALIS.</span> <span class='ocrx_word' id='word_1_92' title='bbox 905 1288 971 1298; x_wconf 91' lang='grc'>--</span> <span class='ocrx_word' id='word_1_93' title='bbox 1003 1258 1137 1324; x_wconf 75' lang='grc' dir='ltr'>[νει.</span> <span class='ocrx_word' id='word_1_94' title='bbox 1161 1257 1336 1326; x_wconf 81' lang='lat' dir='ltr'>XXII].</span> <span class='ocrx_word' id='word_1_95' title='bbox 1361 1257 1450 1310; x_wconf 89' lang='lat'>56.</span> <span class='ocrx_word' id='word_1_96' title='bbox 1477 1256 1585 1311; x_wconf 85' lang='lat' dir='ltr'>Cur</span> <span class='ocrx_word' id='word_1_97' title='bbox 1608 1255 1866 1311; x_wconf 82' lang='lat' dir='ltr'>Diabolus</span> <span class='ocrx_word' id='word_1_98' title='bbox 1884 1257 1989 1310; x_wconf 87' lang='lat' dir='ltr'>ali-</span> 
     </span>
    </p>
   </div>
   <div class='ocr_carea' id='block_1_14' title="bbox 279 1345 1990 1422">
    <p class='ocr_par' dir='ltr' id='par_1_14' title="bbox 279 1345 1990 1422">
     <span class='ocr_line' id='line_1_14' title="bbox 279 1345 1990 1422; baseline -0.002 -18"><span class='ocrx_word' id='word_1_99' title='bbox 279 1349 496 1422; x_wconf 84' lang='lat' dir='ltr'>quando</span> <span class='ocrx_word' id='word_1_100' title='bbox 526 1366 560 1404; x_wconf 88' lang='lat' dir='ltr'>a</span> <span class='ocrx_word' id='word_1_101' title='bbox 589 1347 899 1404; x_wconf 79' lang='lat' dir='ltr'>tentatione</span> <span class='ocrx_word' id='word_1_102' title='bbox 928 1348 1188 1418; x_wconf 78' lang='lat' dir='ltr'>quiescat.</span> <span class='ocrx_word' id='word_1_103' title='bbox 1224 1378 1292 1387; x_wconf 83' lang='lat'><strong><em>—</em></strong></span> <span class='ocrx_word' id='word_1_104' title='bbox 1325 1346 1508 1414; x_wconf 83' lang='lat' dir='ltr'>Igitur</span> <span class='ocrx_word' id='word_1_105' title='bbox 1537 1346 1676 1416; x_wconf 88' lang='lat' dir='ltr'>quia</span> <span class='ocrx_word' id='word_1_106' title='bbox 1707 1345 1990 1416; x_wconf 68' lang='lat' dir='ltr'>allegoriae</span> 
     </span>
    </p>
   </div>
   <div class='ocr_carea' id='block_1_15' title="bbox 283 1436 1993 1512">
    <p class='ocr_par' dir='ltr' id='par_1_15' title="bbox 283 1436 1993 1512">
     <span class='ocr_line' id='line_1_15' title="bbox 283 1436 1993 1512; baseline -0.002 -18"><span class='ocrx_word' id='word_1_107' title='bbox 283 1440 556 1512; x_wconf 81' lang='lat' dir='ltr'>mysteria</span> <span class='ocrx_word' id='word_1_108' title='bbox 614 1437 981 1494; x_wconf 88' lang='lat' dir='ltr'>membratim</span> <span class='ocrx_word' id='word_1_109' title='bbox 1041 1437 1358 1492; x_wconf 88' lang='lat' dir='ltr'>enodantes</span> <span class='ocrx_word' id='word_1_110' title='bbox 1407 1436 1786 1506; x_wconf 85' lang='lat' dir='ltr'>explevimus,</span> <span class='ocrx_word' id='word_1_111' title='bbox 1836 1452 1993 1491; x_wconf 91' lang='lat' dir='ltr'>nunc</span> 
     </span>
    </p>
   </div>
   <div class='ocr_carea' id='block_1_16' title="bbox 281 1526 1996 1598">
    <p class='ocr_par' dir='ltr' id='par_1_16' title="bbox 281 1526 1996 1598">
     <span class='ocr_line' id='line_1_16' title="bbox 281 1526 1996 1598; baseline -0.003 -14"><span class='ocrx_word' id='word_1_112' title='bbox 281 1528 628 1585; x_wconf 85' lang='lat' dir='ltr'>moralitatis</span> <span class='ocrx_word' id='word_1_113' title='bbox 659 1526 1110 1598; x_wconf 84' lang='lat' dir='ltr'>intelligentiam</span> <span class='ocrx_word' id='word_1_114' title='bbox 1146 1527 1358 1596; x_wconf 87' lang='lat' dir='ltr'>raptim</span> <span class='ocrx_word' id='word_1_115' title='bbox 1391 1529 1696 1597; x_wconf 83' lang='lat' dir='ltr'>tangentes</span> <span class='ocrx_word' id='word_1_116' title='bbox 1717 1540 1996 1596; x_wconf 82' lang='lat' dir='ltr'>exsequa-</span> 
     </span>
    </p>
   </div>
   <div class='ocr_carea' id='block_1_17' title="bbox 282 1615 1996 1686">
    <p class='ocr_par' dir='ltr' id='par_1_17' title="bbox 282 1615 1996 1686">
     <span class='ocr_line' id='line_1_17' title="bbox 282 1615 1996 1686; baseline -0.002 -13"><span class='ocrx_word' id='word_1_117' title='bbox 282 1635 433 1673; x_wconf 88' lang='lat' dir='ltr'>mur.</span> <span class='ocrx_word' id='word_1_118' title='bbox 469 1619 552 1673; x_wconf 82' lang='lat' dir='ltr'>Ad</span> <span class='ocrx_word' id='word_1_119' title='bbox 586 1616 924 1674; x_wconf 87' lang='lat' dir='ltr'>obscuriora</span> <span class='ocrx_word' id='word_1_120' title='bbox 955 1615 1170 1686; x_wconf 90' lang='lat' dir='ltr'>quippe</span> <span class='ocrx_word' id='word_1_121' title='bbox 1203 1616 1543 1671; x_wconf 85' lang='lat' dir='ltr'>disserenda</span> <span class='ocrx_word' id='word_1_122' title='bbox 1584 1631 1748 1669; x_wconf 91' lang='lat' dir='ltr'>mens</span> <span class='ocrx_word' id='word_1_123' title='bbox 1789 1631 1996 1686; x_wconf 90' lang='lat' dir='ltr'>prope-</span> 
     </span>
    </p>
   </div>
   <div class='ocr_carea' id='block_1_18' title="bbox 282 1703 1993 1775">
    <p class='ocr_par' dir='ltr' id='par_1_18' title="bbox 282 1703 1993 1775">
     <span class='ocr_line' id='line_1_18' title="bbox 282 1703 1993 1775; baseline -0.003 -13"><span class='ocrx_word' id='word_1_124' title='bbox 282 1712 404 1773; x_wconf 85' lang='lat' dir='ltr'>rat;</span> <span class='ocrx_word' id='word_1_125' title='bbox 440 1711 497 1760; x_wconf 90' lang='lat' dir='ltr'>et</span> <span class='ocrx_word' id='word_1_126' title='bbox 536 1706 582 1761; x_wconf 89' lang='lat' dir='ltr'>si</span> <span class='ocrx_word' id='word_1_127' title='bbox 627 1705 844 1775; x_wconf 89' lang='lat' dir='ltr'>apertis</span> <span class='ocrx_word' id='word_1_128' title='bbox 874 1704 972 1758; x_wconf 92' lang='lat' dir='ltr'>diu</span> <span class='ocrx_word' id='word_1_129' title='bbox 1020 1703 1354 1769; x_wconf 87' lang='lat' dir='ltr'>involvitur,</span> <span class='ocrx_word' id='word_1_130' title='bbox 1388 1703 1607 1770; x_wconf 89' lang='lat' dir='ltr'>clausa,</span> <span class='ocrx_word' id='word_1_131' title='bbox 1650 1713 1711 1758; x_wconf 92' lang='lat' dir='ltr'>ut</span> <span class='ocrx_word' id='word_1_132' title='bbox 1751 1704 1993 1772; x_wconf 89' lang='lat' dir='ltr'>dignum</span> 
     </span>
    </p>
   </div>
   <div class='ocr_carea' id='block_1_19' title="bbox 2087 535 3798 611">
    <p class='ocr_par' dir='ltr' id='par_1_19' title="bbox 2087 535 3798 611">
     <span class='ocr_line' id='line_1_19' title="bbox 2087 535 3798 611; baseline 0 -16"><span class='ocrx_word' id='word_1_133' title='bbox 2087 537 2454 610; x_wconf 90' lang='lat' dir='ltr'>cogitationis</span> <span class='ocrx_word' id='word_1_134' title='bbox 2493 536 2731 606; x_wconf 65' lang='lat' dir='ltr'>illicitae,</span> <span class='ocrx_word' id='word_1_135' title='bbox 2765 535 3152 606; x_wconf 88' lang='lat' dir='ltr'>nosmetipsos</span> <span class='ocrx_word' id='word_1_136' title='bbox 3185 553 3386 608; x_wconf 87' lang='lat' dir='ltr'>aspere</span> <span class='ocrx_word' id='word_1_137' title='bbox 3418 540 3798 611; x_wconf 88' lang='lat' dir='ltr'>dijudicando</span> 
     </span>
    </p>
   </div>
   <div class='ocr_carea' id='block_1_20' title="bbox 2086 626 3797 700">
    <p class='ocr_par' dir='ltr' id='par_1_20' title="bbox 2086 626 3797 700">
     <span class='ocr_line' id='line_1_20' title="bbox 2086 626 3797 700; baseline 0.001 -17"><span class='ocrx_word' id='word_1_138' title='bbox 2086 629 2466 683; x_wconf 83' lang='lat' dir='ltr'>mandamus.</span> <span class='ocrx_word' id='word_1_139' title='bbox 2500 626 2692 682; x_wconf 88' lang='lat' dir='ltr'>Potest</span> <span class='ocrx_word' id='word_1_140' title='bbox 2733 626 2908 681; x_wconf 82' lang='lat' dir='ltr'>etiam</span> <span class='ocrx_word' id='word_1_141' title='bbox 2950 630 3099 683; x_wconf 87' lang='lat' dir='ltr'>testa</span> <span class='ocrx_word' id='word_1_142' title='bbox 3136 628 3420 700; x_wconf 81' lang='lat' dir='ltr'>fragilitas</span> <span class='ocrx_word' id='word_1_143' title='bbox 3461 628 3797 686; x_wconf 85' lang='lat' dir='ltr'>mortalita-</span> 
     </span>
    </p>
   </div>
   <div class='ocr_carea' id='block_1_21' title="bbox 2087 717 3803 792">
    <p class='ocr_par' dir='ltr' id='par_1_21' title="bbox 2087 717 3803 792">
     <span class='ocr_line' id='line_1_21' title="bbox 2087 717 3803 792; baseline 0.002 -18"><span class='ocrx_word' id='word_1_144' title='bbox 2087 720 2161 774; x_wconf 89' lang='lat' dir='ltr'>tis</span> <span class='ocrx_word' id='word_1_145' title='bbox 2192 717 2465 790; x_wconf 90' lang='lat' dir='ltr'>intelligi.</span> <span class='ocrx_word' id='word_1_146' title='bbox 2497 718 2674 774; x_wconf 89' lang='lat' dir='ltr'>Testa</span> <span class='ocrx_word' id='word_1_147' title='bbox 2703 732 2840 789; x_wconf 88' lang='lat' dir='ltr'>ergo</span> <span class='ocrx_word' id='word_1_148' title='bbox 2873 718 3096 774; x_wconf 89' lang='lat' dir='ltr'>saniem</span> <span class='ocrx_word' id='word_1_149' title='bbox 3130 720 3436 792; x_wconf 89' lang='lat' dir='ltr'>mundare,</span> <span class='ocrx_word' id='word_1_150' title='bbox 3471 727 3559 778; x_wconf 90' lang='lat' dir='ltr'>est</span> <span class='ocrx_word' id='word_1_151' title='bbox 3592 728 3803 777; x_wconf 90' lang='lat' dir='ltr'>morta-</span> 
     </span>
    </p>
   </div>
   <div class='ocr_carea' id='block_1_22' title="bbox 2089 808 3800 883">
    <p class='ocr_par' dir='ltr' id='par_1_22' title="bbox 2089 808 3800 883">
     <span class='ocr_line' id='line_1_22' title="bbox 2089 808 3800 883; baseline 0.001 -19"><span class='ocrx_word' id='word_1_152' title='bbox 2089 808 2271 865; x_wconf 88' lang='lat' dir='ltr'>litatis</span> <span class='ocrx_word' id='word_1_153' title='bbox 2321 825 2557 864; x_wconf 88' lang='lat' dir='ltr'>cursum</span> <span class='ocrx_word' id='word_1_154' title='bbox 2606 808 3099 880; x_wconf 84' lang='lat' dir='ltr'>tragilitatemque</span> <span class='ocrx_word' id='word_1_155' title='bbox 3138 826 3405 882; x_wconf 88' lang='lat' dir='ltr'>pensare,</span> <span class='ocrx_word' id='word_1_156' title='bbox 3438 815 3494 866; x_wconf 91' lang='lat' dir='ltr'>et</span> <span class='ocrx_word' id='word_1_157' title='bbox 3537 811 3800 883; x_wconf 88' lang='lat' dir='ltr'>putredi-</span> 
     </span>
    </p>
   </div>
   <div class='ocr_carea' id='block_1_23' title="bbox 2087 897 3801 972">
    <p class='ocr_par' dir='ltr' id='par_1_23' title="bbox 2087 897 3801 972">
     <span class='ocr_line' id='line_1_23' title="bbox 2087 897 3801 972; baseline 0.002 -19"><span class='ocrx_word' id='word_1_158' title='bbox 2087 914 2222 955; x_wconf 89' lang='lat' dir='ltr'>nem</span> <span class='ocrx_word' id='word_1_159' title='bbox 2257 898 2484 953; x_wconf 68' lang='lat' dir='ltr'>miserae</span> <span class='ocrx_word' id='word_1_160' title='bbox 2514 897 2911 954; x_wconf 87' lang='lat' dir='ltr'>delectationis</span> <span class='ocrx_word' id='word_1_161' title='bbox 2944 898 3291 971; x_wconf 87' lang='lat' dir='ltr'>abstergere.</span> <span class='ocrx_word' id='word_1_162' title='bbox 3315 900 3455 957; x_wconf 90' lang='lat' dir='ltr'>Nam</span> <span class='ocrx_word' id='word_1_163' title='bbox 3480 900 3616 958; x_wconf 90' lang='lat' dir='ltr'>dum</span> <span class='ocrx_word' id='word_1_164' title='bbox 3639 901 3801 972; x_wconf 88' lang='lat' dir='ltr'>quis-</span> 
     </span>
    </p>
   </div>
   <div class='ocr_carea' id='block_1_24' title="bbox 2091 988 3802 1063">
    <p class='ocr_par' dir='ltr' id='par_1_24' title="bbox 2091 988 3802 1063">
     <span class='ocr_line' id='line_1_24' title="bbox 2091 988 3802 1063; baseline 0.002 -20"><span class='ocrx_word' id='word_1_165' title='bbox 2091 1005 2202 1059; x_wconf 92' lang='lat' dir='ltr'>que</span> <span class='ocrx_word' id='word_1_166' title='bbox 2236 988 2588 1057; x_wconf 86' lang='lat' dir='ltr'>considerat,</span> <span class='ocrx_word' id='word_1_167' title='bbox 2621 1005 2796 1060; x_wconf 86' lang='lat' dir='ltr'>quam</span> <span class='ocrx_word' id='word_1_168' title='bbox 2837 988 3010 1045; x_wconf 88' lang='lat' dir='ltr'>citius</span> <span class='ocrx_word' id='word_1_169' title='bbox 3055 1005 3189 1046; x_wconf 89' lang='lat' dir='ltr'>caro</span> <span class='ocrx_word' id='word_1_170' title='bbox 3234 991 3304 1046; x_wconf 92' lang='lat' dir='ltr'>ad</span> <span class='ocrx_word' id='word_1_171' title='bbox 3357 990 3654 1063; x_wconf 87' lang='lat' dir='ltr'>pulverem</span> <span class='ocrx_word' id='word_1_172' title='bbox 3700 1007 3802 1047; x_wconf 90' lang='lat' dir='ltr'>re-</span> 
     </span>
    </p>
   </div>
   <div class='ocr_carea' id='block_1_25' title="bbox 2093 1076 3803 1149">
    <p class='ocr_par' dir='ltr' id='par_1_25' title="bbox 2093 1076 3803 1149">
     <span class='ocr_line' id='line_1_25' title="bbox 2093 1076 3803 1149; baseline 0.001 -17"><span class='ocrx_word' id='word_1_173' title='bbox 2093 1078 2244 1146; x_wconf 88' lang='lat' dir='ltr'>deat,</span> <span class='ocrx_word' id='word_1_174' title='bbox 2278 1078 2484 1133; x_wconf 85' lang='lat' dir='ltr'>festina</span> <span class='ocrx_word' id='word_1_175' title='bbox 2534 1081 2773 1149; x_wconf 88' lang='lat' dir='ltr'>superat</span> <span class='ocrx_word' id='word_1_176' title='bbox 2816 1076 2946 1142; x_wconf 89' lang='lat' dir='ltr'>hoc,</span> <span class='ocrx_word' id='word_1_177' title='bbox 2992 1078 3148 1148; x_wconf 89' lang='lat' dir='ltr'>quod</span> <span class='ocrx_word' id='word_1_178' title='bbox 3197 1095 3259 1134; x_wconf 90' lang='lat' dir='ltr'>se</span> <span class='ocrx_word' id='word_1_179' title='bbox 3302 1080 3372 1133; x_wconf 92' lang='lat' dir='ltr'>de</span> <span class='ocrx_word' id='word_1_180' title='bbox 3422 1094 3593 1135; x_wconf 90' lang='lat' dir='ltr'>carne</span> <span class='ocrx_word' id='word_1_181' title='bbox 3643 1078 3803 1134; x_wconf 87' lang='lat' dir='ltr'>intus</span> 
     </span>
    </p>
   </div>
   <div class='ocr_carea' id='block_1_26' title="bbox 2093 1168 3806 1242">
    <p class='ocr_par' dir='ltr' id='par_1_26' title="bbox 2093 1168 3806 1242">
     <span class='ocr_line' id='line_1_26' title="bbox 2093 1168 3806 1242; baseline 0.001 -18"><span class='ocrx_word' id='word_1_182' title='bbox 2093 1170 2344 1239; x_wconf 88' lang='lat' dir='ltr'>turpiter</span> <span class='ocrx_word' id='word_1_183' title='bbox 2393 1171 2718 1239; x_wconf 88' lang='lat' dir='ltr'>impugnat.</span> <span class='ocrx_word' id='word_1_184' title='bbox 2770 1168 2911 1223; x_wconf 90' lang='lat' dir='ltr'>Cum</span> <span class='ocrx_word' id='word_1_185' title='bbox 2957 1185 3093 1240; x_wconf 91' lang='lat' dir='ltr'>ergo</span> <span class='ocrx_word' id='word_1_186' title='bbox 3141 1185 3206 1226; x_wconf 86' lang='lat' dir='ltr'>ex</span> <span class='ocrx_word' id='word_1_187' title='bbox 3253 1171 3573 1226; x_wconf 88' lang='lat' dir='ltr'>tentatione</span> <span class='ocrx_word' id='word_1_188' title='bbox 3623 1186 3806 1242; x_wconf 86' lang='lat' dir='ltr'>prava</span> 
     </span>
    </p>
   </div>
   <div class='ocr_carea' id='block_1_27' title="bbox 2098 1257 3803 1329">
    <p class='ocr_par' dir='ltr' id='par_1_27' title="bbox 2098 1257 3803 1329">
     <span class='ocr_line' id='line_1_27' title="bbox 2098 1257 3803 1329; baseline 0.001 -15"><span class='ocrx_word' id='word_1_189' title='bbox 2098 1265 2351 1314; x_wconf 88' lang='lat' dir='ltr'>mentem</span> <span class='ocrx_word' id='word_1_190' title='bbox 2388 1259 2662 1329; x_wconf 87' lang='lat' dir='ltr'>cogilatio</span> <span class='ocrx_word' id='word_1_191' title='bbox 2694 1257 2905 1323; x_wconf 90' lang='lat' dir='ltr'>inﬂuit,</span> <span class='ocrx_word' id='word_1_192' title='bbox 2930 1261 3096 1329; x_wconf 91' lang='lat' dir='ltr'>quasi</span> <span class='ocrx_word' id='word_1_193' title='bbox 3130 1274 3196 1314; x_wconf 85' lang='lat' dir='ltr'>ex</span> <span class='ocrx_word' id='word_1_194' title='bbox 3219 1259 3455 1316; x_wconf 88' lang='lat' dir='ltr'>vulnere</span> <span class='ocrx_word' id='word_1_195' title='bbox 3485 1259 3673 1315; x_wconf 88' lang='lat' dir='ltr'>sanies</span> <span class='ocrx_word' id='word_1_196' title='bbox 3700 1264 3803 1316; x_wconf 86' lang='lat' dir='ltr'>de-</span> 
     </span>
    </p>
   </div>
   <div class='ocr_carea' id='block_1_28' title="bbox 2095 1348 3806 1418">
    <p class='ocr_par' dir='ltr' id='par_1_28' title="bbox 2095 1348 3806 1418">
     <span class='ocr_line' id='line_1_28' title="bbox 2095 1348 3806 1418; baseline 0.001 -14"><span class='ocrx_word' id='word_1_197' title='bbox 2095 1349 2297 1404; x_wconf 88' lang='lat' dir='ltr'>currit.</span> <span class='ocrx_word' id='word_1_198' title='bbox 2323 1349 2431 1403; x_wconf 91' lang='lat' dir='ltr'>Sed</span> <span class='ocrx_word' id='word_1_199' title='bbox 2459 1348 2631 1402; x_wconf 89' lang='lat' dir='ltr'>citius</span> <span class='ocrx_word' id='word_1_200' title='bbox 2663 1351 2859 1404; x_wconf 88' lang='lat' dir='ltr'>sanies</span> <span class='ocrx_word' id='word_1_201' title='bbox 2889 1349 3152 1418; x_wconf 85' lang='lat' dir='ltr'>tergitur,</span> <span class='ocrx_word' id='word_1_202' title='bbox 3177 1351 3224 1404; x_wconf 90' lang='lat' dir='ltr'>si</span> <span class='ocrx_word' id='word_1_203' title='bbox 3257 1350 3316 1405; x_wconf 91' lang='lat' dir='ltr'>in</span> <span class='ocrx_word' id='word_1_204' title='bbox 3341 1349 3806 1406; x_wconf 86' lang='lat' dir='ltr'>consideratione</span> 
     </span>
    </p>
   </div>
   <div class='ocr_carea' id='block_1_29' title="bbox 2098 1435 3622 1507">
    <p class='ocr_par' dir='ltr' id='par_1_29' title="bbox 2098 1435 3622 1507">
     <span class='ocr_line' id='line_1_29' title="bbox 2098 1435 3622 1507; baseline 0.001 -15"><span class='ocrx_word' id='word_1_205' title='bbox 2098 1441 2295 1492; x_wconf 89' lang='lat' dir='ltr'>nostra</span> <span class='ocrx_word' id='word_1_206' title='bbox 2327 1435 2614 1507; x_wconf 84' lang='lat' dir='ltr'>fragilitas</span> <span class='ocrx_word' id='word_1_207' title='bbox 2649 1437 2816 1506; x_wconf 90' lang='lat' dir='ltr'>quasi</span> <span class='ocrx_word' id='word_1_208' title='bbox 2847 1437 2905 1491; x_wconf 92' lang='lat' dir='ltr'>in</span> <span class='ocrx_word' id='word_1_209' title='bbox 2948 1453 3119 1491; x_wconf 90' lang='lat' dir='ltr'>manu</span> <span class='ocrx_word' id='word_1_210' title='bbox 3152 1441 3304 1492; x_wconf 87' lang='lat' dir='ltr'>testa</span> <span class='ocrx_word' id='word_1_211' title='bbox 3333 1443 3622 1494; x_wconf 85' lang='lat' dir='ltr'>teneatur.</span> 
     </span>
    </p>
   </div>
   <div class='ocr_carea' id='block_1_30' title="bbox 2167 1523 3809 1596">
    <p class='ocr_par' dir='ltr' id='par_1_30' title="bbox 2167 1523 3809 1596">
     <span class='ocr_line' id='line_1_30' title="bbox 2167 1523 3809 1596; baseline 0.001 -17"><span class='ocrx_word' id='word_1_212' title='bbox 2167 1526 2256 1579; x_wconf 84' lang='lat'>59.</span> <span class='ocrx_word' id='word_1_213' title='bbox 2293 1523 2665 1593; x_wconf 77' lang='lat' dir='ltr'>Cogitationes</span> <span class='ocrx_word' id='word_1_214' title='bbox 2694 1540 2882 1594; x_wconf 72' lang='lat' dir='ltr'>pravae</span> <span class='ocrx_word' id='word_1_215' title='bbox 2909 1541 3020 1578; x_wconf 86' lang='lat' dir='ltr'>non</span> <span class='ocrx_word' id='word_1_216' title='bbox 3058 1528 3187 1579; x_wconf 83' lang='lat' dir='ltr'>sunt</span> <span class='ocrx_word' id='word_1_217' title='bbox 3216 1526 3561 1596; x_wconf 56' lang='lat' dir='ltr'>spernenda.</span> <span class='ocrx_word' id='word_1_218' title='bbox 3593 1557 3663 1566; x_wconf 92' lang='lat'><strong>—</strong></span> <span class='ocrx_word' id='word_1_219' title='bbox 3693 1524 3809 1580; x_wconf 87' lang='lat' dir='ltr'>Ne-</span> 
     </span>
    </p>
   </div>
   <div class='ocr_carea' id='block_1_31' title="bbox 2099 1613 3808 1686">
    <p class='ocr_par' dir='ltr' id='par_1_31' title="bbox 2099 1613 3808 1686">
     <span class='ocr_line' id='line_1_31' title="bbox 2099 1613 3808 1686; baseline 0.001 -18"><span class='ocrx_word' id='word_1_220' title='bbox 2099 1630 2211 1686; x_wconf 90' lang='lat' dir='ltr'>que</span> <span class='ocrx_word' id='word_1_221' title='bbox 2233 1615 2386 1669; x_wconf 92' lang='lat' dir='ltr'>enim</span> <span class='ocrx_word' id='word_1_222' title='bbox 2412 1613 2571 1684; x_wconf 88' lang='lat' dir='ltr'>parvi</span> <span class='ocrx_word' id='word_1_223' title='bbox 2595 1615 2899 1682; x_wconf 78' lang='lat' dir='ltr'>pandenda</span> <span class='ocrx_word' id='word_1_224' title='bbox 2919 1619 3058 1669; x_wconf 91' lang='lat' dir='ltr'>sunt</span> <span class='ocrx_word' id='word_1_225' title='bbox 3076 1631 3217 1684; x_wconf 70' lang='lat' dir='ltr'>quas,</span> <span class='ocrx_word' id='word_1_226' title='bbox 3239 1615 3501 1684; x_wconf 80' lang='lat' dir='ltr'>quamvis</span> <span class='ocrx_word' id='word_1_227' title='bbox 3524 1630 3703 1686; x_wconf 87' lang='lat' dir='ltr'>usque</span> <span class='ocrx_word' id='word_1_228' title='bbox 3733 1614 3808 1669; x_wconf 90' lang='lat' dir='ltr'>ad</span> 
     </span>
    </p>
   </div>
   <div class='ocr_carea' id='block_1_32' title="bbox 2099 1702 3807 1772">
    <p class='ocr_par' dir='ltr' id='par_1_32' title="bbox 2099 1702 3807 1772">
     <span class='ocr_line' id='line_1_32' title="bbox 2099 1702 3807 1772; baseline 0.001 -14"><span class='ocrx_word' id='word_1_229' title='bbox 2099 1703 2365 1758; x_wconf 84' lang='lat' dir='ltr'>eﬂ‘ectum</span> <span class='ocrx_word' id='word_1_230' title='bbox 2396 1719 2511 1756; x_wconf 90' lang='lat' dir='ltr'>non</span> <span class='ocrx_word' id='word_1_231' title='bbox 2545 1702 2906 1772; x_wconf 85' lang='lat' dir='ltr'>pertrahunt,</span> <span class='ocrx_word' id='word_1_232' title='bbox 2931 1707 3126 1757; x_wconf 88' lang='lat' dir='ltr'>tamen</span> <span class='ocrx_word' id='word_1_233' title='bbox 3162 1703 3358 1758; x_wconf 89' lang='lat' dir='ltr'>illicite</span> <span class='ocrx_word' id='word_1_234' title='bbox 3383 1705 3440 1759; x_wconf 93' lang='lat' dir='ltr'>in</span> <span class='ocrx_word' id='word_1_235' title='bbox 3467 1713 3657 1759; x_wconf 87' lang='lat' dir='ltr'>mente</span> <span class='ocrx_word' id='word_1_236' title='bbox 3680 1720 3807 1758; x_wconf 86' lang='lat' dir='ltr'>ver-</span> 
     </span>
    </p>
   </div>
   <div class='ocr_carea' id='block_1_33' title="bbox 282 1791 3808 1889">
    <p class='ocr_par' dir='ltr' id='par_1_33' title="bbox 282 1791 3808 1889">
     <span class='ocr_line' id='line_1_33' title="bbox 282 1791 3808 1889; baseline -0.001 -39"><span class='ocrx_word' id='word_1_237' title='bbox 282 1798 391 1859; x_wconf 88' lang='lat' dir='ltr'>est,</span> <span class='ocrx_word' id='word_1_238' title='bbox 425 1794 658 1865; x_wconf 89' lang='lat' dir='ltr'>pulsare</span> <span class='ocrx_word' id='word_1_239' title='bbox 699 1793 1069 1864; x_wconf 72' lang='lat' dir='ltr'>praepeditur.</span> <span class='ocrx_word' id='word_1_240' title='bbox 1105 1793 1264 1861; x_wconf 74' lang='lat' dir='ltr'>Saepe</span> <span class='ocrx_word' id='word_1_241' title='bbox 1306 1792 1582 1858; x_wconf 88' lang='lat' dir='ltr'>antiquus</span> <span class='ocrx_word' id='word_1_242' title='bbox 1614 1791 1799 1846; x_wconf 87' lang='lat' dir='ltr'>hostis</span> <span class='ocrx_word' id='word_1_243' title='bbox 1830 1799 1990 1862; x_wconf 73' lang='lat' dir='ltr'>post-</span> <span class='ocrx_word' id='word_1_244' title='bbox 2024 1824 2070 1889; x_wconf 77' lang='grc' dir='ltr'><strong>Β</strong></span> <span class='ocrx_word' id='word_1_245' title='bbox 2101 1797 2325 1848; x_wconf 89' lang='lat' dir='ltr'>santur.</span> <span class='ocrx_word' id='word_1_246' title='bbox 2359 1791 2502 1846; x_wconf 87' lang='lat' dir='ltr'>Hinc</span> <span class='ocrx_word' id='word_1_247' title='bbox 2535 1803 2622 1846; x_wconf 87' lang='lat' dir='ltr'>est</span> <span class='ocrx_word' id='word_1_248' title='bbox 2650 1793 2804 1862; x_wconf 91' lang='lat' dir='ltr'>quod</span> <span class='ocrx_word' id='word_1_249' title='bbox 2828 1793 2993 1863; x_wconf 90' lang='lat' dir='ltr'>quasi</span> <span class='ocrx_word' id='word_1_250' title='bbox 3027 1810 3059 1848; x_wconf 88' lang='lat' dir='ltr'>a</span> <span class='ocrx_word' id='word_1_251' title='bbox 3089 1793 3422 1848; x_wconf 85' lang='lat' dir='ltr'>vulneribus</span> <span class='ocrx_word' id='word_1_252' title='bbox 3455 1793 3808 1864; x_wconf 81' lang='lat' dir='ltr'>Redemptor</span> 
     </span>
    </p>
   </div>
   <div class='ocr_carea' id='block_1_34' title="bbox 283 1882 1988 1957">
    <p class='ocr_par' dir='ltr' id='par_1_34' title="bbox 283 1882 1988 1957">
     <span class='ocr_line' id='line_1_34' title="bbox 283 1882 1988 1957; baseline -0.004 -15"><span class='ocrx_word' id='word_1_253' title='bbox 283 1902 455 1957; x_wconf 87' lang='lat' dir='ltr'>quam</span> <span class='ocrx_word' id='word_1_254' title='bbox 490 1884 670 1940; x_wconf 91' lang='lat' dir='ltr'>menti</span> <span class='ocrx_word' id='word_1_255' title='bbox 705 1889 915 1939; x_wconf 76' lang='lat' dir='ltr'>nostraa</span> <span class='ocrx_word' id='word_1_256' title='bbox 949 1884 1334 1939; x_wconf 86' lang='lat' dir='ltr'>tentationum</span> <span class='ocrx_word' id='word_1_257' title='bbox 1369 1890 1660 1938; x_wconf 87' lang='lat' dir='ltr'>certamen</span> <span class='ocrx_word' id='word_1_258' title='bbox 1694 1882 1988 1950; x_wconf 81' lang='lat' dir='ltr'>inﬂixerit,</span> 
     </span>
    </p>
   </div>
   <div class='ocr_carea' id='block_1_35' title="bbox 283 1973 1992 2046">
    <p class='ocr_par' dir='ltr' id='par_1_35' title="bbox 283 1973 1992 2046">
     <span class='ocr_line' id='line_1_35' title="bbox 283 1973 1992 2046; baseline -0.003 -15"><span class='ocrx_word' id='word_1_259' title='bbox 283 1977 355 2031; x_wconf 88' lang='lat' dir='ltr'>ab</span> <span class='ocrx_word' id='word_1_260' title='bbox 405 1976 533 2046; x_wconf 90' lang='lat' dir='ltr'>ipso</span> <span class='ocrx_word' id='word_1_261' title='bbox 583 1991 688 2030; x_wconf 89' lang='lat' dir='ltr'>suo</span> <span class='ocrx_word' id='word_1_262' title='bbox 738 1973 1056 2029; x_wconf 86' lang='lat' dir='ltr'>certamine</span> <span class='ocrx_word' id='word_1_263' title='bbox 1101 1974 1169 2026; x_wconf 87' lang='lat' dir='ltr'>ad</span> <span class='ocrx_word' id='word_1_264' title='bbox 1217 1977 1452 2043; x_wconf 88' lang='lat' dir='ltr'>tempus</span> <span class='ocrx_word' id='word_1_265' title='bbox 1497 1973 1747 2041; x_wconf 84' lang='lat' dir='ltr'>recedit;</span> <span class='ocrx_word' id='word_1_266' title='bbox 1783 1989 1895 2027; x_wconf 91' lang='lat' dir='ltr'>non</span> <span class='ocrx_word' id='word_1_267' title='bbox 1927 1976 1992 2026; x_wconf 87' lang='lat' dir='ltr'>ut</span> 
     </span>
    </p>
   </div>
   <div class='ocr_carea' id='block_1_36' title="bbox 283 2061 1990 2132">
    <p class='ocr_par' dir='ltr' id='par_1_36' title="bbox 283 2061 1990 2132">
     <span class='ocr_line' id='line_1_36' title="bbox 283 2061 1990 2132; baseline -0.002 -14"><span class='ocrx_word' id='word_1_268' title='bbox 283 2064 519 2119; x_wconf 70' lang='lat' dir='ltr'>malitiae</span> <span class='ocrx_word' id='word_1_269' title='bbox 550 2063 724 2118; x_wconf 86' lang='lat' dir='ltr'>ﬁnem</span> <span class='ocrx_word' id='word_1_270' title='bbox 758 2062 1029 2132; x_wconf 71' lang='lat' dir='ltr'>praebeat,</span> <span class='ocrx_word' id='word_1_271' title='bbox 1064 2062 1164 2116; x_wconf 91' lang='lat' dir='ltr'>sed</span> <span class='ocrx_word' id='word_1_272' title='bbox 1209 2067 1270 2115; x_wconf 90' lang='lat' dir='ltr'>ut</span> <span class='ocrx_word' id='word_1_273' title='bbox 1304 2062 1480 2116; x_wconf 89' lang='lat' dir='ltr'>corda</span> <span class='ocrx_word' id='word_1_274' title='bbox 1519 2077 1644 2130; x_wconf 80' lang='lat' dir='ltr'>quae</span> <span class='ocrx_word' id='word_1_275' title='bbox 1686 2077 1785 2130; x_wconf 92' lang='lat' dir='ltr'>per</span> <span class='ocrx_word' id='word_1_276' title='bbox 1823 2061 1990 2132; x_wconf 88' lang='lat' dir='ltr'>quie-</span> 
     </span>
    </p>
   </div>
   <div class='ocr_carea' id='block_1_37' title="bbox 281 2150 1990 2222">
    <p class='ocr_par' dir='ltr' id='par_1_37' title="bbox 281 2150 1990 2222">
     <span class='ocr_line' id='line_1_37' title="bbox 281 2150 1990 2222; baseline -0.003 -13"><span class='ocrx_word' id='word_1_277' title='bbox 281 2158 400 2209; x_wconf 90' lang='lat' dir='ltr'>tem</span> <span class='ocrx_word' id='word_1_278' title='bbox 428 2169 634 2209; x_wconf 90' lang='lat' dir='ltr'>secura</span> <span class='ocrx_word' id='word_1_279' title='bbox 656 2152 994 2220; x_wconf 88' lang='lat' dir='ltr'>reddiderit,</span> <span class='ocrx_word' id='word_1_280' title='bbox 1019 2154 1257 2222; x_wconf 87' lang='lat' dir='ltr'>repente</span> <span class='ocrx_word' id='word_1_281' title='bbox 1289 2150 1516 2205; x_wconf 87' lang='lat' dir='ltr'>rediens</span> <span class='ocrx_word' id='word_1_282' title='bbox 1544 2151 1771 2205; x_wconf 86' lang='lat' dir='ltr'>facilius</span> <span class='ocrx_word' id='word_1_283' title='bbox 1803 2151 1990 2221; x_wconf 85' lang='lat' dir='ltr'>inopi-</span> 
     </span>
    </p>
   </div>
   <div class='ocr_carea' id='block_1_38' title="bbox 284 2239 1992 2311">
    <p class='ocr_par' dir='ltr' id='par_1_38' title="bbox 284 2239 1992 2311">
     <span class='ocr_line' id='line_1_38' title="bbox 284 2239 1992 2311; baseline -0.002 -13"><span class='ocrx_word' id='word_1_284' title='bbox 284 2256 457 2298; x_wconf 82' lang='lat' dir='ltr'>natus</span> <span class='ocrx_word' id='word_1_285' title='bbox 489 2242 801 2311; x_wconf 88' lang='lat' dir='ltr'>irrumpat.</span> <span class='ocrx_word' id='word_1_286' title='bbox 825 2241 972 2294; x_wconf 83' lang='lat' dir='ltr'>Hinc</span> <span class='ocrx_word' id='word_1_287' title='bbox 994 2246 1082 2296; x_wconf 90' lang='lat' dir='ltr'>est</span> <span class='ocrx_word' id='word_1_288' title='bbox 1104 2239 1258 2310; x_wconf 78' lang='lat' dir='ltr'>quod</span> <span class='ocrx_word' id='word_1_289' title='bbox 1283 2240 1352 2293; x_wconf 91' lang='lat' dir='ltr'>ad</span> <span class='ocrx_word' id='word_1_290' title='bbox 1379 2241 1720 2293; x_wconf 81' lang='lat' dir='ltr'>tentandum</span> <span class='ocrx_word' id='word_1_291' title='bbox 1755 2241 1992 2295; x_wconf 88' lang='lat' dir='ltr'>beatum</span> 
     </span>
    </p>
   </div>
   <div class='ocr_carea' id='block_1_39' title="bbox 283 2330 1990 2400">
    <p class='ocr_par' dir='ltr' id='par_1_39' title="bbox 283 2330 1990 2400">
     <span class='ocr_line' id='line_1_39' title="bbox 283 2330 1990 2400; baseline -0.001 -14"><span class='ocrx_word' id='word_1_292' title='bbox 283 2333 472 2388; x_wconf 85' lang='lat' dir='ltr'>virum</span> <span class='ocrx_word' id='word_1_293' title='bbox 506 2332 713 2387; x_wconf 90' lang='lat' dir='ltr'>iterum</span> <span class='ocrx_word' id='word_1_294' title='bbox 745 2330 916 2394; x_wconf 90' lang='lat' dir='ltr'>redit,</span> <span class='ocrx_word' id='word_1_295' title='bbox 950 2330 1194 2400; x_wconf 88' lang='lat' dir='ltr'>ejusque</span> <span class='ocrx_word' id='word_1_296' title='bbox 1226 2330 1518 2384; x_wconf 88' lang='lat' dir='ltr'>cruciatus</span> <span class='ocrx_word' id='word_1_297' title='bbox 1548 2330 1780 2400; x_wconf 77' lang='lat' dir='ltr'>expetit,</span> <span class='ocrx_word' id='word_1_298' title='bbox 1818 2346 1990 2400; x_wconf 91' lang='lat' dir='ltr'>quem</span> 
     </span>
    </p>
   </div>
   <div class='ocr_carea' id='block_1_40' title="bbox 283 2419 1992 2491">
    <p class='ocr_par' dir='ltr' id='par_1_40' title="bbox 283 2419 1992 2491">
     <span class='ocr_line' id='line_1_40' title="bbox 283 2419 1992 2491; baseline -0.001 -15"><span class='ocrx_word' id='word_1_299' title='bbox 283 2428 476 2479; x_wconf 89' lang='lat' dir='ltr'>tamen</span> <span class='ocrx_word' id='word_1_300' title='bbox 509 2421 561 2476; x_wconf 91' lang='lat' dir='ltr'>ei</span> <span class='ocrx_word' id='word_1_301' title='bbox 597 2435 852 2491; x_wconf 89' lang='lat' dir='ltr'>superna</span> <span class='ocrx_word' id='word_1_302' title='bbox 883 2419 1067 2490; x_wconf 89' lang='lat' dir='ltr'>pietas</span> <span class='ocrx_word' id='word_1_303' title='bbox 1102 2419 1402 2474; x_wconf 88' lang='lat' dir='ltr'>retinendo</span> <span class='ocrx_word' id='word_1_304' title='bbox 1433 2419 1718 2490; x_wconf 86' lang='lat' dir='ltr'>concedit,</span> <span class='ocrx_word' id='word_1_305' title='bbox 1749 2420 1944 2474; x_wconf 89' lang='lat' dir='ltr'>dicens</span> <span class='ocrx_word' id='word_1_306' title='bbox 1977 2436 1992 2474; x_wconf 90' lang='lat'><strong>:</strong></span> 
     </span>
    </p>
   </div>
   <div class='ocr_carea' id='block_1_41' title="bbox 911 2517 1365 2574">
    <p class='ocr_par' dir='ltr' id='par_1_41' title="bbox 911 2517 1365 2574">
     <span class='ocr_line' id='line_1_41' title="bbox 911 2517 1365 2574; baseline 0.004 -2"><span class='ocrx_word' id='word_1_307' title='bbox 911 2517 1143 2573; x_wconf 89' lang='lat' dir='ltr'>CAPUT</span> <span class='ocrx_word' id='word_1_308' title='bbox 1182 2517 1365 2574; x_wconf 81' lang='lat' dir='ltr'>XXlX.</span> 
     </span>
    </p>
   </div>
   <div class='ocr_carea' id='block_1_42' title="bbox 356 2599 1997 2668">
    <p class='ocr_par' dir='ltr' id='par_1_42' title="bbox 356 2599 1997 2668">
     <span class='ocr_line' id='line_1_42' title="bbox 356 2599 1997 2668; baseline 0 -14"><span class='ocrx_word' id='word_1_309' title='bbox 356 2601 534 2657; x_wconf 76' lang='lat' dir='ltr'>Vens.</span> <span class='ocrx_word' id='word_1_310' title='bbox 568 2603 619 2657; x_wconf 90' lang='lat'>6.</span> <span class='ocrx_word' id='word_1_311' title='bbox 651 2631 720 2639; x_wconf 87' lang='lat'>—-</span> <span class='ocrx_word' id='word_1_312' title='bbox 754 2601 880 2654; x_wconf 87' lang='lat' dir='ltr'>Ecce</span> <span class='ocrx_word' id='word_1_313' title='bbox 911 2599 970 2653; x_wconf 87' lang='lat' dir='ltr'>in</span> <span class='ocrx_word' id='word_1_314' title='bbox 1008 2615 1180 2654; x_wconf 85' lang='lat' dir='ltr'>manu</span> <span class='ocrx_word' id='word_1_315' title='bbox 1216 2603 1312 2654; x_wconf 86' lang='lat' dir='ltr'>tua</span> <span class='ocrx_word' id='word_1_316' title='bbox 1350 2603 1454 2668; x_wconf 83' lang='lat' dir='ltr'>est,</span> <span class='ocrx_word' id='word_1_317' title='bbox 1495 2603 1708 2654; x_wconf 87' lang='lat' dir='ltr'>tantum</span> <span class='ocrx_word' id='word_1_318' title='bbox 1747 2600 1997 2654; x_wconf 85' lang='lat' dir='ltr'>animam</span> 
     </span>
    </p>
   </div>
   <div class='ocr_carea' id='block_1_43' title="bbox 288 2692 647 2750">
    <p class='ocr_par' dir='ltr' id='par_1_43' title="bbox 288 2692 647 2750">
     <span class='ocr_line' id='line_1_43' title="bbox 288 2692 647 2750; baseline -0.014 0"><span class='ocrx_word' id='word_1_319' title='bbox 288 2692 443 2750; x_wconf 86' lang='lat' dir='ltr'>illius</span> <span class='ocrx_word' id='word_1_320' title='bbox 474 2707 647 2746; x_wconf 86' lang='lat' dir='ltr'>serva.</span> 
     </span>
    </p>
   </div>
   <div class='ocr_carea' id='block_1_44' title="bbox 354 2778 1995 2850">
    <p class='ocr_par' dir='ltr' id='par_1_44' title="bbox 354 2778 1995 2850">
     <span class='ocr_line' id='line_1_44' title="bbox 354 2778 1995 2850; baseline -0.002 -14"><span class='ocrx_word' id='word_1_321' title='bbox 354 2781 446 2837; x_wconf 88' lang='lat'>57.</span> <span class='ocrx_word' id='word_1_322' title='bbox 481 2778 812 2850; x_wconf 86' lang='lat' dir='ltr'>Quandoque</span> <span class='ocrx_word' id='word_1_323' title='bbox 854 2779 994 2834; x_wconf 78' lang='lat' dir='ltr'>Deus</span> <span class='ocrx_word' id='word_1_324' title='bbox 1038 2794 1134 2834; x_wconf 88' lang='lat' dir='ltr'>nos</span> <span class='ocrx_word' id='word_1_325' title='bbox 1177 2780 1372 2834; x_wconf 84' lang='lat' dir='ltr'>deserit</span> <span class='ocrx_word' id='word_1_326' title='bbox 1421 2786 1480 2833; x_wconf 89' lang='lat' dir='ltr'>ut</span> <span class='ocrx_word' id='word_1_327' title='bbox 1529 2779 1809 2834; x_wconf 75' lang='lat' dir='ltr'>custodiat.</span> <span class='ocrx_word' id='word_1_328' title='bbox 1864 2778 1995 2834; x_wconf 83' lang='lat' dir='ltr'>Ten-</span> 
     </span>
    </p>
   </div>
   <div class='ocr_carea' id='block_1_45' title="bbox 286 2867 1997 2938">
    <p class='ocr_par' dir='ltr' id='par_1_45' title="bbox 286 2867 1997 2938">
     <span class='ocr_line' id='line_1_45' title="bbox 286 2867 1997 2938; baseline -0.002 -13"><span class='ocrx_word' id='word_1_329' title='bbox 286 2871 423 2926; x_wconf 85' lang='lat' dir='ltr'>tatio</span> <span class='ocrx_word' id='word_1_330' title='bbox 452 2869 514 2938; x_wconf 77' lang='lat' dir='ltr'>ﬁt</span> <span class='ocrx_word' id='word_1_331' title='bbox 539 2869 693 2922; x_wconf 89' lang='lat' dir='ltr'>salva</span> <span class='ocrx_word' id='word_1_332' title='bbox 736 2871 952 2933; x_wconf 79' lang='lat' dir='ltr'>anima,</span> <span class='ocrx_word' id='word_1_333' title='bbox 1003 2867 1097 2921; x_wconf 85' lang='lat' dir='ltr'>ubi</span> <span class='ocrx_word' id='word_1_334' title='bbox 1145 2879 1386 2932; x_wconf 78' lang='lat' dir='ltr'>negatur</span> <span class='ocrx_word' id='word_1_335' title='bbox 1415 2883 1721 2923; x_wconf 83' lang='lat' dir='ltr'>consensus.</span> <span class='ocrx_word' id='word_1_336' title='bbox 1761 2868 1997 2922; x_wconf 82' lang='lat' dir='ltr'>Delecta-</span> 
     </span>
    </p>
   </div>
   <div class='ocr_carea' id='block_1_46' title="bbox 288 2957 1998 3029">
    <p class='ocr_par' dir='ltr' id='par_1_46' title="bbox 288 2957 1998 3029">
     <span class='ocr_line' id='line_1_46' title="bbox 288 2957 1998 3029; baseline -0.001 -15"><span class='ocrx_word' id='word_1_337' title='bbox 288 2961 458 3014; x_wconf 85' lang='lat' dir='ltr'>tionis</span> <span class='ocrx_word' id='word_1_338' title='bbox 477 2962 661 3012; x_wconf 84' lang='lat' dir='ltr'>tamen</span> <span class='ocrx_word' id='word_1_339' title='bbox 683 2958 880 3012; x_wconf 87' lang='lat' dir='ltr'>vulnus</span> <span class='ocrx_word' id='word_1_340' title='bbox 900 2959 1225 3027; x_wconf 65' lang='lat' dir='ltr'>paenitentia</span> <span class='ocrx_word' id='word_1_341' title='bbox 1245 2957 1646 3012; x_wconf 85' lang='lat' dir='ltr'>curandum.-—</span> <span class='ocrx_word' id='word_1_342' title='bbox 1668 2960 1760 3013; x_wconf 90' lang='lat' dir='ltr'>Sic</span> <span class='ocrx_word' id='word_1_343' title='bbox 1782 2960 1998 3029; x_wconf 88' lang='lat' dir='ltr'>quippe</span> 
     </span>
    </p>
   </div>
   <div class='ocr_carea' id='block_1_47' title="bbox 287 3045 1998 3113">
    <p class='ocr_par' dir='ltr' id='par_1_47' title="bbox 287 3045 1998 3113">
     <span class='ocr_line' id='line_1_47' title="bbox 287 3045 1998 3113; baseline 0.001 -13"><span class='ocrx_word' id='word_1_344' title='bbox 287 3048 385 3101; x_wconf 89' lang='lat' dir='ltr'>ille</span> <span class='ocrx_word' id='word_1_345' title='bbox 417 3062 524 3100; x_wconf 89' lang='lat' dir='ltr'>nos</span> <span class='ocrx_word' id='word_1_346' title='bbox 555 3046 788 3110; x_wconf 88' lang='lat' dir='ltr'>deserit,</span> <span class='ocrx_word' id='word_1_347' title='bbox 825 3052 885 3099; x_wconf 91' lang='lat' dir='ltr'>ut</span> <span class='ocrx_word' id='word_1_348' title='bbox 915 3045 1236 3113; x_wconf 83' lang='lat' dir='ltr'>custodiat;</span> <span class='ocrx_word' id='word_1_349' title='bbox 1281 3048 1365 3100; x_wconf 90' lang='lat' dir='ltr'>sic</span> <span class='ocrx_word' id='word_1_350' title='bbox 1397 3047 1670 3112; x_wconf 88' lang='lat' dir='ltr'>custodit,</span> <span class='ocrx_word' id='word_1_351' title='bbox 1709 3054 1770 3101; x_wconf 91' lang='lat' dir='ltr'>ut</span> <span class='ocrx_word' id='word_1_352' title='bbox 1801 3053 1998 3102; x_wconf 87' lang='lat' dir='ltr'>tamen</span> 
     </span>
    </p>
   </div>
   <div class='ocr_carea' id='block_1_48' title="bbox 289 3135 1996 3208">
    <p class='ocr_par' dir='ltr' id='par_1_48' title="bbox 289 3135 1996 3208">
     <span class='ocr_line' id='line_1_48' title="bbox 289 3135 1996 3208; baseline 0 -17"><span class='ocrx_word' id='word_1_353' title='bbox 289 3136 577 3208; x_wconf 89' lang='lat' dir='ltr'>permisso</span> <span class='ocrx_word' id='word_1_354' title='bbox 617 3136 954 3190; x_wconf 84' lang='lat' dir='ltr'>tentationis</span> <span class='ocrx_word' id='word_1_355' title='bbox 997 3135 1236 3188; x_wconf 89' lang='lat' dir='ltr'>articulo</span> <span class='ocrx_word' id='word_1_356' title='bbox 1275 3136 1376 3189; x_wconf 79' lang='lat'><strong>96</strong></span> <span class='ocrx_word' id='word_1_357' title='bbox 1419 3141 1634 3190; x_wconf 89' lang='lat' dir='ltr'>statum</span> <span class='ocrx_word' id='word_1_358' title='bbox 1677 3136 1844 3191; x_wconf 90' lang='lat' dir='ltr'>nobis</span> <span class='ocrx_word' id='word_1_359' title='bbox 1886 3154 1996 3191; x_wconf 92' lang='lat' dir='ltr'>no-</span> 
     </span>
    </p>
   </div>
   <div class='ocr_carea' id='block_1_49' title="bbox 289 3197 2081 3284">
    <p class='ocr_par' dir='ltr' id='par_1_49' title="bbox 289 3197 2081 3284">
     <span class='ocr_line' id='line_1_49' title="bbox 289 3197 2081 3284; baseline 0 -6"><span class='ocrx_word' id='word_1_360' title='bbox 289 3197 417 3278; x_wconf 66' lang='lat' dir='ltr'>strae</span> <span class='ocrx_word' id='word_1_361' title='bbox 462 3223 813 3277; x_wconf 81' lang='lat' dir='ltr'>inﬁrmitatis</span> <span class='ocrx_word' id='word_1_362' title='bbox 855 3223 1144 3276; x_wconf 88' lang='lat' dir='ltr'>ostendat.</span> <span class='ocrx_word' id='word_1_363' title='bbox 1180 3222 1287 3284; x_wconf 88' lang='lat' dir='ltr'>Qui</span> <span class='ocrx_word' id='word_1_364' title='bbox 1337 3239 1465 3277; x_wconf 87' lang='lat' dir='ltr'>mox</span> <span class='ocrx_word' id='word_1_365' title='bbox 1505 3241 1537 3277; x_wconf 89' lang='lat' dir='ltr'>a</span> <span class='ocrx_word' id='word_1_366' title='bbox 1579 3223 1721 3277; x_wconf 90' lang='lat' dir='ltr'>facie</span> <span class='ocrx_word' id='word_1_367' title='bbox 1767 3223 1999 3279; x_wconf 90' lang='lat' dir='ltr'>Domini</span> <span class='ocrx_word' id='word_1_368' title='bbox 2030 3197 2081 3264; x_wconf 72' lang='lat' dir='ltr'>C‘</span> 
     </span>
    </p>
   </div>
   <div class='ocr_carea' id='block_1_50' title="bbox 289 3313 2003 3384">
    <p class='ocr_par' dir='ltr' id='par_1_50' title="bbox 289 3313 2003 3384">
     <span class='ocr_line' id='line_1_50' title="bbox 289 3313 2003 3384; baseline -0.001 -12"><span class='ocrx_word' id='word_1_369' title='bbox 289 3317 446 3381; x_wconf 81' lang='lat' dir='ltr'>exiit,</span> <span class='ocrx_word' id='word_1_370' title='bbox 483 3321 656 3384; x_wconf 89' lang='lat' dir='ltr'>atque</span> <span class='ocrx_word' id='word_1_371' title='bbox 695 3330 728 3367; x_wconf 93' lang='lat' dir='ltr'>a</span> <span class='ocrx_word' id='word_1_372' title='bbox 770 3313 969 3384; x_wconf 89' lang='lat' dir='ltr'>planta</span> <span class='ocrx_word' id='word_1_373' title='bbox 1010 3313 1174 3382; x_wconf 88' lang='lat' dir='ltr'>pedis</span> <span class='ocrx_word' id='word_1_374' title='bbox 1217 3330 1398 3382; x_wconf 88' lang='lat' dir='ltr'>usque</span> <span class='ocrx_word' id='word_1_375' title='bbox 1438 3316 1504 3367; x_wconf 91' lang='lat' dir='ltr'>ad</span> <span class='ocrx_word' id='word_1_376' title='bbox 1535 3313 1806 3368; x_wconf 88' lang='lat' dir='ltr'>verticem</span> <span class='ocrx_word' id='word_1_377' title='bbox 1842 3331 2003 3370; x_wconf 88' lang='lat' dir='ltr'>acce-</span> 
     </span>
    </p>
   </div>
   <div class='ocr_carea' id='block_1_51' title="bbox 290 3399 2004 3473">
    <p class='ocr_par' dir='ltr' id='par_1_51' title="bbox 290 3399 2004 3473">
     <span class='ocr_line' id='line_1_51' title="bbox 290 3399 2004 3473; baseline 0.001 -17"><span class='ocrx_word' id='word_1_378' title='bbox 290 3409 452 3473; x_wconf 88' lang='lat' dir='ltr'>ptum</span> <span class='ocrx_word' id='word_1_379' title='bbox 497 3401 758 3456; x_wconf 82' lang='lat' dir='ltr'>feriendo</span> <span class='ocrx_word' id='word_1_380' title='bbox 789 3399 1135 3459; x_wconf 83' lang='lat' dir='ltr'>vulneravit.</span> <span class='ocrx_word' id='word_1_381' title='bbox 1164 3401 1303 3470; x_wconf 91' lang='lat' dir='ltr'>quia</span> <span class='ocrx_word' id='word_1_382' title='bbox 1342 3401 1620 3456; x_wconf 89' lang='lat' dir='ltr'>nimirum</span> <span class='ocrx_word' id='word_1_383' title='bbox 1654 3419 1784 3456; x_wconf 87' lang='lat' dir='ltr'>cum</span> <span class='ocrx_word' id='word_1_384' title='bbox 1818 3403 2004 3458; x_wconf 91' lang='lat' dir='ltr'>licen-</span> 
     </span>
    </p>
   </div>
   <div class='ocr_carea' id='block_1_52' title="bbox 291 3489 2007 3562">
    <p class='ocr_par' dir='ltr' id='par_1_52' title="bbox 291 3489 2007 3562">
     <span class='ocr_line' id='line_1_52' title="bbox 291 3489 2007 3562; baseline 0.001 -16"><span class='ocrx_word' id='word_1_385' title='bbox 291 3493 435 3548; x_wconf 88' lang='lat' dir='ltr'>tiam</span> <span class='ocrx_word' id='word_1_386' title='bbox 496 3490 760 3561; x_wconf 88' lang='lat' dir='ltr'>percipit,</span> <span class='ocrx_word' id='word_1_387' title='bbox 822 3506 856 3544; x_wconf 91' lang='lat' dir='ltr'>a</span> <span class='ocrx_word' id='word_1_388' title='bbox 918 3489 1178 3544; x_wconf 88' lang='lat' dir='ltr'>minimis</span> <span class='ocrx_word' id='word_1_389' title='bbox 1235 3489 1545 3560; x_wconf 89' lang='lat' dir='ltr'>incipiens,</span> <span class='ocrx_word' id='word_1_390' title='bbox 1597 3500 1770 3561; x_wconf 88' lang='lat' dir='ltr'>atque</span> <span class='ocrx_word' id='word_1_391' title='bbox 1828 3509 2007 3562; x_wconf 84' lang='lat' dir='ltr'>usque</span> 
     </span>
    </p>
   </div>
   <div class='ocr_carea' id='block_1_53' title="bbox 294 3580 2009 3652">
    <p class='ocr_par' dir='ltr' id='par_1_53' title="bbox 294 3580 2009 3652">
     <span class='ocr_line' id='line_1_53' title="bbox 294 3580 2009 3652; baseline 0.001 -15"><span class='ocrx_word' id='word_1_392' title='bbox 294 3584 361 3637; x_wconf 88' lang='lat' dir='ltr'>ad</span> <span class='ocrx_word' id='word_1_393' title='bbox 406 3581 623 3651; x_wconf 85' lang='lat' dir='ltr'>majora</span> <span class='ocrx_word' id='word_1_394' title='bbox 666 3580 1031 3651; x_wconf 89' lang='lat' dir='ltr'>perveniens,</span> <span class='ocrx_word' id='word_1_395' title='bbox 1073 3580 1237 3649; x_wconf 89' lang='lat' dir='ltr'>quasi</span> <span class='ocrx_word' id='word_1_396' title='bbox 1280 3596 1450 3634; x_wconf 89' lang='lat' dir='ltr'>omne</span> <span class='ocrx_word' id='word_1_397' title='bbox 1481 3582 1548 3651; x_wconf 92' lang='lat' dir='ltr'>(c)</span> <span class='ocrx_word' id='word_1_398' title='bbox 1580 3595 1793 3652; x_wconf 89' lang='lat' dir='ltr'>corpus</span> <span class='ocrx_word' id='word_1_399' title='bbox 1835 3598 2009 3638; x_wconf 90' lang='lat' dir='ltr'>men—</span> 
     </span>
    </p>
   </div>
   <div class='ocr_carea' id='block_1_54' title="bbox 293 3667 2008 3739">
    <p class='ocr_par' dir='ltr' id='par_1_54' title="bbox 293 3667 2008 3739">
     <span class='ocr_line' id='line_1_54' title="bbox 293 3667 2008 3739; baseline -0.001 -12"><span class='ocrx_word' id='word_1_400' title='bbox 293 3670 371 3727; x_wconf 89' lang='lat' dir='ltr'>tis</span> <span class='ocrx_word' id='word_1_401' title='bbox 437 3669 614 3724; x_wconf 89' lang='lat' dir='ltr'>illatis</span> <span class='ocrx_word' id='word_1_402' title='bbox 681 3669 1106 3724; x_wconf 82' lang='lat' dir='ltr'>tentationibus</span> <span class='ocrx_word' id='word_1_403' title='bbox 1176 3667 1479 3723; x_wconf 85' lang='lat' dir='ltr'>lacerando</span> <span class='ocrx_word' id='word_1_404' title='bbox 1545 3670 1826 3739; x_wconf 80' lang='lat' dir='ltr'>tranﬁgit.</span> <span class='ocrx_word' id='word_1_405' title='bbox 1896 3672 2008 3726; x_wconf 91' lang='lat' dir='ltr'>Sed</span> 
     </span>
    </p>
   </div>
   <div class='ocr_carea' id='block_1_55' title="bbox 295 3759 2008 3831">
    <p class='ocr_par' dir='ltr' id='par_1_55' title="bbox 295 3759 2008 3831">
     <span class='ocr_line' id='line_1_55' title="bbox 295 3759 2008 3831; baseline 0.001 -15"><span class='ocrx_word' id='word_1_406' title='bbox 295 3767 489 3816; x_wconf 90' lang='lat' dir='ltr'>tamen</span> <span class='ocrx_word' id='word_1_407' title='bbox 531 3760 597 3814; x_wconf 93' lang='lat' dir='ltr'>ad</span> <span class='ocrx_word' id='word_1_408' title='bbox 641 3761 898 3813; x_wconf 89' lang='lat' dir='ltr'>animam</span> <span class='ocrx_word' id='word_1_409' title='bbox 935 3759 1190 3813; x_wconf 88' lang='lat' dir='ltr'>feriendo</span> <span class='ocrx_word' id='word_1_410' title='bbox 1224 3776 1335 3813; x_wconf 90' lang='lat' dir='ltr'>non</span> <span class='ocrx_word' id='word_1_411' title='bbox 1370 3761 1662 3829; x_wconf 90' lang='lat' dir='ltr'>pervenit;</span> <span class='ocrx_word' id='word_1_412' title='bbox 1698 3760 1833 3831; x_wconf 85' lang='lat' dir='ltr'>quia</span> <span class='ocrx_word' id='word_1_413' title='bbox 1864 3777 2008 3817; x_wconf 88' lang='lat' dir='ltr'>cun-</span> 
     </span>
    </p>
   </div>
   <div class='ocr_carea' id='block_1_56' title="bbox 298 3847 2009 3920">
    <p class='ocr_par' dir='ltr' id='par_1_56' title="bbox 298 3847 2009 3920">
     <span class='ocr_line' id='line_1_56' title="bbox 298 3847 2009 3920; baseline 0.001 -15"><span class='ocrx_word' id='word_1_414' title='bbox 298 3850 407 3906; x_wconf 91' lang='lat' dir='ltr'>ctis</span> <span class='ocrx_word' id='word_1_415' title='bbox 439 3848 890 3920; x_wconf 87' lang='lat' dir='ltr'>cogitationibus</span> <span class='ocrx_word' id='word_1_416' title='bbox 929 3847 1188 3914; x_wconf 85' lang='lat' dir='ltr'>interior,</span> <span class='ocrx_word' id='word_1_417' title='bbox 1225 3850 1374 3902; x_wconf 89' lang='lat' dir='ltr'>inter</span> <span class='ocrx_word' id='word_1_418' title='bbox 1414 3849 1540 3919; x_wconf 90' lang='lat' dir='ltr'>ipsa</span> <span class='ocrx_word' id='word_1_419' title='bbox 1570 3850 1812 3904; x_wconf 88' lang='lat' dir='ltr'>vulnera</span> <span class='ocrx_word' id='word_1_420' title='bbox 1851 3852 2009 3907; x_wconf 91' lang='lat' dir='ltr'>dele-</span> 
     </span>
    </p>
   </div>
   <div class='ocr_carea' id='block_1_57' title="bbox 297 3940 2013 4011">
    <p class='ocr_par' dir='ltr' id='par_1_57' title="bbox 297 3940 2013 4011">
     <span class='ocr_line' id='line_1_57' title="bbox 297 3940 2013 4011; baseline -0.001 -13"><span class='ocrx_word' id='word_1_421' title='bbox 297 3944 618 3998; x_wconf 87' lang='lat' dir='ltr'>ctationum</span> <span class='ocrx_word' id='word_1_422' title='bbox 651 3957 778 4010; x_wconf 66' lang='lat' dir='ltr'>qum</span> <span class='ocrx_word' id='word_1_423' title='bbox 811 3940 1076 4007; x_wconf 81' lang='lat' dir='ltr'>suscipit,</span> <span class='ocrx_word' id='word_1_424' title='bbox 1109 3940 1304 3994; x_wconf 88' lang='lat' dir='ltr'>arcani</span> <span class='ocrx_word' id='word_1_425' title='bbox 1340 3943 1615 4011; x_wconf 91' lang='lat' dir='ltr'>propositi</span> <span class='ocrx_word' id='word_1_426' title='bbox 1647 3941 1895 3997; x_wconf 89' lang='lat' dir='ltr'>intentio</span> <span class='ocrx_word' id='word_1_427' title='bbox 1927 3959 2013 3997; x_wconf 91' lang='lat' dir='ltr'>re-</span> 
     </span>
    </p>
   </div>
   <div class='ocr_carea' id='block_1_58' title="bbox 298 4029 2010 4102">
    <p class='ocr_par' dir='ltr' id='par_1_58' title="bbox 298 4029 2010 4102">
     <span class='ocr_line' id='line_1_58' title="bbox 298 4029 2010 4102; baseline -0.001 -15"><span class='ocrx_word' id='word_1_428' title='bbox 298 4033 489 4097; x_wconf 88' lang='lat' dir='ltr'>sistit;</span> <span class='ocrx_word' id='word_1_429' title='bbox 523 4037 585 4086; x_wconf 92' lang='lat' dir='ltr'>ut</span> <span class='ocrx_word' id='word_1_430' title='bbox 616 4032 883 4102; x_wconf 88' lang='lat' dir='ltr'>quamvis</span> <span class='ocrx_word' id='word_1_431' title='bbox 916 4029 1219 4084; x_wconf 85' lang='lat' dir='ltr'>delectatio</span> <span class='ocrx_word' id='word_1_432' title='bbox 1257 4036 1508 4084; x_wconf 84' lang='lat' dir='ltr'>mentem</span> <span class='ocrx_word' id='word_1_433' title='bbox 1545 4032 1828 4095; x_wconf 68' lang='lat' dir='ltr'>mordeat,</span> <span class='ocrx_word' id='word_1_434' title='bbox 1862 4031 2010 4086; x_wconf 90' lang='lat' dir='ltr'>deli-</span> 
     </span>
    </p>
   </div>
   <div class='ocr_carea' id='block_1_59' title="bbox 300 4120 2012 4191">
    <p class='ocr_par' dir='ltr' id='par_1_59' title="bbox 300 4120 2012 4191">
     <span class='ocr_line' id='line_1_59' title="bbox 300 4120 2012 4191; baseline -0.001 -14"><span class='ocrx_word' id='word_1_435' title='bbox 300 4123 656 4177; x_wconf 81' lang='lat' dir='ltr'>berationem</span> <span class='ocrx_word' id='word_1_436' title='bbox 690 4128 876 4174; x_wconf 86' lang='lat' dir='ltr'>tamen</span> <span class='ocrx_word' id='word_1_437' title='bbox 914 4126 1125 4173; x_wconf 74' lang='lat' dir='ltr'>sanctae</span> <span class='ocrx_word' id='word_1_438' title='bbox 1160 4120 1529 4173; x_wconf 82' lang='lat' dir='ltr'>rectitudinis</span> <span class='ocrx_word' id='word_1_439' title='bbox 1566 4136 1750 4191; x_wconf 89' lang='lat' dir='ltr'>usque</span> <span class='ocrx_word' id='word_1_440' title='bbox 1779 4123 1846 4175; x_wconf 86' lang='lat' dir='ltr'>ad</span> <span class='ocrx_word' id='word_1_441' title='bbox 1875 4138 2012 4177; x_wconf 86' lang='lat' dir='ltr'>con-</span> 
     </span>
    </p>
   </div>
   <div class='ocr_carea' id='block_1_60' title="bbox 301 4208 2014 4283">
    <p class='ocr_par' dir='ltr' id='par_1_60' title="bbox 301 4208 2014 4283">
     <span class='ocr_line' id='line_1_60' title="bbox 301 4208 2014 4283; baseline -0.001 -15"><span class='ocrx_word' id='word_1_442' title='bbox 301 4229 507 4268; x_wconf 89' lang='lat' dir='ltr'>sensus</span> <span class='ocrx_word' id='word_1_443' title='bbox 538 4211 836 4266; x_wconf 89' lang='lat' dir='ltr'>mollitiem</span> <span class='ocrx_word' id='word_1_444' title='bbox 879 4227 992 4264; x_wconf 92' lang='lat' dir='ltr'>non</span> <span class='ocrx_word' id='word_1_445' title='bbox 1038 4210 1310 4263; x_wconf 75' lang='lat' dir='ltr'>inﬂemat.</span> <span class='ocrx_word' id='word_1_446' title='bbox 1346 4208 1635 4264; x_wconf 90' lang='lat' dir='ltr'>Debemus</span> <span class='ocrx_word' id='word_1_447' title='bbox 1676 4216 1870 4265; x_wconf 90' lang='lat' dir='ltr'>tamen</span> <span class='ocrx_word' id='word_1_448' title='bbox 1913 4228 2014 4283; x_wconf 91' lang='lat' dir='ltr'>per</span> 
     </span>
    </p>
   </div>
   <div class='ocr_carea' id='block_1_61' title="bbox 301 4300 2014 4372">
    <p class='ocr_par' dir='ltr' id='par_1_61' title="bbox 301 4300 2014 4372">
     <span class='ocr_line' id='line_1_61' title="bbox 301 4300 2014 4372; baseline 0 -16"><span class='ocrx_word' id='word_1_449' title='bbox 301 4303 673 4372; x_wconf 83' lang='lat' dir='ltr'>asperitatem</span> <span class='ocrx_word' id='word_1_450' title='bbox 727 4300 1070 4370; x_wconf 78' lang='lat' dir='ltr'>pcenilentiae</span> <span class='ocrx_word' id='word_1_451' title='bbox 1116 4301 1243 4369; x_wconf 86' lang='lat' dir='ltr'>ipsa</span> <span class='ocrx_word' id='word_1_452' title='bbox 1284 4300 1741 4355; x_wconf 80' lang='lat' dir='ltr'>delectationum</span> <span class='ocrx_word' id='word_1_453' title='bbox 1774 4302 2014 4357; x_wconf 89' lang='lat' dir='ltr'>vulnera</span> 
     </span>
    </p>
   </div>
   <div class='ocr_carea' id='block_1_62' title="bbox 304 4388 2014 4462">
    <p class='ocr_par' dir='ltr' id='par_1_62' title="bbox 304 4388 2014 4462">
     <span class='ocr_line' id='line_1_62' title="bbox 304 4388 2014 4462; baseline 0.002 -19"><span class='ocrx_word' id='word_1_454' title='bbox 304 4394 547 4459; x_wconf 88' lang='lat' dir='ltr'>tergere,</span> <span class='ocrx_word' id='word_1_455' title='bbox 580 4398 630 4442; x_wconf 90' lang='lat' dir='ltr'>et</span> <span class='ocrx_word' id='word_1_456' title='bbox 662 4405 905 4444; x_wconf 90' lang='lat' dir='ltr'>censura</span> <span class='ocrx_word' id='word_1_457' title='bbox 947 4388 1326 4444; x_wconf 80' lang='lat' dir='ltr'>districtionis</span> <span class='ocrx_word' id='word_1_458' title='bbox 1369 4390 1589 4459; x_wconf 76' lang='lat' dir='ltr'>rigidze,</span> <span class='ocrx_word' id='word_1_459' title='bbox 1632 4392 1680 4446; x_wconf 88' lang='lat' dir='ltr'>si</span> <span class='ocrx_word' id='word_1_460' title='bbox 1722 4390 1862 4462; x_wconf 90' lang='lat' dir='ltr'>quid</span> <span class='ocrx_word' id='word_1_461' title='bbox 1904 4391 2014 4447; x_wconf 88' lang='lat' dir='ltr'>ﬂu-</span> 
     </span>
    </p>
   </div>
   <div class='ocr_carea' id='block_1_63' title="bbox 303 4478 2010 4549">
    <p class='ocr_par' dir='ltr' id='par_1_63' title="bbox 303 4478 2010 4549">
     <span class='ocr_line' id='line_1_63' title="bbox 303 4478 2010 4549; baseline 0.004 -17"><span class='ocrx_word' id='word_1_462' title='bbox 303 4494 440 4532; x_wconf 84' lang='lat' dir='ltr'>xum</span> <span class='ocrx_word' id='word_1_463' title='bbox 496 4482 726 4532; x_wconf 88' lang='lat' dir='ltr'>emanat</span> <span class='ocrx_word' id='word_1_464' title='bbox 773 4479 833 4534; x_wconf 91' lang='lat' dir='ltr'>in</span> <span class='ocrx_word' id='word_1_465' title='bbox 881 4478 1249 4549; x_wconf 88' lang='lat' dir='ltr'>cogitatione,</span> <span class='ocrx_word' id='word_1_466' title='bbox 1304 4481 1605 4536; x_wconf 87' lang='lat' dir='ltr'>mundare.</span> <span class='ocrx_word' id='word_1_467' title='bbox 1659 4480 1823 4538; x_wconf 91' lang='lat' dir='ltr'>Unde</span> <span class='ocrx_word' id='word_1_468' title='bbox 1869 4483 2010 4539; x_wconf 90' lang='lat' dir='ltr'>bene</span> 
     </span>
    </p>
   </div>
   <div class='ocr_carea' id='block_1_64' title="bbox 306 4568 757 4623">
    <p class='ocr_par' dir='ltr' id='par_1_64' title="bbox 306 4568 757 4623">
     <span class='ocr_line' id='line_1_64' title="bbox 306 4568 757 4623; baseline 0.002 -1"><span class='ocrx_word' id='word_1_469' title='bbox 306 4583 441 4623; x_wconf 86' lang='lat' dir='ltr'>mox</span> <span class='ocrx_word' id='word_1_470' title='bbox 470 4568 757 4623; x_wconf 78' lang='lat' dir='ltr'>subditur.</span> 
     </span>
    </p>
   </div>
   <div class='ocr_carea' id='block_1_65' title="bbox 759 4655 1554 4732">
    <p class='ocr_par' dir='ltr' id='par_1_65' title="bbox 759 4655 1554 4732">
     <span class='ocr_line' id='line_1_65' title="bbox 759 4655 1554 4732; baseline 0.003 -19"><span class='ocrx_word' id='word_1_471' title='bbox 759 4655 987 4713; x_wconf 80' lang='lat' dir='ltr'>CAPUT</span> <span class='ocrx_word' id='word_1_472' title='bbox 1026 4655 1166 4712; x_wconf 83' lang='lat' dir='ltr'>xxx</span> <span class='ocrx_word' id='word_1_473' title='bbox 1201 4658 1345 4728; x_wconf 71' lang='grc' dir='ltr'>[ηερ.</span> <span class='ocrx_word' id='word_1_474' title='bbox 1380 4661 1554 4732; x_wconf 82' lang='lat' dir='ltr'>xvu].</span> 
     </span>
    </p>
   </div>
   <div class='ocr_carea' id='block_1_66' title="bbox 375 4748 1583 4814">
    <p class='ocr_par' dir='ltr' id='par_1_66' title="bbox 375 4748 1583 4814">
     <span class='ocr_line' id='line_1_66' title="bbox 375 4748 1583 4814; baseline -0.001 -9"><span class='ocrx_word' id='word_1_475' title='bbox 375 4749 550 4805; x_wconf 72' lang='lat' dir='ltr'>Vens.</span> <span class='ocrx_word' id='word_1_476' title='bbox 583 4748 635 4802; x_wconf 95' lang='lat'>8.</span> <span class='ocrx_word' id='word_1_477' title='bbox 671 4778 738 4787; x_wconf 92' lang='lat'><strong>—</strong></span> <span class='ocrx_word' id='word_1_478' title='bbox 769 4748 906 4814; x_wconf 82' lang='lat' dir='ltr'>Quia</span> <span class='ocrx_word' id='word_1_479' title='bbox 940 4752 1072 4801; x_wconf 84' lang='lat' dir='ltr'>testa</span> <span class='ocrx_word' id='word_1_480' title='bbox 1103 4751 1312 4803; x_wconf 87' lang='lat' dir='ltr'>saniem</span> <span class='ocrx_word' id='word_1_481' title='bbox 1343 4750 1583 4806; x_wconf 84' lang='lat' dir='ltr'>radebat.</span> 
     </span>
    </p>
   </div>
   <div class='ocr_carea' id='block_1_67' title="bbox 375 4839 2014 4914">
    <p class='ocr_par' dir='ltr' id='par_1_67' title="bbox 375 4839 2014 4914">
     <span class='ocr_line' id='line_1_67' title="bbox 375 4839 2014 4914; baseline 0.001 -17"><span class='ocrx_word' id='word_1_482' title='bbox 375 4843 465 4897; x_wconf 87' lang='grc'>58.</span> <span class='ocrx_word' id='word_1_483' title='bbox 501 4842 642 4910; x_wconf 87' lang='lat' dir='ltr'>Quia</span> <span class='ocrx_word' id='word_1_484' title='bbox 686 4845 825 4895; x_wconf 85' lang='lat' dir='ltr'>testa</span> <span class='ocrx_word' id='word_1_485' title='bbox 861 4840 1071 4892; x_wconf 79' lang='lat' dir='ltr'>saniem</span> <span class='ocrx_word' id='word_1_486' title='bbox 1115 4839 1308 4894; x_wconf 87' lang='lat' dir='ltr'>radere</span> <span class='ocrx_word' id='word_1_487' title='bbox 1350 4849 1427 4895; x_wconf 88' lang='lat' dir='ltr'>est</span> <span class='ocrx_word' id='word_1_488' title='bbox 1467 4856 1522 4895; x_wconf 90' lang='lat' dir='ltr'>se</span> <span class='ocrx_word' id='word_1_489' title='bbox 1544 4841 1854 4912; x_wconf 85' lang='lat' dir='ltr'>judicando</span> <span class='ocrx_word' id='word_1_490' title='bbox 1899 4846 2014 4914; x_wconf 81' lang='lat' dir='ltr'>fra—</span> 
     </span>
    </p>
   </div>
   <div class='ocr_carea' id='block_1_68' title="bbox 303 4927 2013 5006">
    <p class='ocr_par' dir='ltr' id='par_1_68' title="bbox 303 4927 2013 5006">
     <span class='ocr_line' id='line_1_68' title="bbox 303 4927 2013 5006; baseline -0.001 -15"><span class='ocrx_word' id='word_1_491' title='bbox 303 4936 680 5006; x_wconf 87' lang='lat' dir='ltr'>gilitatemque</span> <span class='ocrx_word' id='word_1_492' title='bbox 706 4947 860 4987; x_wconf 87' lang='lat' dir='ltr'>suam</span> <span class='ocrx_word' id='word_1_493' title='bbox 893 4927 1319 5000; x_wconf 83' lang='lat' dir='ltr'>contemplanda</span> <span class='ocrx_word' id='word_1_494' title='bbox 1346 4937 1623 5001; x_wconf 83' lang='lat' dir='ltr'>peccatum</span> <span class='ocrx_word' id='word_1_495' title='bbox 1655 4950 2013 5004; x_wconf 82' lang='lat' dir='ltr'>purgare.—</span> 
     </span>
    </p>
   </div>
   <div class='ocr_carea' id='block_1_69' title="bbox 306 5018 2014 5094">
    <p class='ocr_par' dir='ltr' id='par_1_69' title="bbox 306 5018 2014 5094">
     <span class='ocr_line' id='line_1_69' title="bbox 306 5018 2014 5094; baseline -0.001 -15"><span class='ocrx_word' id='word_1_496' title='bbox 306 5024 454 5088; x_wconf 90' lang='lat' dir='ltr'>Quid</span> <span class='ocrx_word' id='word_1_497' title='bbox 474 5022 627 5080; x_wconf 89' lang='lat' dir='ltr'>enim</span> <span class='ocrx_word' id='word_1_498' title='bbox 655 5018 1125 5094; x_wconf 87' lang='lat' dir='ltr'>pertestam,nisi</span> <span class='ocrx_word' id='word_1_499' title='bbox 1147 5019 1723 5090; x_wconf 87' lang='lat' dir='ltr'>vigordistrictionis;</span> <span class='ocrx_word' id='word_1_500' title='bbox 1750 5023 1886 5094; x_wconf 90' lang='lat' dir='ltr'>quid</span> <span class='ocrx_word' id='word_1_501' title='bbox 1913 5039 2014 5093; x_wconf 90' lang='lat' dir='ltr'>per</span> 
     </span>
    </p>
   </div>
   <div class='ocr_carea' id='block_1_70' title="bbox 307 5109 2015 5182">
    <p class='ocr_par' dir='ltr' id='par_1_70' title="bbox 307 5109 2015 5182">
     <span class='ocr_line' id='line_1_70' title="bbox 307 5109 2015 5182; baseline -0.002 -11"><span class='ocrx_word' id='word_1_502' title='bbox 307 5113 680 5179; x_wconf 82' lang='lat' dir='ltr'>saniem,nisi</span> <span class='ocrx_word' id='word_1_503' title='bbox 705 5112 894 5166; x_wconf 81' lang='lat' dir='ltr'>ﬂuxus</span> <span class='ocrx_word' id='word_1_504' title='bbox 917 5109 1133 5164; x_wconf 78' lang='lat' dir='ltr'>illicitae</span> <span class='ocrx_word' id='word_1_505' title='bbox 1155 5109 1525 5178; x_wconf 83' lang='lat' dir='ltr'>cogitationis</span> <span class='ocrx_word' id='word_1_506' title='bbox 1547 5111 1866 5182; x_wconf 88' lang='lat' dir='ltr'>accipitur?</span> <span class='ocrx_word' id='word_1_507' title='bbox 1888 5113 2015 5168; x_wconf 90' lang='lat' dir='ltr'>Per-</span> 
     </span>
    </p>
   </div>
   <div class='ocr_carea' id='block_1_71' title="bbox 377 5290 2012 5369">
    <p class='ocr_par' dir='ltr' id='par_1_71' title="bbox 377 5290 2012 5369">
     <span class='ocr_line' id='line_1_71' title="bbox 377 5290 2012 5369; baseline -0.004 -20"><span class='ocrx_word' id='word_1_508' title='bbox 377 5291 452 5369; x_wconf 61' lang='grc' dir='ltr'>(ᾳ)</span> <span class='ocrx_word' id='word_1_509' title='bbox 476 5291 542 5369; x_wconf 59' lang='lat' dir='ltr'>In</span> <span class='ocrx_word' id='word_1_510' title='bbox 577 5292 751 5369; x_wconf 85' lang='lat' dir='ltr'>duob.</span> <span class='ocrx_word' id='word_1_511' title='bbox 789 5290 1484 5369; x_wconf 62' lang='lat' dir='ltr'>Remig.,_duo_b._Rbpm.</span> <span class='ocrx_word' id='word_1_512' title='bbox 1510 5295 1566 5345; x_wconf 90' lang='lat' dir='ltr'>et</span> <span class='ocrx_word' id='word_1_513' title='bbox 1597 5291 1760 5369; x_wconf 79' lang='lat' dir='ltr'>Corb.</span> <span class='ocrx_word' id='word_1_514' title='bbox 1793 5290 2012 5359; x_wconf 88' lang='lat' dir='ltr'>Germ.,</span> 
     </span>
    </p>
   </div>
   <div class='ocr_carea' id='block_1_72' title="bbox 307 5361 1760 5432">
    <p class='ocr_par' dir='ltr' id='par_1_72' title="bbox 307 5361 1760 5432">
     <span class='ocr_line' id='line_1_72' title="bbox 307 5361 1760 5432; baseline 0.002 -17"><span class='ocrx_word' id='word_1_515' title='bbox 307 5361 438 5432; x_wconf 85' lang='lat' dir='ltr'>quid</span> <span class='ocrx_word' id='word_1_516' title='bbox 471 5361 639 5432; x_wconf 77' lang='lat' dir='ltr'>David</span> <span class='ocrx_word' id='word_1_517' title='bbox 667 5367 898 5416; x_wconf 85' lang='lat' dir='ltr'>sacrius.</span> <span class='ocrx_word' id='word_1_518' title='bbox 938 5364 1140 5416; x_wconf 85' lang='lat' dir='ltr'>Melius</span> <span class='ocrx_word' id='word_1_519' title='bbox 1172 5363 1292 5416; x_wconf 88' lang='lat' dir='ltr'>Val.</span> <span class='ocrx_word' id='word_1_520' title='bbox 1328 5363 1432 5428; x_wconf 81' lang='lat' dir='ltr'>CL,</span> <span class='ocrx_word' id='word_1_521' title='bbox 1463 5365 1760 5419; x_wconf 70' lang='lat' dir='ltr'>sacratius.</span> 
     </span>
    </p>
   </div>
   <div class='ocr_carea' id='block_1_73' title="bbox 379 5431 2010 5502">
    <p class='ocr_par' dir='ltr' id='par_1_73' title="bbox 379 5431 2010 5502">
     <span class='ocr_line' id='line_1_73' title="bbox 379 5431 2010 5502; baseline 0.003 -18"><span class='ocrx_word' id='word_1_522' title='bbox 379 5432 459 5502; x_wconf 83' lang='lat' dir='ltr'>(b)</span> <span class='ocrx_word' id='word_1_523' title='bbox 489 5431 572 5486; x_wconf 89' lang='lat' dir='ltr'>Ita</span> <span class='ocrx_word' id='word_1_524' title='bbox 601 5437 789 5502; x_wconf 85' lang='lat' dir='ltr'>plures</span> <span class='ocrx_word' id='word_1_525' title='bbox 812 5443 869 5487; x_wconf 91' lang='lat' dir='ltr'>et</span> <span class='ocrx_word' id='word_1_526' title='bbox 901 5432 1151 5488; x_wconf 73' lang='lat' dir='ltr'>melioris</span> <span class='ocrx_word' id='word_1_527' title='bbox 1185 5444 1326 5488; x_wconf 65' lang='lat' dir='ltr'>notae</span> <span class='ocrx_word' id='word_1_528' title='bbox 1357 5439 1518 5499; x_wconf 81' lang='lat' dir='ltr'>Mss.,</span> <span class='ocrx_word' id='word_1_529' title='bbox 1542 5436 1712 5488; x_wconf 81' lang='lat' dir='ltr'>Gilot.</span> <span class='ocrx_word' id='word_1_530' title='bbox 1737 5444 1783 5489; x_wconf 92' lang='lat' dir='ltr'>el</span> <span class='ocrx_word' id='word_1_531' title='bbox 1813 5435 2010 5502; x_wconf 87' lang='lat' dir='ltr'>Guss.,</span> 
     </span>
    </p>
   </div>
   <div class='ocr_carea' id='block_1_74' title="bbox 308 5504 2009 5577">
    <p class='ocr_par' dir='ltr' id='par_1_74' title="bbox 308 5504 2009 5577">
     <span class='ocr_line' id='line_1_74' title="bbox 308 5504 2009 5577; baseline 0.002 -20"><span class='ocrx_word' id='word_1_532' title='bbox 308 5504 564 5577; x_wconf 85' lang='lat' dir='ltr'>detracta</span> <span class='ocrx_word' id='word_1_533' title='bbox 604 5506 1020 5577; x_wconf 73' lang='lat' dir='ltr'>praepositione</span> <span class='ocrx_word' id='word_1_534' title='bbox 1072 5509 1149 5577; x_wconf 81' lang='lat' dir='ltr'>in,</span> <span class='ocrx_word' id='word_1_535' title='bbox 1199 5506 1500 5576; x_wconf 74' lang='lat' dir='ltr'>prophetia:</span> <span class='ocrx_word' id='word_1_536' title='bbox 1555 5507 1698 5577; x_wconf 83' lang='lat' dir='ltr'>sing.</span> <span class='ocrx_word' id='word_1_537' title='bbox 1751 5510 2009 5562; x_wconf 79' lang='lat' dir='ltr'>innocen—</span> 
     </span>
    </p>
   </div>
   <div class='ocr_carea' id='block_1_75' title="bbox 307 5575 2016 5644">
    <p class='ocr_par' dir='ltr' id='par_1_75' title="bbox 307 5575 2016 5644">
     <span class='ocr_line' id='line_1_75' title="bbox 307 5575 2016 5644; baseline 0.001 -13"><span class='ocrx_word' id='word_1_538' title='bbox 307 5575 476 5636; x_wconf 86' lang='lat' dir='ltr'>tiam;</span> <span class='ocrx_word' id='word_1_539' title='bbox 522 5576 614 5629; x_wconf 88' lang='lat' dir='ltr'>cui</span> <span class='ocrx_word' id='word_1_540' title='bbox 664 5575 794 5629; x_wconf 90' lang='lat' dir='ltr'>lect.</span> <span class='ocrx_word' id='word_1_541' title='bbox 842 5575 1031 5627; x_wconf 89' lang='lat' dir='ltr'>favent</span> <span class='ocrx_word' id='word_1_542' title='bbox 1075 5576 1206 5630; x_wconf 78' lang='lat' dir='ltr'>Mss.</span> <span class='ocrx_word' id='word_1_543' title='bbox 1260 5579 1449 5642; x_wconf 85' lang='lat' dir='ltr'>Corb.,</span> <span class='ocrx_word' id='word_1_544' title='bbox 1497 5575 1714 5644; x_wconf 85' lang='lat' dir='ltr'>Germ.,</span> <span class='ocrx_word' id='word_1_545' title='bbox 1755 5579 1914 5634; x_wconf 81' lang='lat' dir='ltr'>Gnlb.</span> <span class='ocrx_word' id='word_1_546' title='bbox 1958 5583 2016 5632; x_wconf 91' lang='lat' dir='ltr'>et</span> 
     </span>
    </p>
   </div>
   <div class='ocr_carea' id='block_1_76' title="bbox 307 5643 2013 5722">
    <p class='ocr_par' dir='ltr' id='par_1_76' title="bbox 307 5643 2013 5722">
     <span class='ocr_line' id='line_1_76' title="bbox 307 5643 2013 5722; baseline 0.002 -20"><span class='ocrx_word' id='word_1_547' title='bbox 307 5651 470 5722; x_wconf 76' lang='lat' dir='ltr'>R_eg.,</span> <span class='ocrx_word' id='word_1_548' title='bbox 511 5647 569 5700; x_wconf 90' lang='lat' dir='ltr'>in</span> <span class='ocrx_word' id='word_1_549' title='bbox 615 5643 1082 5722; x_wconf 47' lang='lat' dir='ltr'>quibusdegitur</span> <span class='ocrx_word' id='word_1_550' title='bbox 1124 5650 1446 5722; x_wconf 58' lang='lat' dir='ltr'>praphetiae,</span> <span class='ocrx_word' id='word_1_551' title='bbox 1481 5643 1722 5706; x_wconf 86' lang='lat' dir='ltr'>fortasse</span> <span class='ocrx_word' id='word_1_552' title='bbox 1755 5667 1856 5722; x_wconf 91' lang='lat' dir='ltr'>pro</span> <span class='ocrx_word' id='word_1_553' title='bbox 1886 5665 2013 5720; x_wconf 89' lang='lat' dir='ltr'>pro-</span> 
     </span>
    </p>
   </div>
   <div class='ocr_carea' id='block_1_77' title="bbox 309 5714 1265 5790">
    <p class='ocr_par' dir='ltr' id='par_1_77' title="bbox 309 5714 1265 5790">
     <span class='ocr_line' id='line_1_77' title="bbox 309 5714 1265 5790; baseline 0 -18"><span class='ocrx_word' id='word_1_554' title='bbox 309 5714 539 5790; x_wconf 66' lang='lat' dir='ltr'>phetica,</span> <span class='ocrx_word' id='word_1_555' title='bbox 573 5716 728 5790; x_wconf 82' lang='lat' dir='ltr'>quod</span> <span class='ocrx_word' id='word_1_556' title='bbox 767 5714 980 5790; x_wconf 73' lang='lat' dir='ltr'>babent</span> <span class='ocrx_word' id='word_1_557' title='bbox 1013 5716 1090 5790; x_wconf 85' lang='lat' dir='ltr'>pl.</span> <span class='ocrx_word' id='word_1_558' title='bbox 1114 5714 1265 5790; x_wconf 80' lang='lat' dir='ltr'>_Mss.</span> 
     </span>
    </p>
   </div>
   <div class='ocr_carea' id='block_1_78' title="bbox 376 5784 2013 5864">
    <p class='ocr_par' dir='ltr' id='par_1_78' title="bbox 376 5784 2013 5864">
     <span class='ocr_line' id='line_1_78' title="bbox 376 5784 2013 5864; baseline 0.004 -23"><span class='ocrx_word' id='word_1_559' title='bbox 376 5788 448 5861; x_wconf 78' lang='grc' dir='ltr'>(ο)</span> <span class='ocrx_word' id='word_1_560' title='bbox 473 5784 750 5844; x_wconf 77' lang='lat' dir='ltr'>Meridose</span> <span class='ocrx_word' id='word_1_561' title='bbox 779 5784 991 5856; x_wconf 85' lang='lat' dir='ltr'>legitur</span> <span class='ocrx_word' id='word_1_562' title='bbox 1018 5787 1077 5839; x_wconf 90' lang='lat' dir='ltr'>in</span> <span class='ocrx_word' id='word_1_563' title='bbox 1103 5787 1275 5842; x_wconf 87' lang='lat' dir='ltr'>Guss.</span> <span class='ocrx_word' id='word_1_564' title='bbox 1318 5804 1533 5858; x_wconf 87' lang='lat' dir='ltr'>corpus,</span> <span class='ocrx_word' id='word_1_565' title='bbox 1565 5794 1756 5847; x_wconf 84' lang='lat' dir='ltr'>menti.</span> <span class='ocrx_word' id='word_1_566' title='bbox 1801 5793 2013 5864; x_wconf 89' lang='lat' dir='ltr'>Legen-</span> 
     </span>
    </p>
   </div>
   <div class='ocr_carea' id='block_1_79' title="bbox 2101 1881 3805 1948">
    <p class='ocr_par' dir='ltr' id='par_1_79' title="bbox 2101 1881 3805 1948">
     <span class='ocr_line' id='line_1_79' title="bbox 2101 1881 3805 1948; baseline 0.001 -12"><span class='ocrx_word' id='word_1_567' title='bbox 2101 1889 2297 1938; x_wconf 89' lang='lat' dir='ltr'>noster</span> <span class='ocrx_word' id='word_1_568' title='bbox 2325 1881 2546 1936; x_wconf 91' lang='lat' dir='ltr'>saniem</span> <span class='ocrx_word' id='word_1_569' title='bbox 2581 1883 2779 1936; x_wconf 90' lang='lat' dir='ltr'>radere</span> <span class='ocrx_word' id='word_1_570' title='bbox 2813 1887 3066 1948; x_wconf 86' lang='lat' dir='ltr'>venerat,</span> <span class='ocrx_word' id='word_1_571' title='bbox 3099 1897 3233 1937; x_wconf 91' lang='lat' dir='ltr'>cum</span> <span class='ocrx_word' id='word_1_572' title='bbox 3265 1883 3494 1938; x_wconf 87' lang='lat' dir='ltr'>dicebat</span> <span class='ocrx_word' id='word_1_573' title='bbox 3521 1899 3534 1939; x_wconf 84' lang='lat'><strong>:</strong></span> <span class='ocrx_word' id='word_1_574' title='bbox 3559 1883 3805 1938; x_wconf 76' lang='lat' dir='ltr'>Audistis</span> 
     </span>
    </p>
   </div>
   <div class='ocr_carea' id='block_1_80' title="bbox 2098 1970 3807 2043">
    <p class='ocr_par' dir='ltr' id='par_1_80' title="bbox 2098 1970 3807 2043">
     <span class='ocr_line' id='line_1_80' title="bbox 2098 1970 3807 2043; baseline 0.002 -18"><span class='ocrx_word' id='word_1_575' title='bbox 2098 1971 2230 2042; x_wconf 85' lang='lat' dir='ltr'>quia</span> <span class='ocrx_word' id='word_1_576' title='bbox 2277 1970 2483 2026; x_wconf 84' lang='lat' dir='ltr'>dictum</span> <span class='ocrx_word' id='word_1_577' title='bbox 2529 1975 2607 2026; x_wconf 83' lang='lat' dir='ltr'>est</span> <span class='ocrx_word' id='word_1_578' title='bbox 2653 1970 2899 2043; x_wconf 79' lang='lat' dir='ltr'>antiquis</span> <span class='ocrx_word' id='word_1_579' title='bbox 2928 1988 2948 2026; x_wconf 88' lang='lat'><strong><em>:</em></strong></span> <span class='ocrx_word' id='word_1_580' title='bbox 2980 1971 3095 2028; x_wconf 85' lang='lat' dir='ltr'>Non</span> <span class='ocrx_word' id='word_1_581' title='bbox 3134 1973 3506 2030; x_wconf 68' lang='lat' dir='ltr'>machaberis.</span> <span class='ocrx_word' id='word_1_582' title='bbox 3553 1974 3660 2041; x_wconf 88' lang='lat' dir='ltr'>Ego</span> <span class='ocrx_word' id='word_1_583' title='bbox 3705 1990 3807 2028; x_wconf 84' lang='lat' dir='ltr'>au-</span> 
     </span>
    </p>
   </div>
   <div class='ocr_carea' id='block_1_81' title="bbox 2101 2060 3808 2132">
    <p class='ocr_par' dir='ltr' id='par_1_81' title="bbox 2101 2060 3808 2132">
     <span class='ocr_line' id='line_1_81' title="bbox 2101 2060 3808 2132; baseline 0.001 -16"><span class='ocrx_word' id='word_1_584' title='bbox 2101 2071 2206 2116; x_wconf 88' lang='lat' dir='ltr'>tem</span> <span class='ocrx_word' id='word_1_585' title='bbox 2238 2063 2364 2116; x_wconf 89' lang='lat' dir='ltr'>dico</span> <span class='ocrx_word' id='word_1_586' title='bbox 2392 2060 2539 2115; x_wconf 86' lang='lat' dir='ltr'>vobis</span> <span class='ocrx_word' id='word_1_587' title='bbox 2571 2060 2711 2131; x_wconf 86' lang='lat' dir='ltr'>quod</span> <span class='ocrx_word' id='word_1_588' title='bbox 2740 2060 2789 2115; x_wconf 88' lang='lat' dir='ltr'>si</span> <span class='ocrx_word' id='word_1_589' title='bbox 2819 2064 2938 2132; x_wconf 82' lang='lat' dir='ltr'>quis</span> <span class='ocrx_word' id='word_1_590' title='bbox 2986 2062 3181 2117; x_wconf 83' lang='lat' dir='ltr'>viderit</span> <span class='ocrx_word' id='word_1_591' title='bbox 3228 2064 3517 2119; x_wconf 85' lang='lat' dir='ltr'>mulierem</span> <span class='ocrx_word' id='word_1_592' title='bbox 3566 2063 3636 2118; x_wconf 85' lang='lat' dir='ltr'>ad</span> <span class='ocrx_word' id='word_1_593' title='bbox 3679 2079 3808 2118; x_wconf 88' lang='lat' dir='ltr'>con-</span> 
     </span>
    </p>
   </div>
   <div class='ocr_carea' id='block_1_82' title="bbox 2101 2149 3811 2222">
    <p class='ocr_par' dir='ltr' id='par_1_82' title="bbox 2101 2149 3811 2222">
     <span class='ocr_line' id='line_1_82' title="bbox 2101 2149 3811 2222; baseline 0.001 -16"><span class='ocrx_word' id='word_1_594' title='bbox 2101 2149 2497 2221; x_wconf 80' lang='lat' dir='ltr'>cupiscendum</span> <span class='ocrx_word' id='word_1_595' title='bbox 2527 2166 2669 2212; x_wconf 89' lang='lat' dir='ltr'>eam,</span> <span class='ocrx_word' id='word_1_596' title='bbox 2683 2152 2805 2222; x_wconf 87' lang='lat' dir='ltr'>jam</span> <span class='ocrx_word' id='word_1_597' title='bbox 2837 2151 3136 2206; x_wconf 70' lang='lat' dir='ltr'>mmehatus</span> <span class='ocrx_word' id='word_1_598' title='bbox 3168 2158 3245 2207; x_wconf 87' lang='lat' dir='ltr'>est</span> <span class='ocrx_word' id='word_1_599' title='bbox 3276 2167 3399 2207; x_wconf 87' lang='lat' dir='ltr'>eam</span> <span class='ocrx_word' id='word_1_600' title='bbox 3429 2154 3488 2208; x_wconf 84' lang='lat' dir='ltr'>in</span> <span class='ocrx_word' id='word_1_601' title='bbox 3519 2153 3683 2209; x_wconf 83' lang='lat' dir='ltr'>corde</span> <span class='ocrx_word' id='word_1_602' title='bbox 3712 2168 3811 2208; x_wconf 90' lang='lat' dir='ltr'>suo</span> 
     </span>
    </p>
   </div>
   <div class='ocr_carea' id='block_1_83' title="bbox 2104 2240 3809 2312">
    <p class='ocr_par' dir='ltr' id='par_1_83' title="bbox 2104 2240 3809 2312">
     <span class='ocr_line' id='line_1_83' title="bbox 2104 2240 3809 2312; baseline 0.002 -18"><span class='ocrx_word' id='word_1_603' title='bbox 2104 2240 2311 2311; x_wconf 83' lang='lat' dir='ltr'>(Matth.</span> <span class='ocrx_word' id='word_1_604' title='bbox 2340 2257 2395 2306; x_wconf 92' lang='lat' dir='ltr'>v,</span> <span class='ocrx_word' id='word_1_605' title='bbox 2424 2242 2538 2310; x_wconf 88' lang='lat'>27).</span> <span class='ocrx_word' id='word_1_606' title='bbox 2569 2240 2773 2295; x_wconf 89' lang='lat' dir='ltr'>Sanies</span> <span class='ocrx_word' id='word_1_607' title='bbox 2807 2244 2996 2310; x_wconf 86' lang='lat' dir='ltr'>itaque</span> <span class='ocrx_word' id='word_1_608' title='bbox 3028 2242 3291 2312; x_wconf 88' lang='lat' dir='ltr'>tergitur,</span> <span class='ocrx_word' id='word_1_609' title='bbox 3325 2260 3455 2298; x_wconf 87' lang='lat' dir='ltr'>cum</span> <span class='ocrx_word' id='word_1_610' title='bbox 3487 2243 3654 2312; x_wconf 88' lang='lat' dir='ltr'>culpa</span> <span class='ocrx_word' id='word_1_611' title='bbox 3685 2258 3809 2297; x_wconf 88' lang='lat' dir='ltr'>non</span> 
     </span>
    </p>
   </div>
   <div class='ocr_carea' id='block_1_84' title="bbox 2103 2328 3814 2402">
    <p class='ocr_par' dir='ltr' id='par_1_84' title="bbox 2103 2328 3814 2402">
     <span class='ocr_line' id='line_1_84' title="bbox 2103 2328 3814 2402; baseline 0.001 -18"><span class='ocrx_word' id='word_1_612' title='bbox 2103 2328 2292 2384; x_wconf 90' lang='lat' dir='ltr'>solum</span> <span class='ocrx_word' id='word_1_613' title='bbox 2326 2329 2396 2384; x_wconf 87' lang='lat' dir='ltr'>ab</span> <span class='ocrx_word' id='word_1_614' title='bbox 2427 2345 2618 2400; x_wconf 89' lang='lat' dir='ltr'>opere,</span> <span class='ocrx_word' id='word_1_615' title='bbox 2665 2330 2763 2384; x_wconf 89' lang='lat' dir='ltr'>sed</span> <span class='ocrx_word' id='word_1_616' title='bbox 2810 2331 2982 2385; x_wconf 90' lang='lat' dir='ltr'>etiam</span> <span class='ocrx_word' id='word_1_617' title='bbox 3025 2349 3056 2385; x_wconf 89' lang='lat' dir='ltr'>a</span> <span class='ocrx_word' id='word_1_618' title='bbox 3100 2330 3446 2402; x_wconf 86' lang='lat' dir='ltr'>cogitatione</span> <span class='ocrx_word' id='word_1_619' title='bbox 3490 2337 3814 2386; x_wconf 87' lang='lat' dir='ltr'>resecatur.</span> 
     </span>
    </p>
   </div>
   <div class='ocr_carea' id='block_1_85' title="bbox 2103 2418 3816 2493">
    <p class='ocr_par' dir='ltr' id='par_1_85' title="bbox 2103 2418 3816 2493">
     <span class='ocr_line' id='line_1_85' title="bbox 2103 2418 3816 2493; baseline 0.003 -21"><span class='ocrx_word' id='word_1_620' title='bbox 2103 2418 2246 2474; x_wconf 90' lang='lat' dir='ltr'>Hinc</span> <span class='ocrx_word' id='word_1_621' title='bbox 2268 2427 2374 2488; x_wconf 86' lang='lat' dir='ltr'>est,</span> <span class='ocrx_word' id='word_1_622' title='bbox 2401 2419 2554 2489; x_wconf 89' lang='lat' dir='ltr'>quod</span> <span class='ocrx_word' id='word_1_623' title='bbox 2581 2419 2656 2488; x_wconf 82' lang='grc' dir='ltr'>(ά)</span> <span class='ocrx_word' id='word_1_624' title='bbox 2677 2419 2940 2474; x_wconf 86' lang='lat' dir='ltr'>Jerobaal</span> <span class='ocrx_word' id='word_1_625' title='bbox 2974 2437 3105 2475; x_wconf 92' lang='lat' dir='ltr'>cum</span> <span class='ocrx_word' id='word_1_626' title='bbox 3130 2438 3160 2475; x_wconf 89' lang='lat' dir='ltr'>a</span> <span class='ocrx_word' id='word_1_627' title='bbox 3183 2422 3362 2493; x_wconf 86' lang='lat' dir='ltr'>paleis</span> <span class='ocrx_word' id='word_1_628' title='bbox 3395 2423 3685 2477; x_wconf 84' lang='lat' dir='ltr'>frumenta</span> <span class='ocrx_word' id='word_1_629' title='bbox 3715 2438 3816 2477; x_wconf 80' lang='lat' dir='ltr'>ex-</span> 
     </span>
    </p>
   </div>
   <div class='ocr_carea' id='block_1_86' title="bbox 2105 2510 3815 2582">
    <p class='ocr_par' dir='ltr' id='par_1_86' title="bbox 2105 2510 3815 2582">
     <span class='ocr_line' id='line_1_86' title="bbox 2105 2510 3815 2582; baseline 0.001 -17"><span class='ocrx_word' id='word_1_630' title='bbox 2105 2517 2344 2574; x_wconf 89' lang='lat' dir='ltr'>cuteret,</span> <span class='ocrx_word' id='word_1_631' title='bbox 2377 2510 2651 2581; x_wconf 86' lang='lat' dir='ltr'>angelum</span> <span class='ocrx_word' id='word_1_632' title='bbox 2681 2511 2847 2578; x_wconf 88' lang='lat' dir='ltr'>vidit,</span> <span class='ocrx_word' id='word_1_633' title='bbox 2873 2511 2941 2565; x_wconf 88' lang='lat' dir='ltr'>ad</span> <span class='ocrx_word' id='word_1_634' title='bbox 2975 2513 3149 2581; x_wconf 86' lang='lat' dir='ltr'>cujus</span> <span class='ocrx_word' id='word_1_635' title='bbox 3193 2512 3500 2582; x_wconf 89' lang='lat' dir='ltr'>imperium</span> <span class='ocrx_word' id='word_1_636' title='bbox 3548 2511 3815 2582; x_wconf 89' lang='lat' dir='ltr'>protinus</span> 
     </span>
    </p>
   </div>
   <div class='ocr_carea' id='block_1_87' title="bbox 2106 2599 3816 2673">
    <p class='ocr_par' dir='ltr' id='par_1_87' title="bbox 2106 2599 3816 2673">
     <span class='ocr_line' id='line_1_87' title="bbox 2106 2599 3816 2673; baseline 0.002 -19"><span class='ocrx_word' id='word_1_637' title='bbox 2106 2599 2334 2654; x_wconf 63' lang='lat' dir='ltr'>haedum</span> <span class='ocrx_word' id='word_1_638' title='bbox 2360 2599 2530 2659; x_wconf 82' lang='lat' dir='ltr'>coxit,</span> <span class='ocrx_word' id='word_1_639' title='bbox 2556 2616 2727 2670; x_wconf 92' lang='lat' dir='ltr'>quem</span> <span class='ocrx_word' id='word_1_640' title='bbox 2762 2616 2940 2671; x_wconf 89' lang='lat' dir='ltr'>super</span> <span class='ocrx_word' id='word_1_641' title='bbox 2971 2606 3192 2671; x_wconf 90' lang='lat' dir='ltr'>petram</span> <span class='ocrx_word' id='word_1_642' title='bbox 3227 2603 3438 2671; x_wconf 89' lang='lat' dir='ltr'>posuit,</span> <span class='ocrx_word' id='word_1_643' title='bbox 3472 2605 3654 2673; x_wconf 89' lang='lat' dir='ltr'>etjus</span> <span class='ocrx_word' id='word_1_644' title='bbox 3687 2619 3816 2658; x_wconf 88' lang='lat' dir='ltr'>car-</span> 
     </span>
    </p>
   </div>
   <div class='ocr_carea' id='block_1_88' title="bbox 2105 2688 3815 2762">
    <p class='ocr_par' dir='ltr' id='par_1_88' title="bbox 2105 2688 3815 2762">
     <span class='ocr_line' id='line_1_88' title="bbox 2105 2688 3815 2762; baseline 0.002 -18"><span class='ocrx_word' id='word_1_645' title='bbox 2105 2688 2266 2744; x_wconf 89' lang='lat' dir='ltr'>nium</span> <span class='ocrx_word' id='word_1_646' title='bbox 2293 2691 2543 2760; x_wconf 89' lang='lat' dir='ltr'>desuper</span> <span class='ocrx_word' id='word_1_647' title='bbox 2572 2689 2810 2755; x_wconf 83' lang='lat' dir='ltr'>eﬂ&#39;udit;</span> <span class='ocrx_word' id='word_1_648' title='bbox 2843 2706 2970 2760; x_wconf 64' lang='lat' dir='ltr'>quas</span> <span class='ocrx_word' id='word_1_649' title='bbox 3012 2691 3250 2758; x_wconf 78' lang='lat' dir='ltr'>angelus</span> <span class='ocrx_word' id='word_1_650' title='bbox 3279 2692 3435 2760; x_wconf 88' lang='lat' dir='ltr'>virga</span> <span class='ocrx_word' id='word_1_651' title='bbox 3473 2691 3687 2762; x_wconf 89' lang='lat' dir='ltr'>tetigit,</span> <span class='ocrx_word' id='word_1_652' title='bbox 3718 2707 3815 2747; x_wconf 85' lang='lat' dir='ltr'>ea-</span> 
     </span>
    </p>
   </div>
   <div class='ocr_carea' id='block_1_89' title="bbox 2107 2777 3816 2851">
    <p class='ocr_par' dir='ltr' id='par_1_89' title="bbox 2107 2777 3816 2851">
     <span class='ocr_line' id='line_1_89' title="bbox 2107 2777 3816 2851; baseline 0.002 -19"><span class='ocrx_word' id='word_1_653' title='bbox 2107 2795 2214 2846; x_wconf 92' lang='lat' dir='ltr'>que</span> <span class='ocrx_word' id='word_1_654' title='bbox 2259 2779 2405 2850; x_wconf 86' lang='lat' dir='ltr'>ignis</span> <span class='ocrx_word' id='word_1_655' title='bbox 2453 2777 2649 2833; x_wconf 83' lang='lat' dir='ltr'>exiens</span> <span class='ocrx_word' id='word_1_656' title='bbox 2695 2779 2764 2833; x_wconf 92' lang='lat' dir='ltr'>de</span> <span class='ocrx_word' id='word_1_657' title='bbox 2811 2786 2972 2850; x_wconf 89' lang='lat' dir='ltr'>petra</span> <span class='ocrx_word' id='word_1_658' title='bbox 3016 2779 3378 2850; x_wconf 90' lang='lat' dir='ltr'>consumpsit</span> <span class='ocrx_word' id='word_1_659' title='bbox 3417 2779 3560 2851; x_wconf 76' lang='lat' dir='ltr'>(Iud.</span> <span class='ocrx_word' id='word_1_660' title='bbox 3605 2797 3684 2850; x_wconf 72' lang='lat' dir='ltr'>vr,</span> <span class='ocrx_word' id='word_1_661' title='bbox 3726 2782 3816 2848; x_wconf 80' lang='lat' dir='ltr'>tt,</span> 
     </span>
    </p>
   </div>
   <div class='ocr_carea' id='block_1_90' title="bbox 2109 2867 3819 2940">
    <p class='ocr_par' dir='ltr' id='par_1_90' title="bbox 2109 2867 3819 2940">
     <span class='ocr_line' id='line_1_90' title="bbox 2109 2867 3819 2940; baseline 0.002 -18"><span class='ocrx_word' id='word_1_662' title='bbox 2109 2870 2196 2934; x_wconf 83' lang='grc'>12,</span> <span class='ocrx_word' id='word_1_663' title='bbox 2249 2867 2355 2938; x_wconf 82' lang='grc'>19).</span> <span class='ocrx_word' id='word_1_664' title='bbox 2410 2868 2552 2933; x_wconf 90' lang='lat' dir='ltr'>Quid</span> <span class='ocrx_word' id='word_1_665' title='bbox 2606 2876 2691 2923; x_wconf 91' lang='lat' dir='ltr'>est</span> <span class='ocrx_word' id='word_1_666' title='bbox 2739 2868 2892 2922; x_wconf 90' lang='lat' dir='ltr'>enim</span> <span class='ocrx_word' id='word_1_667' title='bbox 2946 2869 3305 2924; x_wconf 89' lang='lat' dir='ltr'>frumentum</span> <span class='ocrx_word' id='word_1_668' title='bbox 3355 2871 3516 2940; x_wconf 89' lang='lat' dir='ltr'>virga</span> <span class='ocrx_word' id='word_1_669' title='bbox 3574 2872 3819 2935; x_wconf 70' lang='lat' dir='ltr'>cedere,</span> 
     </span>
    </p>
   </div>
   <div class='ocr_carea' id='block_1_91' title="bbox 2109 2957 3818 3031">
    <p class='ocr_par' dir='ltr' id='par_1_91' title="bbox 2109 2957 3818 3031">
     <span class='ocr_line' id='line_1_91' title="bbox 2109 2957 3818 3031; baseline 0.001 -18"><span class='ocrx_word' id='word_1_670' title='bbox 2109 2957 2219 3013; x_wconf 91' lang='lat' dir='ltr'>nisi</span> <span class='ocrx_word' id='word_1_671' title='bbox 2272 2958 2617 3012; x_wconf 86' lang='lat' dir='ltr'>rectitudine</span> <span class='ocrx_word' id='word_1_672' title='bbox 2657 2957 2892 3027; x_wconf 91' lang='lat' dir='ltr'>judicii,</span> <span class='ocrx_word' id='word_1_673' title='bbox 2924 2973 2957 3012; x_wconf 89' lang='lat' dir='ltr'>a</span> <span class='ocrx_word' id='word_1_674' title='bbox 2995 2959 3268 3015; x_wconf 88' lang='lat' dir='ltr'>vitiorum</span> <span class='ocrx_word' id='word_1_675' title='bbox 3312 2959 3495 3031; x_wconf 87' lang='lat' dir='ltr'>paleis</span> <span class='ocrx_word' id='word_1_676' title='bbox 3535 2962 3818 3015; x_wconf 88' lang='lat' dir='ltr'>virtutum</span> 
     </span>
    </p>
   </div>
   <div class='ocr_carea' id='block_1_92' title="bbox 2109 3045 3822 3120">
    <p class='ocr_par' dir='ltr' id='par_1_92' title="bbox 2109 3045 3822 3120">
     <span class='ocr_line' id='line_1_92' title="bbox 2109 3045 3822 3120; baseline 0.002 -21"><span class='ocrx_word' id='word_1_677' title='bbox 2109 3062 2284 3118; x_wconf 89' lang='lat' dir='ltr'>grana</span> <span class='ocrx_word' id='word_1_678' title='bbox 2307 3045 2610 3115; x_wconf 81' lang='lat' dir='ltr'>separare?</span> <span class='ocrx_word' id='word_1_679' title='bbox 2643 3045 2750 3100; x_wconf 89' lang='lat' dir='ltr'>Sed</span> <span class='ocrx_word' id='word_1_680' title='bbox 2787 3046 2904 3100; x_wconf 70' lang='lat' dir='ltr'>haec</span> <span class='ocrx_word' id='word_1_681' title='bbox 2937 3047 3248 3118; x_wconf 87' lang='lat' dir='ltr'>agentibus</span> <span class='ocrx_word' id='word_1_682' title='bbox 3280 3048 3523 3119; x_wconf 87' lang='lat' dir='ltr'>angelus</span> <span class='ocrx_word' id='word_1_683' title='bbox 3551 3051 3822 3120; x_wconf 84' lang='lat' dir='ltr'>apparet,</span> 
     </span>
    </p>
   </div>
   <div class='ocr_carea' id='block_1_93' title="bbox 2084 3134 3828 3208">
    <p class='ocr_par' dir='ltr' id='par_1_93' title="bbox 2084 3134 3828 3208">
     <span class='ocr_line' id='line_1_93' title="bbox 2084 3134 3828 3208; baseline 0.002 -19"><span class='ocrx_word' id='word_1_684' title='bbox 2084 3136 2248 3205; x_wconf 83' lang='lat' dir='ltr'>‘quia</span> <span class='ocrx_word' id='word_1_685' title='bbox 2268 3140 2430 3189; x_wconf 88' lang='lat' dir='ltr'>tanto</span> <span class='ocrx_word' id='word_1_686' title='bbox 2464 3134 2651 3206; x_wconf 89' lang='lat' dir='ltr'>magis</span> <span class='ocrx_word' id='word_1_687' title='bbox 2679 3135 2960 3191; x_wconf 91' lang='lat' dir='ltr'>Dominus</span> <span class='ocrx_word' id='word_1_688' title='bbox 2993 3136 3268 3191; x_wconf 89' lang='lat' dir='ltr'>interiora</span> <span class='ocrx_word' id='word_1_689' title='bbox 3291 3135 3614 3206; x_wconf 87' lang='lat' dir='ltr'>denuntiat,</span> <span class='ocrx_word' id='word_1_690' title='bbox 3639 3153 3828 3208; x_wconf 87' lang='lat' dir='ltr'>quan-</span> 
     </span>
    </p>
   </div>
   <div class='ocr_carea' id='block_1_94' title="bbox 2110 3224 3828 3298">
    <p class='ocr_par' dir='ltr' id='par_1_94' title="bbox 2110 3224 3828 3298">
     <span class='ocr_line' id='line_1_94' title="bbox 2110 3224 3828 3298; baseline 0.001 -18"><span class='ocrx_word' id='word_1_691' title='bbox 2110 3231 2166 3281; x_wconf 91' lang='lat' dir='ltr'>to</span> <span class='ocrx_word' id='word_1_692' title='bbox 2216 3241 2274 3280; x_wconf 89' lang='lat' dir='ltr'>se</span> <span class='ocrx_word' id='word_1_693' title='bbox 2321 3224 2646 3280; x_wconf 89' lang='lat' dir='ltr'>studiosius</span> <span class='ocrx_word' id='word_1_694' title='bbox 2697 3224 2967 3282; x_wconf 87' lang='lat' dir='ltr'>homines</span> <span class='ocrx_word' id='word_1_695' title='bbox 3008 3227 3079 3281; x_wconf 90' lang='lat' dir='ltr'>ab</span> <span class='ocrx_word' id='word_1_696' title='bbox 3122 3227 3507 3283; x_wconf 83' lang='lat' dir='ltr'>exterioribus</span> <span class='ocrx_word' id='word_1_697' title='bbox 3550 3231 3828 3298; x_wconf 88' lang='lat' dir='ltr'>purgant.</span> 
     </span>
    </p>
   </div>
   <div class='ocr_carea' id='block_1_95' title="bbox 2111 3314 3832 3390">
    <p class='ocr_par' dir='ltr' id='par_1_95' title="bbox 2111 3314 3832 3390">
     <span class='ocr_line' id='line_1_95' title="bbox 2111 3314 3832 3390; baseline 0.001 -21"><span class='ocrx_word' id='word_1_698' title='bbox 2111 3316 2217 3380; x_wconf 89' lang='lat' dir='ltr'>Qui</span> <span class='ocrx_word' id='word_1_699' title='bbox 2263 3315 2446 3370; x_wconf 90' lang='lat' dir='ltr'>occidi</span> <span class='ocrx_word' id='word_1_700' title='bbox 2497 3314 2728 3370; x_wconf 67' lang='lat' dir='ltr'>haedum</span> <span class='ocrx_word' id='word_1_701' title='bbox 2782 3317 3057 3387; x_wconf 66' lang='lat' dir='ltr'>praecipit,</span> <span class='ocrx_word' id='word_1_702' title='bbox 3092 3317 3148 3372; x_wconf 91' lang='lat' dir='ltr'>id</span> <span class='ocrx_word' id='word_1_703' title='bbox 3181 3326 3288 3385; x_wconf 90' lang='lat' dir='ltr'>est,</span> <span class='ocrx_word' id='word_1_704' title='bbox 3320 3333 3554 3373; x_wconf 87' lang='lat' dir='ltr'>omnem</span> <span class='ocrx_word' id='word_1_705' title='bbox 3602 3317 3832 3390; x_wconf 84' lang='lat' dir='ltr'>appeti-</span> 
     </span>
    </p>
   </div>
   <div class='ocr_carea' id='block_1_96' title="bbox 2115 3406 3831 3480">
    <p class='ocr_par' dir='ltr' id='par_1_96' title="bbox 2115 3406 3831 3480">
     <span class='ocr_line' id='line_1_96' title="bbox 2115 3406 3831 3480; baseline 0.001 -18"><span class='ocrx_word' id='word_1_706' title='bbox 2115 3415 2237 3462; x_wconf 91' lang='lat' dir='ltr'>tum</span> <span class='ocrx_word' id='word_1_707' title='bbox 2271 3410 2480 3461; x_wconf 72' lang='lat' dir='ltr'>nostrae</span> <span class='ocrx_word' id='word_1_708' title='bbox 2506 3407 2695 3462; x_wconf 92' lang='lat' dir='ltr'>carnis</span> <span class='ocrx_word' id='word_1_709' title='bbox 2726 3406 3036 3476; x_wconf 87' lang='lat' dir='ltr'>immolari,</span> <span class='ocrx_word' id='word_1_710' title='bbox 3061 3423 3380 3480; x_wconf 90' lang='lat' dir='ltr'>carnesque</span> <span class='ocrx_word' id='word_1_711' title='bbox 3404 3423 3578 3479; x_wconf 91' lang='lat' dir='ltr'>super</span> <span class='ocrx_word' id='word_1_712' title='bbox 3599 3411 3831 3479; x_wconf 88' lang='lat' dir='ltr'>petram</span> 
     </span>
    </p>
   </div>
   <div class='ocr_carea' id='block_1_97' title="bbox 2115 3496 3834 3568">
    <p class='ocr_par' dir='ltr' id='par_1_97' title="bbox 2115 3496 3834 3568">
     <span class='ocr_line' id='line_1_97' title="bbox 2115 3496 3834 3568; baseline 0.001 -17"><span class='ocrx_word' id='word_1_713' title='bbox 2115 3496 2272 3568; x_wconf 90' lang='lat' dir='ltr'>poni,</span> <span class='ocrx_word' id='word_1_714' title='bbox 2306 3501 2361 3551; x_wconf 91' lang='lat' dir='ltr'>et</span> <span class='ocrx_word' id='word_1_715' title='bbox 2395 3497 2492 3565; x_wconf 90' lang='lat' dir='ltr'>jus</span> <span class='ocrx_word' id='word_1_716' title='bbox 2530 3496 2792 3551; x_wconf 90' lang='lat' dir='ltr'>carnium</span> <span class='ocrx_word' id='word_1_717' title='bbox 2826 3498 3076 3568; x_wconf 90' lang='lat' dir='ltr'>desuper</span> <span class='ocrx_word' id='word_1_718' title='bbox 3108 3497 3294 3553; x_wconf 82' lang='lat' dir='ltr'>fundi.</span> <span class='ocrx_word' id='word_1_719' title='bbox 3324 3497 3503 3562; x_wconf 89' lang='lat' dir='ltr'>Quem</span> <span class='ocrx_word' id='word_1_720' title='bbox 3537 3497 3720 3553; x_wconf 90' lang='lat' dir='ltr'>alium</span> <span class='ocrx_word' id='word_1_721' title='bbox 3754 3497 3834 3553; x_wconf 85' lang='lat' dir='ltr'>si-</span> 
     </span>
    </p>
   </div>
   <div class='ocr_carea' id='block_1_98' title="bbox 2115 3585 3832 3658">
    <p class='ocr_par' dir='ltr' id='par_1_98' title="bbox 2115 3585 3832 3658">
     <span class='ocr_line' id='line_1_98' title="bbox 2115 3585 3832 3658; baseline 0.002 -18"><span class='ocrx_word' id='word_1_722' title='bbox 2115 3590 2255 3658; x_wconf 86' lang='lat' dir='ltr'>gnat</span> <span class='ocrx_word' id='word_1_723' title='bbox 2304 3591 2483 3656; x_wconf 88' lang='lat' dir='ltr'>petra,</span> <span class='ocrx_word' id='word_1_724' title='bbox 2525 3587 2638 3640; x_wconf 89' lang='lat' dir='ltr'>nisi</span> <span class='ocrx_word' id='word_1_725' title='bbox 2678 3603 2835 3654; x_wconf 90' lang='lat' dir='ltr'>eum,</span> <span class='ocrx_word' id='word_1_726' title='bbox 2877 3586 2947 3640; x_wconf 94' lang='lat' dir='ltr'>de</span> <span class='ocrx_word' id='word_1_727' title='bbox 2989 3601 3101 3658; x_wconf 89' lang='lat' dir='ltr'>quo</span> <span class='ocrx_word' id='word_1_728' title='bbox 3148 3603 3248 3658; x_wconf 91' lang='lat' dir='ltr'>per</span> <span class='ocrx_word' id='word_1_729' title='bbox 3287 3586 3527 3643; x_wconf 90' lang='lat' dir='ltr'>Paulum</span> <span class='ocrx_word' id='word_1_730' title='bbox 3572 3585 3832 3643; x_wconf 90' lang='lat' dir='ltr'>dicitur:</span> 
     </span>
    </p>
   </div>
   <div class='ocr_carea' id='block_1_99' title="bbox 2119 3675 3836 3747">
    <p class='ocr_par' dir='ltr' id='par_1_99' title="bbox 2119 3675 3836 3747">
     <span class='ocr_line' id='line_1_99' title="bbox 2119 3675 3836 3747; baseline 0 -15"><span class='ocrx_word' id='word_1_731' title='bbox 2119 3681 2278 3732; x_wconf 86' lang='lat' dir='ltr'>Petra</span> <span class='ocrx_word' id='word_1_732' title='bbox 2321 3683 2505 3731; x_wconf 86' lang='lat' dir='ltr'>autem</span> <span class='ocrx_word' id='word_1_733' title='bbox 2547 3680 2663 3730; x_wconf 85' lang='lat' dir='ltr'>erat</span> <span class='ocrx_word' id='word_1_734' title='bbox 2707 3675 2953 3730; x_wconf 84' lang='lat' dir='ltr'>Christus</span> <span class='ocrx_word' id='word_1_735' title='bbox 2997 3676 3044 3747; x_wconf 92' lang='lat'>(1</span> <span class='ocrx_word' id='word_1_736' title='bbox 3083 3676 3204 3732; x_wconf 85' lang='lat' dir='ltr'>Cor.</span> <span class='ocrx_word' id='word_1_737' title='bbox 3238 3694 3294 3743; x_wconf 73' lang='grc' dir='ltr'>κ,</span> <span class='ocrx_word' id='word_1_738' title='bbox 3329 3677 3401 3747; x_wconf 78' lang='grc'>4).</span> <span class='ocrx_word' id='word_1_739' title='bbox 3437 3677 3654 3733; x_wconf 87' lang='lat' dir='ltr'>Carnes</span> <span class='ocrx_word' id='word_1_740' title='bbox 3701 3692 3836 3746; x_wconf 84' lang='lat' dir='ltr'>ergo</span> 
     </span>
    </p>
   </div>
   <div class='ocr_carea' id='block_1_100' title="bbox 2117 3765 3839 3836">
    <p class='ocr_par' dir='ltr' id='par_1_100' title="bbox 2117 3765 3839 3836">
     <span class='ocr_line' id='line_1_100' title="bbox 2117 3765 3839 3836; baseline 0.001 -16"><span class='ocrx_word' id='word_1_741' title='bbox 2117 3782 2296 3836; x_wconf 87' lang='lat' dir='ltr'>super</span> <span class='ocrx_word' id='word_1_742' title='bbox 2326 3771 2550 3836; x_wconf 89' lang='lat' dir='ltr'>petram</span> <span class='ocrx_word' id='word_1_743' title='bbox 2585 3765 2880 3836; x_wconf 89' lang='lat' dir='ltr'>ponimus,</span> <span class='ocrx_word' id='word_1_744' title='bbox 2905 3781 3038 3820; x_wconf 91' lang='lat' dir='ltr'>cum</span> <span class='ocrx_word' id='word_1_745' title='bbox 3063 3782 3273 3835; x_wconf 89' lang='lat' dir='ltr'>corpus</span> <span class='ocrx_word' id='word_1_746' title='bbox 3304 3771 3568 3821; x_wconf 89' lang='lat' dir='ltr'>nostrum</span> <span class='ocrx_word' id='word_1_747' title='bbox 3592 3766 3652 3821; x_wconf 89' lang='lat' dir='ltr'>in</span> <span class='ocrx_word' id='word_1_748' title='bbox 3676 3765 3839 3821; x_wconf 79' lang='lat' dir='ltr'>Chri-</span> 
     </span>
    </p>
   </div>
   <div class='ocr_carea' id='block_1_101' title="bbox 2120 3854 3837 3927">
    <p class='ocr_par' dir='ltr' id='par_1_101' title="bbox 2120 3854 3837 3927">
     <span class='ocr_line' id='line_1_101' title="bbox 2120 3854 3837 3927; baseline -0.001 -17"><span class='ocrx_word' id='word_1_749' title='bbox 2120 3855 2194 3910; x_wconf 91' lang='lat' dir='ltr'>sti</span> <span class='ocrx_word' id='word_1_750' title='bbox 2228 3854 2551 3910; x_wconf 86' lang='lat' dir='ltr'>imitatione</span> <span class='ocrx_word' id='word_1_751' title='bbox 2582 3855 2937 3911; x_wconf 88' lang='lat' dir='ltr'>cruciamus.</span> <span class='ocrx_word' id='word_1_752' title='bbox 2961 3854 3066 3910; x_wconf 89' lang='lat' dir='ltr'>Jus</span> <span class='ocrx_word' id='word_1_753' title='bbox 3089 3855 3263 3910; x_wconf 89' lang='lat' dir='ltr'>etiam</span> <span class='ocrx_word' id='word_1_754' title='bbox 3294 3856 3556 3910; x_wconf 90' lang='lat' dir='ltr'>carnium</span> <span class='ocrx_word' id='word_1_755' title='bbox 3580 3857 3837 3927; x_wconf 91' lang='lat' dir='ltr'>desuper</span> 
     </span>
    </p>
   </div>
   <div class='ocr_carea' id='block_1_102' title="bbox 2121 3943 3836 4014">
    <p class='ocr_par' dir='ltr' id='par_1_102' title="bbox 2121 3943 3836 4014">
     <span class='ocr_line' id='line_1_102' title="bbox 2121 3943 3836 4014; baseline 0.001 -16"><span class='ocrx_word' id='word_1_756' title='bbox 2121 3943 2325 4008; x_wconf 78' lang='lat' dir='ltr'>fundit,</span> <span class='ocrx_word' id='word_1_757' title='bbox 2361 3947 2460 4014; x_wconf 90' lang='lat' dir='ltr'>qui</span> <span class='ocrx_word' id='word_1_758' title='bbox 2495 3944 2550 3998; x_wconf 90' lang='lat' dir='ltr'>in</span> <span class='ocrx_word' id='word_1_759' title='bbox 2586 3943 3024 3999; x_wconf 88' lang='lat' dir='ltr'>conversatione</span> <span class='ocrx_word' id='word_1_760' title='bbox 3056 3944 3268 3999; x_wconf 87' lang='lat' dir='ltr'>Christi</span> <span class='ocrx_word' id='word_1_761' title='bbox 3312 3945 3470 4014; x_wconf 87' lang='lat' dir='ltr'>ipsas</span> <span class='ocrx_word' id='word_1_762' title='bbox 3502 3962 3534 3999; x_wconf 89' lang='lat' dir='ltr'>a</span> <span class='ocrx_word' id='word_1_763' title='bbox 3566 3960 3627 4000; x_wconf 91' lang='lat' dir='ltr'>se</span> <span class='ocrx_word' id='word_1_764' title='bbox 3658 3945 3836 4001; x_wconf 89' lang='lat' dir='ltr'>etiam</span> 
     </span>
    </p>
   </div>
   <div class='ocr_carea' id='block_1_103' title="bbox 2121 4033 3839 4105">
    <p class='ocr_par' dir='ltr' id='par_1_103' title="bbox 2121 4033 3839 4105">
     <span class='ocr_line' id='line_1_103' title="bbox 2121 4033 3839 4105; baseline 0.001 -16"><span class='ocrx_word' id='word_1_765' title='bbox 2121 4033 2378 4089; x_wconf 87' lang='lat' dir='ltr'>carnales</span> <span class='ocrx_word' id='word_1_766' title='bbox 2409 4034 2788 4104; x_wconf 84' lang='lat' dir='ltr'>cogitationes</span> <span class='ocrx_word' id='word_1_767' title='bbox 2820 4035 3095 4090; x_wconf 85' lang='lat' dir='ltr'>exinanil.</span> <span class='ocrx_word' id='word_1_768' title='bbox 3125 4036 3196 4103; x_wconf 88' lang='lat' dir='ltr'>(e)</span> <span class='ocrx_word' id='word_1_769' title='bbox 3231 4035 3405 4099; x_wconf 84' lang='lat' dir='ltr'>Quasi</span> <span class='ocrx_word' id='word_1_770' title='bbox 3439 4035 3594 4090; x_wconf 93' lang='lat' dir='ltr'>enim</span> <span class='ocrx_word' id='word_1_771' title='bbox 3634 4034 3735 4105; x_wconf 85' lang='lat' dir='ltr'>jus</span> <span class='ocrx_word' id='word_1_772' title='bbox 3767 4049 3839 4090; x_wconf 79' lang='lat' dir='ltr'>ex</span> 
     </span>
    </p>
   </div>
   <div class='ocr_carea' id='block_1_104' title="bbox 2122 4122 3844 4193">
    <p class='ocr_par' dir='ltr' id='par_1_104' title="bbox 2122 4122 3844 4193">
     <span class='ocr_line' id='line_1_104' title="bbox 2122 4122 3844 4193; baseline 0 -14"><span class='ocrx_word' id='word_1_773' title='bbox 2122 4140 2294 4180; x_wconf 89' lang='lat' dir='ltr'>carne</span> <span class='ocrx_word' id='word_1_774' title='bbox 2327 4122 2548 4193; x_wconf 91' lang='lat' dir='ltr'>liquida</span> <span class='ocrx_word' id='word_1_775' title='bbox 2578 4123 2636 4178; x_wconf 91' lang='lat' dir='ltr'>in</span> <span class='ocrx_word' id='word_1_776' title='bbox 2671 4129 2891 4193; x_wconf 87' lang='lat' dir='ltr'>petram</span> <span class='ocrx_word' id='word_1_777' title='bbox 2927 4124 3211 4190; x_wconf 77' lang='lat' dir='ltr'>funditur,</span> <span class='ocrx_word' id='word_1_778' title='bbox 3244 4123 3474 4193; x_wconf 87' lang='lat' dir='ltr'>quando</span> <span class='ocrx_word' id='word_1_779' title='bbox 3521 4139 3689 4179; x_wconf 83' lang='lat' dir='ltr'>mens</span> <span class='ocrx_word' id='word_1_780' title='bbox 3721 4127 3778 4179; x_wconf 86' lang='lat' dir='ltr'>et</span> <span class='ocrx_word' id='word_1_781' title='bbox 3807 4140 3844 4180; x_wconf 86' lang='lat' dir='ltr'>a</span> 
     </span>
    </p>
   </div>
   <div class='ocr_carea' id='block_1_105' title="bbox 2121 4211 3840 4283">
    <p class='ocr_par' dir='ltr' id='par_1_105' title="bbox 2121 4211 3840 4283">
     <span class='ocr_line' id='line_1_105' title="bbox 2121 4211 3840 4283; baseline 0.001 -16"><span class='ocrx_word' id='word_1_782' title='bbox 2121 4213 2536 4283; x_wconf 89' lang='lat' dir='ltr'>cogitationum</span> <span class='ocrx_word' id='word_1_783' title='bbox 2581 4211 2901 4266; x_wconf 88' lang='lat' dir='ltr'>carnalium</span> <span class='ocrx_word' id='word_1_784' title='bbox 2946 4216 3102 4266; x_wconf 79' lang='lat' dir='ltr'>ﬂuxu</span> <span class='ocrx_word' id='word_1_785' title='bbox 3135 4220 3432 4268; x_wconf 86' lang='lat' dir='ltr'>vacuatur.</span> <span class='ocrx_word' id='word_1_786' title='bbox 3465 4211 3598 4275; x_wconf 60' lang='lat' dir='ltr'>Quae</span> <span class='ocrx_word' id='word_1_787' title='bbox 3641 4218 3840 4269; x_wconf 88' lang='lat' dir='ltr'>tamen</span> 
     </span>
    </p>
   </div>
   <div class='ocr_carea' id='block_1_106' title="bbox 2123 4301 3841 4374">
    <p class='ocr_par' dir='ltr' id='par_1_106' title="bbox 2123 4301 3841 4374">
     <span class='ocr_line' id='line_1_106' title="bbox 2123 4301 3841 4374; baseline -0.001 -15"><span class='ocrx_word' id='word_1_788' title='bbox 2123 4318 2254 4359; x_wconf 86' lang='lat' dir='ltr'>mox</span> <span class='ocrx_word' id='word_1_789' title='bbox 2284 4301 2529 4372; x_wconf 87' lang='lat' dir='ltr'>angelus</span> <span class='ocrx_word' id='word_1_790' title='bbox 2558 4302 2656 4355; x_wconf 76' lang='lat'><strong>97</strong></span> <span class='ocrx_word' id='word_1_791' title='bbox 2691 4301 2851 4373; x_wconf 87' lang='lat' dir='ltr'>virga</span> <span class='ocrx_word' id='word_1_792' title='bbox 2883 4303 3089 4374; x_wconf 89' lang='lat' dir='ltr'>tangit,</span> <span class='ocrx_word' id='word_1_793' title='bbox 3132 4301 3270 4373; x_wconf 89' lang='lat' dir='ltr'>quia</span> <span class='ocrx_word' id='word_1_794' title='bbox 3306 4302 3689 4358; x_wconf 89' lang='lat' dir='ltr'>intentionem</span> <span class='ocrx_word' id='word_1_795' title='bbox 3733 4319 3841 4358; x_wconf 85' lang='lat' dir='ltr'>no-</span> 
     </span>
    </p>
   </div>
   <div class='ocr_carea' id='block_1_107' title="bbox 2123 4392 3840 4463">
    <p class='ocr_par' dir='ltr' id='par_1_107' title="bbox 2123 4392 3840 4463">
     <span class='ocr_line' id='line_1_107' title="bbox 2123 4392 3840 4463; baseline 0 -15"><span class='ocrx_word' id='word_1_796' title='bbox 2123 4399 2303 4448; x_wconf 89' lang='lat' dir='ltr'>stram</span> <span class='ocrx_word' id='word_1_797' title='bbox 2355 4407 2726 4463; x_wconf 89' lang='lat' dir='ltr'>nequaquam</span> <span class='ocrx_word' id='word_1_798' title='bbox 2781 4397 3036 4462; x_wconf 89' lang='lat' dir='ltr'>potestas</span> <span class='ocrx_word' id='word_1_799' title='bbox 3069 4392 3249 4447; x_wconf 91' lang='lat' dir='ltr'>divini</span> <span class='ocrx_word' id='word_1_800' title='bbox 3296 4392 3568 4462; x_wconf 89' lang='lat' dir='ltr'>adjutorii</span> <span class='ocrx_word' id='word_1_801' title='bbox 3600 4393 3840 4448; x_wconf 87' lang='lat' dir='ltr'>deserit.</span> 
     </span>
    </p>
   </div>
   <div class='ocr_carea' id='block_1_108' title="bbox 2127 4480 3846 4552">
    <p class='ocr_par' dir='ltr' id='par_1_108' title="bbox 2127 4480 3846 4552">
     <span class='ocr_line' id='line_1_108' title="bbox 2127 4480 3846 4552; baseline -0.001 -14"><span class='ocrx_word' id='word_1_802' title='bbox 2127 4482 2204 4538; x_wconf 93' lang='lat' dir='ltr'>De</span> <span class='ocrx_word' id='word_1_803' title='bbox 2237 4487 2394 4551; x_wconf 84' lang='lat' dir='ltr'>petra</span> <span class='ocrx_word' id='word_1_804' title='bbox 2425 4490 2615 4537; x_wconf 89' lang='lat' dir='ltr'>autem</span> <span class='ocrx_word' id='word_1_805' title='bbox 2640 4480 2792 4551; x_wconf 88' lang='lat' dir='ltr'>ignis</span> <span class='ocrx_word' id='word_1_806' title='bbox 2814 4482 2950 4546; x_wconf 85' lang='lat' dir='ltr'>exit,</span> <span class='ocrx_word' id='word_1_807' title='bbox 2975 4485 3030 4536; x_wconf 87' lang='lat' dir='ltr'>et</span> <span class='ocrx_word' id='word_1_808' title='bbox 3052 4481 3154 4551; x_wconf 90' lang='lat' dir='ltr'>jus</span> <span class='ocrx_word' id='word_1_809' title='bbox 3177 4497 3498 4552; x_wconf 87' lang='lat' dir='ltr'>carnesque</span> <span class='ocrx_word' id='word_1_810' title='bbox 3521 4481 3846 4549; x_wconf 83' lang='lat' dir='ltr'>consumit,</span> 
     </span>
    </p>
   </div>
   <div class='ocr_carea' id='block_1_109' title="bbox 2046 4569 3844 4646">
    <p class='ocr_par' dir='ltr' id='par_1_109' title="bbox 2046 4569 3844 4646">
     <span class='ocr_line' id='line_1_109' title="bbox 2046 4569 3844 4646; baseline 0.001 -21"><span class='ocrx_word' id='word_1_811' title='bbox 2046 4581 2088 4646; x_wconf 77' lang='grc' dir='ltr'>υ</span> <span class='ocrx_word' id='word_1_812' title='bbox 2121 4573 2261 4642; x_wconf 89' lang='lat' dir='ltr'>quia</span> <span class='ocrx_word' id='word_1_813' title='bbox 2307 4571 2536 4626; x_wconf 78' lang='lat' dir='ltr'>afflatus</span> <span class='ocrx_word' id='word_1_814' title='bbox 2570 4588 2600 4624; x_wconf 90' lang='lat' dir='ltr'>a</span> <span class='ocrx_word' id='word_1_815' title='bbox 2634 4569 3023 4641; x_wconf 79' lang='lat' dir='ltr'>Redemptore</span> <span class='ocrx_word' id='word_1_816' title='bbox 3070 4569 3338 4641; x_wconf 85' lang='lat' dir='ltr'>spiritus,</span> <span class='ocrx_word' id='word_1_817' title='bbox 3372 4576 3534 4626; x_wconf 90' lang='lat' dir='ltr'>tanta</span> <span class='ocrx_word' id='word_1_818' title='bbox 3583 4587 3688 4627; x_wconf 91' lang='lat' dir='ltr'>cor</span> <span class='ocrx_word' id='word_1_819' title='bbox 3740 4588 3844 4628; x_wconf 85' lang='lat' dir='ltr'>no-</span> 
     </span>
    </p>
   </div>
   <div class='ocr_carea' id='block_1_110' title="bbox 2123 4660 3844 4730">
    <p class='ocr_par' dir='ltr' id='par_1_110' title="bbox 2123 4660 3844 4730">
     <span class='ocr_line' id='line_1_110' title="bbox 2123 4660 3844 4730; baseline -0.001 -13"><span class='ocrx_word' id='word_1_820' title='bbox 2123 4667 2306 4717; x_wconf 90' lang='lat' dir='ltr'>stram</span> <span class='ocrx_word' id='word_1_821' title='bbox 2361 4660 2597 4715; x_wconf 87' lang='lat' dir='ltr'>ﬂamma</span> <span class='ocrx_word' id='word_1_822' title='bbox 2645 4660 3120 4730; x_wconf 87' lang='lat' dir='ltr'>compunctionis</span> <span class='ocrx_word' id='word_1_823' title='bbox 3165 4666 3512 4730; x_wconf 77' lang='lat' dir='ltr'>concremet,</span> <span class='ocrx_word' id='word_1_824' title='bbox 3555 4665 3622 4716; x_wconf 87' lang='lat' dir='ltr'>ut</span> <span class='ocrx_word' id='word_1_825' title='bbox 3667 4676 3844 4718; x_wconf 82' lang='lat' dir='ltr'>omne</span> 
     </span>
    </p>
   </div>
   <div class='ocr_carea' id='block_1_111' title="bbox 2124 4748 3851 4822">
    <p class='ocr_par' dir='ltr' id='par_1_111' title="bbox 2124 4748 3851 4822">
     <span class='ocr_line' id='line_1_111' title="bbox 2124 4748 3851 4822; baseline 0 -16"><span class='ocrx_word' id='word_1_826' title='bbox 2124 4752 2278 4822; x_wconf 91' lang='lat' dir='ltr'>quod</span> <span class='ocrx_word' id='word_1_827' title='bbox 2324 4751 2382 4805; x_wconf 92' lang='lat' dir='ltr'>in</span> <span class='ocrx_word' id='word_1_828' title='bbox 2414 4767 2479 4805; x_wconf 90' lang='lat' dir='ltr'>eo</span> <span class='ocrx_word' id='word_1_829' title='bbox 2512 4754 2600 4804; x_wconf 88' lang='lat' dir='ltr'>est</span> <span class='ocrx_word' id='word_1_830' title='bbox 2642 4748 2917 4804; x_wconf 90' lang='lat' dir='ltr'>illicitum</span> <span class='ocrx_word' id='word_1_831' title='bbox 2952 4759 3005 4805; x_wconf 92' lang='lat' dir='ltr'>et</span> <span class='ocrx_word' id='word_1_832' title='bbox 3036 4751 3224 4820; x_wconf 90' lang='lat' dir='ltr'>operis</span> <span class='ocrx_word' id='word_1_833' title='bbox 3257 4754 3312 4806; x_wconf 90' lang='lat' dir='ltr'>et</span> <span class='ocrx_word' id='word_1_834' title='bbox 3342 4750 3717 4822; x_wconf 89' lang='lat' dir='ltr'>cogitationis</span> <span class='ocrx_word' id='word_1_835' title='bbox 3749 4769 3851 4807; x_wconf 84' lang='lat' dir='ltr'>ex-</span> 
     </span>
    </p>
   </div>
   <div class='ocr_carea' id='block_1_112' title="bbox 2123 4835 3846 4907">
    <p class='ocr_par' dir='ltr' id='par_1_112' title="bbox 2123 4835 3846 4907">
     <span class='ocr_line' id='line_1_112' title="bbox 2123 4835 3846 4907; baseline 0.001 -14"><span class='ocrx_word' id='word_1_836' title='bbox 2123 4842 2273 4893; x_wconf 87' lang='lat' dir='ltr'>urat.</span> <span class='ocrx_word' id='word_1_837' title='bbox 2308 4835 2472 4899; x_wconf 93' lang='lat' dir='ltr'>Quod</span> <span class='ocrx_word' id='word_1_838' title='bbox 2503 4852 2637 4907; x_wconf 88' lang='lat' dir='ltr'>ergo</span> <span class='ocrx_word' id='word_1_839' title='bbox 2677 4835 2798 4890; x_wconf 90' lang='lat' dir='ltr'>illic</span> <span class='ocrx_word' id='word_1_840' title='bbox 2828 4840 2917 4892; x_wconf 89' lang='lat' dir='ltr'>est</span> <span class='ocrx_word' id='word_1_841' title='bbox 2941 4837 3036 4905; x_wconf 88' lang='lat' dir='ltr'>jus</span> <span class='ocrx_word' id='word_1_842' title='bbox 3077 4836 3136 4892; x_wconf 92' lang='lat' dir='ltr'>in</span> <span class='ocrx_word' id='word_1_843' title='bbox 3180 4842 3399 4907; x_wconf 89' lang='lat' dir='ltr'>petram</span> <span class='ocrx_word' id='word_1_844' title='bbox 3431 4837 3696 4906; x_wconf 80' lang='lat' dir='ltr'>fundere,</span> <span class='ocrx_word' id='word_1_845' title='bbox 3728 4837 3846 4895; x_wconf 85' lang='lat' dir='ltr'>hoc</span> 
     </span>
    </p>
   </div>
   <div class='ocr_carea' id='block_1_113' title="bbox 2123 4924 3844 4984">
    <p class='ocr_par' dir='ltr' id='par_1_113' title="bbox 2123 4924 3844 4984">
     <span class='ocr_line' id='line_1_113' title="bbox 2123 4924 3844 4984; baseline 0.001 -2"><span class='ocrx_word' id='word_1_846' title='bbox 2123 4933 2210 4983; x_wconf 90' lang='lat' dir='ltr'>est</span> <span class='ocrx_word' id='word_1_847' title='bbox 2237 4925 2329 4980; x_wconf 89' lang='lat' dir='ltr'>hic</span> <span class='ocrx_word' id='word_1_848' title='bbox 2362 4924 2584 4980; x_wconf 90' lang='lat' dir='ltr'>saniem</span> <span class='ocrx_word' id='word_1_849' title='bbox 2630 4927 2782 4980; x_wconf 89' lang='lat' dir='ltr'>testa</span> <span class='ocrx_word' id='word_1_850' title='bbox 2826 4925 3127 4982; x_wconf 86' lang='lat' dir='ltr'>mundare.</span> <span class='ocrx_word' id='word_1_851' title='bbox 3163 4925 3423 4981; x_wconf 88' lang='lat' dir='ltr'>Perfecta</span> <span class='ocrx_word' id='word_1_852' title='bbox 3467 4926 3624 4982; x_wconf 89' lang='lat' dir='ltr'>enim</span> <span class='ocrx_word' id='word_1_853' title='bbox 3671 4943 3844 4984; x_wconf 88' lang='lat' dir='ltr'>mens</span> 
     </span>
    </p>
   </div>
   <div class='ocr_carea' id='block_1_114' title="bbox 2125 5013 3845 5088">
    <p class='ocr_par' dir='ltr' id='par_1_114' title="bbox 2125 5013 3845 5088">
     <span class='ocr_line' id='line_1_114' title="bbox 2125 5013 3845 5088; baseline 0.002 -19"><span class='ocrx_word' id='word_1_854' title='bbox 2125 5013 2365 5070; x_wconf 90' lang='lat' dir='ltr'>solerter</span> <span class='ocrx_word' id='word_1_855' title='bbox 2403 5013 2690 5084; x_wconf 89' lang='lat' dir='ltr'>invigilat,</span> <span class='ocrx_word' id='word_1_856' title='bbox 2719 5016 2783 5067; x_wconf 90' lang='lat' dir='ltr'>ut</span> <span class='ocrx_word' id='word_1_857' title='bbox 2815 5029 2928 5069; x_wconf 90' lang='lat' dir='ltr'>non</span> <span class='ocrx_word' id='word_1_858' title='bbox 2975 5013 3167 5070; x_wconf 90' lang='lat' dir='ltr'>solum</span> <span class='ocrx_word' id='word_1_859' title='bbox 3213 5029 3479 5085; x_wconf 86' lang='lat' dir='ltr'>perversa</span> <span class='ocrx_word' id='word_1_860' title='bbox 3522 5031 3690 5088; x_wconf 86' lang='lat' dir='ltr'>agere</span> <span class='ocrx_word' id='word_1_861' title='bbox 3737 5032 3845 5073; x_wconf 87' lang='lat' dir='ltr'>re-</span> 
     </span>
    </p>
   </div>
   <div class='ocr_carea' id='block_1_115' title="bbox 2125 5101 3844 5177">
    <p class='ocr_par' dir='ltr' id='par_1_115' title="bbox 2125 5101 3844 5177">
     <span class='ocr_line' id='line_1_115' title="bbox 2125 5101 3844 5177; baseline 0.003 -18"><span class='ocrx_word' id='word_1_862' title='bbox 2125 5108 2290 5173; x_wconf 89' lang='lat' dir='ltr'>nuat,</span> <span class='ocrx_word' id='word_1_863' title='bbox 2324 5103 2419 5158; x_wconf 92' lang='lat' dir='ltr'>sed</span> <span class='ocrx_word' id='word_1_864' title='bbox 2467 5118 2641 5158; x_wconf 90' lang='lat' dir='ltr'>omne</span> <span class='ocrx_word' id='word_1_865' title='bbox 2678 5103 2850 5157; x_wconf 86' lang='lat' dir='ltr'>etiam</span> <span class='ocrx_word' id='word_1_866' title='bbox 2896 5101 3049 5174; x_wconf 83' lang='lat' dir='ltr'>quod</span> <span class='ocrx_word' id='word_1_867' title='bbox 3096 5101 3156 5156; x_wconf 88' lang='lat' dir='ltr'>in</span> <span class='ocrx_word' id='word_1_868' title='bbox 3203 5118 3267 5158; x_wconf 89' lang='lat' dir='ltr'>se</span> <span class='ocrx_word' id='word_1_869' title='bbox 3312 5120 3414 5176; x_wconf 88' lang='lat' dir='ltr'>per</span> <span class='ocrx_word' id='word_1_870' title='bbox 3456 5105 3844 5177; x_wconf 83' lang='lat' dir='ltr'>cogitationes</span> 
     </span>
    </p>
   </div>
   <div class='ocr_carea' id='block_1_116' title="bbox 2124 5285 3846 5358">
    <p class='ocr_par' dir='ltr' id='par_1_116' title="bbox 2124 5285 3846 5358">
     <span class='ocr_line' id='line_1_116' title="bbox 2124 5285 3846 5358; baseline 0.002 -16"><span class='ocrx_word' id='word_1_871' title='bbox 2124 5288 2257 5342; x_wconf 87' lang='lat' dir='ltr'>dum</span> <span class='ocrx_word' id='word_1_872' title='bbox 2297 5302 2489 5357; x_wconf 85' lang='lat' dir='ltr'>corpus</span> <span class='ocrx_word' id='word_1_873' title='bbox 2527 5288 2749 5352; x_wconf 86' lang='lat' dir='ltr'>mentis,</span> <span class='ocrx_word' id='word_1_874' title='bbox 2783 5287 2938 5357; x_wconf 91' lang='lat' dir='ltr'>quod</span> <span class='ocrx_word' id='word_1_875' title='bbox 2981 5285 3134 5358; x_wconf 85' lang='lat' dir='ltr'>apud</span> <span class='ocrx_word' id='word_1_876' title='bbox 3163 5287 3501 5357; x_wconf 88' lang='lat' dir='ltr'>Gregorium</span> <span class='ocrx_word' id='word_1_877' title='bbox 3543 5288 3846 5358; x_wconf 79' lang='lat' dir='ltr'>igniﬁcat</span> 
     </span>
    </p>
   </div>
   <div class='ocr_carea' id='block_1_117' title="bbox 2125 5357 3842 5440">
    <p class='ocr_par' dir='ltr' id='par_1_117' title="bbox 2125 5357 3842 5440">
     <span class='ocr_line' id='line_1_117' title="bbox 2125 5357 3842 5440; baseline 0.003 -27"><span class='ocrx_word' id='word_1_878' title='bbox 2125 5374 2356 5440; x_wconf 75' lang='lat' dir='ltr'>omnem</span> <span class='ocrx_word' id='word_1_879' title='bbox 2419 5358 2757 5413; x_wconf 88' lang='lat' dir='ltr'>facultatum</span> <span class='ocrx_word' id='word_1_880' title='bbox 2816 5357 3027 5412; x_wconf 89' lang='lat' dir='ltr'>mentis</span> <span class='ocrx_word' id='word_1_881' title='bbox 3083 5374 3148 5412; x_wconf 90' lang='lat' dir='ltr'>ac</span> <span class='ocrx_word' id='word_1_882' title='bbox 3208 5357 3626 5430; x_wconf 76' lang='lat' dir='ltr'>cogitationum</span> <span class='ocrx_word' id='word_1_883' title='bbox 3680 5378 3842 5418; x_wconf 83' lang='lat' dir='ltr'>eom-</span> 
     </span>
    </p>
   </div>
   <div class='ocr_carea' id='block_1_118' title="bbox 2129 5430 3767 5572">
    <p class='ocr_par' dir='ltr' id='par_1_118' title="bbox 2129 5430 3767 5572">
     <span class='ocr_line' id='line_1_118' title="bbox 2129 5430 2475 5500; baseline 0.003 -18"><span class='ocrx_word' id='word_1_884' title='bbox 2129 5430 2475 5500; x_wconf 90' lang='lat' dir='ltr'>plexionem.</span> 
     </span>
     <span class='ocr_line' id='line_1_119' title="bbox 2197 5501 3767 5572; baseline 0.004 -18"><span class='ocrx_word' id='word_1_885' title='bbox 2197 5502 2276 5570; x_wconf 83' lang='grc' dir='ltr'>(ά)</span> <span class='ocrx_word' id='word_1_886' title='bbox 2312 5501 2492 5556; x_wconf 89' lang='lat' dir='ltr'>Vatic.</span> <span class='ocrx_word' id='word_1_887' title='bbox 2527 5505 2581 5556; x_wconf 90' lang='lat' dir='ltr'>et</span> <span class='ocrx_word' id='word_1_888' title='bbox 2612 5501 2812 5567; x_wconf 89' lang='lat' dir='ltr'>Guss.,</span> <span class='ocrx_word' id='word_1_889' title='bbox 2845 5518 2948 5572; x_wconf 90' lang='lat' dir='ltr'>pro</span> <span class='ocrx_word' id='word_1_890' title='bbox 2977 5501 3253 5568; x_wconf 83' lang='lat' dir='ltr'>Jerobaal,</span> <span class='ocrx_word' id='word_1_891' title='bbox 3289 5501 3503 5557; x_wconf 86' lang='lat' dir='ltr'>habent</span> <span class='ocrx_word' id='word_1_892' title='bbox 3533 5503 3767 5560; x_wconf 84' lang='lat' dir='ltr'>Gedeon.</span> 
     </span>
    </p>
   </div>
   <div class='ocr_carea' id='block_1_119' title="bbox 2195 5572 3840 5644">
    <p class='ocr_par' dir='ltr' id='par_1_119' title="bbox 2195 5572 3840 5644">
     <span class='ocr_line' id='line_1_120' title="bbox 2195 5572 3840 5644; baseline 0.004 -18"><span class='ocrx_word' id='word_1_893' title='bbox 2195 5576 2266 5644; x_wconf 77' lang='lat' dir='ltr'>(e)</span> <span class='ocrx_word' id='word_1_894' title='bbox 2297 5573 2471 5627; x_wconf 89' lang='lat' dir='ltr'>Corru</span> <span class='ocrx_word' id='word_1_895' title='bbox 2485 5579 2573 5636; x_wconf 89' lang='lat' dir='ltr'>pte</span> <span class='ocrx_word' id='word_1_896' title='bbox 2605 5574 2865 5639; x_wconf 82' lang='lat' dir='ltr'>Floriac.,</span> <span class='ocrx_word' id='word_1_897' title='bbox 2891 5572 3109 5641; x_wconf 87' lang='lat' dir='ltr'>Germ.,</span> <span class='ocrx_word' id='word_1_898' title='bbox 3143 5572 3332 5640; x_wconf 89' lang='lat' dir='ltr'>Corb.,</span> <span class='ocrx_word' id='word_1_899' title='bbox 3363 5576 3523 5644; x_wconf 86' lang='lat' dir='ltr'>quasi</span> <span class='ocrx_word' id='word_1_900' title='bbox 3549 5576 3704 5631; x_wconf 84' lang='lat' dir='ltr'>enim</span> <span class='ocrx_word' id='word_1_901' title='bbox 3732 5593 3840 5633; x_wconf 82' lang='lat' dir='ltr'>res.</span> 
     </span>
    </p>
   </div>
   <div class='ocr_carea' id='block_1_120' title="bbox 2126 5643 3837 5722">
    <p class='ocr_par' dir='ltr' id='par_1_120' title="bbox 2126 5643 3837 5722">
     <span class='ocr_line' id='line_1_121' title="bbox 2126 5643 3837 5722; baseline 0.004 -24"><span class='ocrx_word' id='word_1_902' title='bbox 2126 5643 2414 5722; x_wconf 40' lang='grc' dir='ltr'>ιιι-γεω..</span> <span class='ocrx_word' id='word_1_903' title='bbox 2439 5644 2634 5714; x_wconf 88' lang='lat' dir='ltr'>Gilot.,</span> <span class='ocrx_word' id='word_1_904' title='bbox 2663 5645 2863 5711; x_wconf 86' lang='lat' dir='ltr'>Guss.,</span> <span class='ocrx_word' id='word_1_905' title='bbox 2886 5644 3103 5716; x_wconf 87' lang='lat' dir='ltr'>legitur</span> <span class='ocrx_word' id='word_1_906' title='bbox 3131 5643 3426 5718; x_wconf 62' lang='lat' dir='ltr'>liquidum,</span> <span class='ocrx_word' id='word_1_907' title='bbox 3456 5662 3555 5718; x_wconf 90' lang='lat' dir='ltr'>pro</span> <span class='ocrx_word' id='word_1_908' title='bbox 3592 5645 3837 5722; x_wconf 83' lang='lat' dir='ltr'>liquida,</span> 
     </span>
    </p>
   </div>
   <div class='ocr_carea' id='block_1_121' title="bbox 2125 5714 2577 5782">
    <p class='ocr_par' dir='ltr' id='par_1_121' title="bbox 2125 5714 2577 5782">
     <span class='ocr_line' id='line_1_122' title="bbox 2125 5714 2577 5782; baseline 0.002 -10"><span class='ocrx_word' id='word_1_909' title='bbox 2125 5714 2360 5782; x_wconf 82' lang='lat' dir='ltr'>scilicet,</span> <span class='ocrx_word' id='word_1_910' title='bbox 2391 5731 2577 5773; x_wconf 86' lang='lat' dir='ltr'>carne.</span> 
     </span>
    </p>
   </div>
  </div>
