4134 6174
287 321 408 384 629

1205 311 1612 375 MURALIUM
1659 309 1804 372 [ΑΒ.
1857 307 1965 368 Ill.
2013 341 2089 352 -
2136 311 2214 369 IN
2260 313 2431 374 CAP.
2480 314 2531 375 ΙΙ
2578 317 2644 375 Β.
2690 317 2851 377 JOB.

3692 322 3814 380 630

286 458 543 528 turpiter
597 457 855 526 liquatur
909 455 1096 520 tergat
1177 451 1316 522 [νει.
1371 452 1567 516 XXIII.)
1603 447 1709 502 Sed
1752 461 1901 517 saepe
1933 444 2002 500 de
2031 446 2084 512 Α
2117 445 2286 517 tingit
2319 455 2382 504 ut
2407 450 2458 506 is
2489 468 2660 523 quem
2694 454 2928 510 avaritia
2960 459 3201 525 sauciat,
3236 458 3415 514 alium
3459 460 3514 514 in
3567 459 3809 515 luxurite

287 549 415 619 ipsa
439 547 678 601 victoria
703 543 919 598 bellum
962 543 1166 607 oritur,
1201 549 1262 596 ut
1292 557 1422 595 cum
1449 539 1754 593 immunda
1777 536 1996 604 cogita-

290 640 372 692 tio
405 637 680 702 vincitur,
714 634 952 688 victoris
1002 633 1237 685 animus
1278 630 1526 684 elatione
1590 628 1869 697 pulsetur.
1904 627 1996 680 Sic

286 744 424 799 ergo
447 732 696 782 mentem
717 738 952 778 necesse
973 727 1060 776 est
1087 737 1186 791 per
1210 719 1560 773 munditiam
1588 719 1750 789 erigi,
1803 723 1866 770 ut
1914 722 1998 769 ta-

293 835 426 873 men
456 817 700 872 sollicite
748 813 953 868 debeat
1001 811 1060 865 in
1118 811 1442 865 humilitate
1502 808 1819 863 substerni.
1853 809 1993 876 [Rea

290 907 553 977 XXVIIL]
604 904 768 961 Unde
815 907 872 957 et
926 917 1060 956 cum
1115 901 1184 954 de
1245 902 1448 954 sancto
1504 898 1626 950 viro
1688 896 1997 964 diceretur,

291 999 443 1053 Testa
480 998 695 1053 saniem
725 993 978 1058 radebat,
1010 990 1276 1061 protinus
1303 993 1433 1059 apte
1460 987 1585 1056 subj
1597 985 1853 1056 ungitur.

912 1078 1145 1135 CAPUT
1186 1077 1376 1132 XXXI.

363 1181 502 1233 lato.
536 1205 605 1217 —
637 1174 833 1230 Sedens
863 1173 925 1226 in
953 1168 1328 1241 sterquilinio.

359 1268 452 1322 60.
517 1264 854 1321 Tentationis
899 1263 1070 1316 victor
1127 1257 1505 1313 humilitatem
1559 1262 1754 1312 servet.
1819 1258 1996 1314 Elatia

287 1374 464 1430 parva
492 1358 798 1426 agentium,
831 1359 883 1406 et
917 1366 1127 1421 magna
1169 1348 1234 1402 de
1271 1363 1326 1402 se
1381 1348 1758 1403 sentientium.
1823 1350 1997 1403 Elatia

288 1450 628 1516 iniquorum,
662 1443 758 1497 ubi
790 1441 899 1496 alii
930 1442 1150 1510 peccant
1181 1440 1238 1492 in
1263 1437 1462 1507 quibus
1485 1439 1592 1506 ipsi
1619 1452 1730 1490 non
1760 1447 1993 1505 peccent.

291 1567 359 1575 —
387 1536 450 1589 In
483 1533 845 1603 sterquilinio
875 1531 1091 1601 quippe
1128 1529 1348 1592 sedere,
1402 1531 1490 1582 est
1539 1526 1677 1579 vilia
1711 1527 1788 1598 (α)
1820 1530 1887 1580 de
1940 1542 1998 1580 se

293 1624 631 1696 quempiam
664 1632 718 1676 et
749 1622 970 1691 ahjecta
1015 1618 1250 1674 sentire.
1298 1618 1358 1671 In
1409 1617 1778 1687 sterquilinio
1830 1616 1999 1671 nobis

292 1716 519 1778 sedere,
542 1717 626 1768 est
645 1711 720 1766 ad
741 1727 805 1765 ea
828 1727 954 1781 quas
979 1708 1182 1763 illicite
1205 1707 1496 1778 gessimus
1544 1707 1758 1761 mentis
1799 1707 1998 1762 oculos

2110 539 2378 608 voragine
2439 558 2691 597 mersum
2752 553 2980 611 cernat;
3015 555 3069 600 et
3124 549 3259 616 quia
3311 565 3371 603 se
3404 566 3436 602 a
3495 549 3812 619 pollutione

2110 629 2327 683 carnali
2361 631 2618 688 alienum
2654 637 2906 705 respicit,
2947 638 3048 692 98
3101 641 3309 709 quibus
3361 639 3485 709 ipse
3545 640 3814 694 sordibus

2110 717 2387 787 spiritalis
2417 721 2538 777 vitii
2589 723 2939 780 intrinsecus
3000 728 3302 797 polluitur,
3353 746 3466 783 non
3522 728 3809 793 attendit;

2111 807 2366 878 dumque
2397 811 2452 864 in
2489 811 2600 867 alio
2629 823 2830 884 pensat
2855 817 3070 871 malum
3104 818 3258 888 quod
3289 818 3411 888 ipse
3456 835 3569 873 non
3616 817 3812 884 habet,

2109 895 2165 950 in
2190 913 2250 951 se
2279 899 2520 971 negligit
2552 904 2921 960 considerare
2953 909 3105 977 quod
3133 907 3310 963 habet
3345 924 3355 962 :
3395 908 3591 978 sicque
3633 907 3714 973 ﬁt,
3752 911 3815 961 ut

2109 988 2248 1043 dum
2276 991 2343 1044 ad
2369 991 2554 1048 aliena
2577 995 2955 1063 dijudicanda
2979 1014 3142 1054 mens
3176 999 3423 1067 ducitur,
3459 998 3677 1068 proprii
3721 998 3814 1068 ju-

2110 1077 2243 1134 dicii
2278 1081 2498 1140 lumine
2522 1087 2806 1155 privetur;
2832 1093 2887 1143 et
2908 1105 2973 1144 eo
2999 1089 3203 1144 durius
3235 1095 3436 1145 contra
3481 1088 3670 1144 aliena
3705 1105 3813 1143 su-

2109 1171 2351 1241 perbiat,
2385 1189 2498 1243 quo
2531 1192 2632 1230 sua
2658 1177 3042 1248 negligentius
3071 1180 3322 1250 ignorat.

2175 1263 2315 1329 [Vet.
2371 1265 2562 1334 XXIV.]
2620 1268 2708 1320 6i.
2752 1269 3132 1324 Humilitatem
3155 1272 3250 1340 qui
3307 1285 3412 1325 non
3471 1268 3670 1339 perdat
3698 1283 3816 1338 per-

2107 1354 2296 1420 fectus,
2333 1355 2538 1408 intuitu
2571 1357 2740 1426 culpa
2784 1356 3014 1415 alienae.
3064 1360 3304 1414 Tentatio
3352 1358 3633 1414 interdum
3679 1357 3818 1426 loris

2109 1446 2162 1495 et
2188 1444 2337 1497 intus
2361 1445 2565 1514 pulsat.
2602 1477 2667 1487 —
2699 1450 2770 1501 At
2793 1454 2994 1503 contra
3025 1448 3107 1516 hi,
3141 1448 3240 1518 qui
3274 1450 3344 1503 ad
3377 1448 3494 1504 alta
3533 1447 3813 1501 virtutum

2110 1547 2350 1602 surgere
2380 1535 2662 1590 veraciter
2688 1541 2988 1606 appetunt,
3023 1554 3156 1592 cum
3189 1538 3407 1592 alienas
3456 1537 3662 1606 culpas
3710 1553 3815 1590 au-

2110 1619 2302 1685 diunt,
2335 1637 2468 1676 mox
2510 1639 2609 1677 cor
2652 1626 2719 1676 ad
2756 1625 3022 1696 proprias
3068 1627 3395 1691 reducunt;
3430 1629 3486 1679 et
3515 1630 3674 1679 tanto
3725 1640 3818 1678 re-

2108 1710 2774 1782 ctiusillasdijudicant,
2819 1720 3036 1783 quanto
3080 1715 3276 1770 verius
3321 1715 3460 1768 istas
3482 1713 3812 1785 deplorant.

292 1802 624 1877 paenitendo
658 1801 970 1866 reducere;
1004 1803 1070 1853 ut
1113 1813 1244 1852 cum
1280 1802 1412 1851 ante
1463 1812 1570 1850 nos
1630 1803 1993 1867 peccatorum
2029 1812 2076 1877 Β
2107 1797 2454 1868 Quiaigitur
2476 1801 2692 1856 electus
2717 1803 2967 1873 quisque
2989 1803 3047 1857 in
3081 1803 3443 1857 infirmitatis
3477 1818 3594 1857 sua:
3626 1803 3817 1858 consi-

292 1900 552 1950 stercora
581 1891 901 1957 cernimus,
935 1903 1108 1945 omne
1139 1888 1294 1958 quod
1326 1886 1385 1941 in
1419 1886 1614 1942 animo
1646 1889 1715 1943 de
1747 1887 1998 1943 elatione

293 1984 476 2051 surgit
507 1981 881 2038 inclinemus.
917 1981 979 2034 In
1013 1977 1382 2048 sterquilinio
1416 1979 1598 2046 sedet,
1632 1980 1732 2050 qui
1755 1978 1997 2033 inﬁrmi-

292 2077 469 2128 tatem
502 2087 673 2127 suam
703 2070 989 2126 sollicitus
1021 2067 1274 2138 respicit,
1310 2075 1363 2122 et
1392 2084 1518 2122 sese
1548 2067 1618 2122 de
1646 2068 1840 2135 bonis,
1873 2084 1998 2139 quae

296 2179 396 2234 per
418 2162 666 2234 gratiam
693 2158 1032 2230 perceperit,
1067 2174 1182 2212 non
1214 2157 1456 2213 extollit.
1490 2160 1576 2211 An
1609 2174 1723 2212 non
1757 2160 1909 2227 apud
1934 2174 1996 2213 se

293 2251 353 2306 in
384 2247 756 2320 sterquilinio
786 2246 1070 2303 Abraham
1094 2245 1340 2310 sederat,
1369 2245 1465 2313 qui
1485 2245 1714 2300 dicebat
1743 2263 1756 2300 :
1784 2247 2000 2317 Loquar

298 2346 368 2394 ad
415 2341 705 2394 Dominum
749 2354 951 2404 meum,
998 2352 1123 2390 cum
1167 2335 1272 2390 sim
1318 2335 1498 2405 pulvis
1532 2342 1585 2389 et
1613 2336 1754 2389 cinis
1785 2336 1996 2404 (Cenes.

296 2446 455 2494 xvm,
486 2429 624 2500 27)?
658 2433 871 2499 Aperte
902 2427 1054 2482 enim
1081 2425 1394 2492 cernimus,
1431 2425 1488 2479 in
1521 2441 1636 2495 quo
1668 2440 1729 2480 se
1751 2427 1903 2494 apud
1938 2442 2000 2480 se

296 2520 422 2575 loco
443 2529 729 2581 posuerat,
763 2518 864 2588 qui
917 2516 1210 2586 pulverem
1273 2532 1334 2570 se
1393 2530 1460 2568 ac
1517 2515 1790 2580 cinerem,
1827 2514 1999 2569 etiam

293 2610 438 2663 dum
473 2625 605 2663 cum
639 2610 751 2663 Deo
781 2607 1134 2677 loqueretur,
1169 2604 1515 2658 testimabat.
1550 2604 1606 2657 Si
1640 2603 1916 2672 igiturita
1938 2619 1999 2659 se

295 2697 571 2767 despicit,
605 2699 698 2769 qui
733 2713 919 2767 usque
949 2696 1018 2749 ad
1051 2694 1328 2748 honorem
1362 2693 1567 2747 divinae
1592 2691 1997 2748 collocationis

295 2785 586 2847 ascendit,
608 2785 852 2839 sollicita
883 2784 1204 2839 intentione
1229 2782 1592 2852 pensandum
1621 2789 1672 2834 et
1697 2797 1812 2851 qua
1834 2798 2001 2851 poena

293 2876 380 2931 illi
415 2875 658 2931 feriendi
690 2881 829 2930 sunt
860 2875 958 2945 qui
987 2878 1044 2928 et
1075 2877 1140 2927 ad
1175 2889 1410 2928 summa
1446 2889 1557 2926 non
1592 2871 2001 2942 proficiunt,et

294 2972 489 3020 tamen
514 2967 587 3020 de
620 2965 884 3019 minimis
915 2963 1288 3019 extolluntur.
1328 2967 1472 3017 Nam
1524 2966 1662 3016 sunt
1711 2963 1996 3031 nonnulli,

296 3057 552 3126 quicum
578 3071 754 3126 parva
774 3059 971 3124 agunt,
1014 3055 1085 3108 de
1109 3053 1443 3122 semetipsis
1470 3068 1684 3123 magna
1706 3052 1996 3107 sentiunt:

2112 1888 2406 1942 deratione
2439 1906 2500 1944 se
2526 1892 2880 1962 comprimit,
2915 1893 3142 1947 dicatur
3173 1897 3346 1956 recte,
3381 1893 3535 1962 quod
3568 1892 3656 1946 vir
3684 1908 3790 1948 an

2111 1981 2234 2032 etas
2268 1978 2323 2031 in
2358 1979 2723 2049 sterquilinio
2756 1980 2958 2037 dolens
3003 1983 3180 2037 sedet.
3216 1981 3323 2047 Qui
3365 1980 3522 2036 enim
3569 1996 3701 2036 vero
3753 1994 3812 2035 se

2109 2066 2407 2135 humiliat,
2439 2070 2516 2140 (ὁ)
2549 2071 2836 2126 continue
2868 2071 3354 2128 considerationis
3378 2071 3568 2140 oculo,
3593 2071 3665 2143 (ο)
3689 2071 3820 2142 qui-

2110 2155 2219 2211 bus
2251 2157 2677 2230 circumseptus
2703 2161 2779 2216 sit
2810 2161 3151 2216 delictorum
3184 2160 3455 2216 sordibus
3507 2161 3816 2231 proﬁciens

2109 2253 2336 2315 pensat.
2371 2247 2682 2303 Sciendum
2716 2266 2847 2304 vero
2879 2255 2964 2304 est
2996 2251 3130 2320 quia
3183 2249 3526 2319 plerumque
3567 2249 3626 2302 in
3678 2263 3815 2317 pro-

2109 2337 2297 2406 speris
2329 2336 2664 2407 importuna
2684 2339 3006 2393 tentatione
3024 2355 3185 2393 mens
3199 2337 3478 2409 tangitur;
3501 2336 3603 2391 sed
3619 2341 3814 2390 tamen

2111 2425 2424 2496 aliquando
2455 2432 2513 2480 et
2544 2429 2783 2483 adversa
2814 2429 3061 2484 exterius
3093 2429 3368 2499 patimur,
3400 2431 3456 2482 et
3486 2426 3645 2480 intus
3678 2429 3808 2479 teu-

2110 2516 2350 2570 tationis
2369 2516 2619 2585 impulsu
2645 2517 2982 2588 fatigamur;
3011 2523 3072 2572 ut
3091 2522 3396 2573 etcarnem
3423 2514 3651 2587 ﬂagella
3677 2530 3813 2570 eru—

2109 2603 2280 2669 cient,
2302 2612 2352 2658 et
2373 2608 2565 2660 tamen
2590 2606 2658 2659 ad
2682 2611 2934 2660 mentem
2957 2607 3208 2660 carnalis
3234 2604 3529 2677 suggestio
3549 2604 3811 2659 inundet.

2111 2691 2272 2748 Unde
2294 2698 2352 2747 et
2372 2693 2519 2748 bene
2539 2703 2663 2764 post
2703 2700 2788 2750 tot
2822 2695 2974 2750 beati
3005 2695 3114 2751 Joh
3152 2694 3413 2760 vulnera,
3439 2693 3632 2748 adhuc
3671 2693 3814 2748 sub-

2101 2781 2310 2850 juncta
2322 2783 2646 2837 suntetiam
2665 2787 2812 2838 male
2826 2785 3128 2838 suadentis
3144 2783 3340 2839 uxoris
3357 2783 3684 2852 verba,qum
3696 2780 3779 2836 ait
3795 2795 3810 2835 :

2704 2875 2936 2930 CAPUT
2976 2875 3214 2930 XXXII.

2180 2965 2353 3021 Vens.
2385 2965 2438 3018 9.
2472 2997 2540 3006 —
2576 2967 2770 3022 Adhuc
2819 2983 3109 3036 permanes
3164 2968 3224 3022 in
3260 2966 3620 3037 simplicitate
3677 2965 3818 3021 tua?

2115 3057 2344 3111 Benedic
2375 3058 2477 3112 Deo
2507 3064 2559 3112 et
2586 3074 2818 3112 morere.

297 3146 355 3200 in
387 3145 572 3200 altum
624 3153 877 3200 mentem
929 3144 1256 3210 sublevant,
1304 3147 1361 3198 et
1401 3143 1599 3212 praeire
1648 3159 1710 3198 se
1763 3149 2000 3198 ceteros
2032 3147 2074 3215 C
2181 3147 2271 3200 62.
2336 3147 2480 3202 Uxor
2506 3148 2600 3202 Job
2635 3149 2778 3202 male
2825 3148 3081 3215 suadens,
3112 3155 3190 3204 est
3221 3147 3473 3204 carnalis
3526 3146 3814 3214 cogitatio.

295 3236 576 3291 virtutum
608 3235 832 3291 meritis
866 3241 1092 3306 putant.
1130 3234 1195 3288 Hi
1230 3234 1507 3288 nimirum
1538 3235 1687 3304 apud
1707 3250 1768 3288 se
1790 3233 2000 3288 intror-

296 3342 397 3380 sus
445 3325 799 3380 humilitatis
844 3324 1278 3396 sterquilinium
1311 3325 1610 3390 deserunt,
1645 3333 1693 3380 et
1730 3324 2002 3379 elationis

298 3416 534 3487 fastigia
583 3417 947 3482 ascendunt;
1008 3414 1176 3469 illum
1235 3415 1496 3470 videlicet
1549 3415 1867 3472 imitantes.
1903 3415 2004 3484 qui

299 3505 532 3576 primus
562 3521 621 3560 se
651 3506 804 3577 apud
840 3521 901 3560 se
931 3504 1156 3571 extulit,
1191 3505 1290 3560 sed
1331 3506 1606 3559 elevando
1657 3506 2000 3574 prostravit;

301 3594 469 3648 illum
522 3594 835 3662 imitantes,
865 3595 964 3666 qui
1010 3599 1248 3665 accepta
1306 3593 1656 3648 conditionis
1717 3595 2004 3663 dignitate

299 3691 604 3739 contentus
666 3700 782 3739 non
837 3684 964 3749 fuit,
1015 3685 1213 3739 dicens
1249 3700 1263 3738 :
1296 3685 1355 3738 ln
1384 3683 1580 3738 castum
1623 3682 1998 3747 conscendam,

297 3789 462 3845 super
517 3783 669 3829 astra
724 3773 850 3829 caeli
906 3774 1160 3829 exaltabit
1217 3774 1420 3828 solium
1477 3789 1658 3828 meum
1697 3773 1852 3842 (lsai.
1887 3788 2002 3837 xxv,

301 3862 408 3932 13).
473 3865 634 3919 Unde
709 3871 762 3918 et
819 3863 870 3918 ei
930 3865 1078 3918 male
1153 3863 1469 3932 coniuncta
1544 3861 1879 3933 Babylonia,
1944 3861 2001 3915 id

301 3958 406 4016 est,
456 3955 701 4009 contusa
757 3953 1070 4008 multitudo
1131 3953 1524 4025 peccantium,
1567 3951 1707 4006 dicit
1767 3968 1778 4006 :
1841 3951 2003 4008 Sedeo

297 4045 516 4113 regina,
572 4047 621 4098 et
669 4043 834 4099 vidua
905 4060 1018 4099 non
1102 4060 1228 4098 sum
1310 4044 1459 4112 (lsai.
1531 4058 1702 4106 XLVII,
1757 4044 1810 4109 8,
1897 4058 2001 4097 sec.

299 4133 475 4202 LXX.)
506 4133 781 4204 Quisquis
837 4149 972 4205 ergo
1031 4134 1323 4189 introrsus
1378 4131 1740 4197 intumescit,
1801 4131 1861 4186 in
1922 4131 2005 4187 al-

297 4226 426 4276 tum
448 4238 510 4276 se
528 4223 682 4292 apud
707 4223 1087 4286 semetipsum
1126 4223 1336 4291 posuit.
1371 4223 1480 4277 Sed
1507 4238 1573 4278 eo
1605 4239 1666 4276 se
1689 4221 1923 4292 gravius
1944 4219 2004 4275 in

302 4311 525 4367 inﬁmis
553 4314 848 4384 deprimit,
881 4329 997 4384 quo
1027 4313 1098 4368 de
1124 4329 1185 4368 se
1211 4313 1415 4368 inﬁma
1463 4314 1742 4367 veraciter
1790 4310 2006 4366 sentire

303 4402 644 4458 contemnit.
678 4403 827 4458 Sunt
848 4419 979 4458 vero
1010 4403 1275 4459 nonnulli
1311 4403 1410 4474 qui
1444 4403 1583 4457 nihil
1619 4403 1854 4473 quidem
1889 4402 2004 4455 vir-

2111 3267 2178 3276 -—
2211 3235 2360 3291 Uxor
2389 3238 2606 3308 quippe
2647 3238 2793 3292 male
2850 3237 3104 3292 suadens
3161 3243 3250 3292 est
3306 3235 3553 3292 carnalis
3593 3235 3814 3306 cogita-

2111 3325 2192 3380 tio
2214 3332 2468 3381 mentem
2498 3327 2813 3383 lacessens.
2848 3327 3010 3397 Sazpe
3049 3327 3288 3391 etenim,
3322 3331 3385 3380 ut
3433 3325 3652 3380 dictum
3705 3330 3813 3389 est,

2112 3420 2169 3470 et
2201 3416 2341 3471 foris
2373 3416 2621 3487 ﬂagellis
2663 3417 2989 3482 atterimur,
3023 3422 3078 3474 et
3127 3417 3288 3472 intus
3340 3414 3558 3472 carnali
3609 3429 3819 3484 sugge-

2113 3504 2298 3561 stione
2331 3506 2659 3577 fatigamur.
2696 3507 2840 3562 Hinc
2872 3512 2960 3562 est
2990 3508 3145 3561 enim
3187 3505 3344 3576 quod
3387 3504 3668 3560 Jeremias
3712 3503 3819 3556 de-

2114 3594 2322 3664 plorat,
2358 3596 2557 3650 dicens
2591 3612 2603 3649 :
2637 3598 2791 3650 Foris
2824 3598 3088 3665 interﬁcit
3119 3596 3365 3664 gladius,
3396 3603 3446 3649 et
3473 3595 3625 3648 domi
3667 3607 3815 3646 mors

2111 3685 2314 3740 similis
2339 3693 2415 3739 est
2445 3685 2660 3756 (Thren.
2697 3703 2735 3748 ι,
2770 3686 2882 3756 20).
2923 3686 3079 3741 Foris
3101 3686 3254 3740 enim
3298 3683 3528 3756 gladius
3586 3680 3818 3736 interti-

2113 3775 2212 3837 cit,
2238 3790 2370 3828 eum
2423 3791 2528 3829 nos
2577 3774 2824 3828 exterius
2866 3773 3074 3829 feriens
3124 3773 3378 3829 vindicta
3408 3769 3666 3842 contigit.
3702 3768 3812 3825 Sed

2114 3863 2271 3916 domi
2291 3879 2448 3916 mors
2472 3863 2680 3918 similis
2702 3868 2810 3928 est,
2835 3863 2973 3932 quia
3002 3868 3058 3918 et
3088 3860 3320 3932 ﬂagella
3359 3861 3592 3930 quidem
3642 3858 3816 3913 susti-

2115 3957 2232 4019 net,
2275 3957 2332 4007 et
2383 3956 2578 4007 tamen
2629 3952 2787 4006 intus
2837 3951 3192 4006 conscientia
3223 3969 3252 4005 a
3285 3947 3624 4004 tentationis
3683 3960 3819 3999 sor-

2114 4040 2287 4097 dibus
2307 4043 2527 4096 munda
2558 4059 2673 4096 non
2705 4045 2813 4096 est.
2839 4040 2985 4096 Hine
3008 4040 3186 4095 David
3213 4039 3293 4093 ait
3327 4054 3338 4090 :
3373 4039 3818 4104 Fianttanquam

2111 4132 2293 4202 pulvis
2343 4141 2466 4187 ante
2513 4133 2710 4201 faciem
2763 4134 2925 4199 venti,
2950 4141 3000 4187 et
3031 4131 3259 4201 angelus
3306 4126 3522 4184 Domini
3559 4127 3817 4198 afﬂigens

2114 4237 2198 4278 eos
2247 4223 2413 4291 (Psal.
2467 4239 2654 4291 xxxiv,
2682 4224 2760 4294 5).
2794 4222 2900 4285 Qui
2961 4221 3116 4277 enim
3161 4221 3218 4274 in
3279 4219 3452 4276 corde
3505 4233 3612 4272 suo
3672 4231 3814 4271 aura

2112 4310 2454 4364 tentationis
2489 4312 2729 4380 rapitur,
2777 4310 2940 4380 quasi
2989 4313 3122 4364 ante
3175 4306 3327 4361 venti
3377 4303 3582 4359 faciem
3626 4301 3816 4373 pulvis

2115 4398 2389 4454 elevatur.
2426 4399 2490 4453 Et
2521 4415 2654 4453 cum
2687 4399 2835 4452 inter
2869 4398 2988 4453 haec
3032 4397 3226 4451 divina
3276 4393 3560 4450 districtio
3611 4407 3821 4463 percu-

305 4491 456 4545 tutis
488 4507 654 4562 agere
688 4493 944 4561 student,
977 4494 1075 4547 sed
1119 4498 1316 4548 tamen
1375 4509 1507 4547 cum
1569 4491 1712 4546 alios
1771 4506 2008 4559 peccare
2039 4488 2085 4551 D
2118 4492 2207 4557 tit,
2237 4488 2376 4558 quid
2412 4487 2569 4542 aliud
2600 4504 2775 4558 quam
2809 4486 3052 4558 angelus
3085 4485 3315 4542 Domini
3350 4482 3607 4554 afﬂigit?

303 4581 694 4651 conspiciunt,
725 4584 909 4651 iustos
940 4599 1002 4637 se
1033 4582 1089 4637 in
1123 4598 1321 4638 eorum
1356 4581 1785 4651 comparatione
1815 4580 2006 4648 suspi-

303 4677 533 4726 cantur.
567 4671 762 4742 Neque
793 4672 948 4726 enim
978 4673 1152 4726 corda
1181 4673 1444 4727 omnium
1491 4687 1608 4725 una
1654 4670 1741 4724 vel
1797 4667 2008 4724 similis

303 4761 476 4830 culpa
500 4762 806 4833 transﬁgit.
833 4767 1000 4816 Hunc
1025 4779 1274 4833 namque
1292 4761 1569 4833 superbia
1609 4760 1901 4830 illaqueat,
1939 4758 2007 4812 i1-

301 4847 427 4904 lum
449 4851 694 4906 forsitan
722 4853 807 4907 ira
833 4853 1188 4922 BUpplantat,
1218 4855 1368 4907 hunc
1388 4857 1578 4907 autem
1605 4852 1850 4907 avaritia
1874 4866 2007 4904 cru-

302 4939 441 5006 ciat,
476 4940 644 4995 illum
695 4957 830 4996 vero
878 4942 1106 4997 luxuria
1162 4942 1509 4997 inﬂammat.
1543 4943 1610 4996 Et
1669 4941 2009 5011 plerumque

304 5031 594 5094 contingit
624 5037 689 5085 ut
720 5034 769 5085 is
789 5048 961 5103 quem
986 5031 1260 5102 superbia
1283 5032 1575 5102 deprimit,
1610 5030 1790 5085 alium
1825 5028 2008 5098 respi-

305 5120 416 5176 ciat
451 5119 700 5190 qualiter
730 5121 813 5176 ira
845 5123 1194 5189 succendat;
1228 5127 1282 5176 et
1314 5121 1452 5190 quia
1483 5135 1543 5177 se
1575 5119 1658 5174 ira
1689 5136 1804 5174 non
1839 5116 2008 5173 citius

305 5207 572 5279 instigat,
601 5209 904 5265 meliorem
929 5211 1346 5280 iracundojam
1371 5213 1621 5281 reputat,
1644 5215 1819 5281 atque
1853 5207 2007 5279 apud

305 5299 695 5369 semetipsum
720 5300 888 5370 quasi
913 5301 1236 5370 dejustitia
1259 5298 1576 5363 extollitur,
1601 5301 1738 5369 quia
1768 5313 2010 5369 pensare

309 5385 549 5458 negligit
573 5387 772 5442 vitium
796 5405 907 5458 quo
939 5394 1167 5460 gravius
1215 5393 1461 5443 tenetur.
1495 5388 1842 5457 Plerumque
1875 5402 2009 5441 con-

382 5594 455 5663 (a)
481 5593 686 5668 Coc._et
715 5594 811 5649 alii
836 5595 1127 5667 deinceps,
1162 5597 1294 5651 vilia
1324 5597 1626 5668 quapiam,
1662 5596 1854 5654 invitis
1875 5599 2008 5652 Mss.

306 5669 366 5720 et
391 5671 578 5736 anttq.
609 5665 759 5722 Edit.

383 5735 458 5808 (b)
487 5735 764 5795 Nonnulli
799 5743 962 5802 Mss,
989 5741 1267 5798 continua?
1295 5741 1815 5812 circumspectionis.

2188 4581 2276 4636 63.
2316 4579 2692 4634 Tentationem
2741 4579 2910 4633 aliter
2966 4579 3139 4644 electi,
3173 4577 3338 4633 aliter
3394 4574 3615 4646 reprobi
3662 4574 3817 4628 exci-

2116 4670 2297 4741 piunt.
2325 4699 2391 4708 —
2412 4669 2518 4723 Sed
2544 4667 2664 4722 hec
2686 4668 2851 4724 aliter
2879 4676 3130 4740 aguntur
3161 4683 3193 4720 a
3236 4664 3514 4736 reprobis,
3549 4661 3715 4718 aliter
3746 4662 3817 4715 ab

2117 4758 2334 4815 electis.
2369 4758 2603 4813 Illorum
2637 4775 2888 4829 namque
2919 4760 3091 4814 corda
3124 4757 3205 4811 ita
3235 4758 3550 4820 tentantur,
3585 4757 3650 4806 ut
3681 4765 3820 4806 con-

2117 4848 2390 4904 sentiant.
2424 4848 2499 4918 (d)
2536 4850 2787 4902 Istorum
2816 4864 2969 4915 vero,
2994 4845 3344 4901 tentationes
3367 4842 3605 4912 quidem
3632 4835 3815 4891 susci-

2119 4941 2304 5008 piunt,
2355 4937 2456 4993 sed
2502 4943 2850 5009 repugnant.
2902 4937 3138 4991 Illorum
3184 4949 3345 4988 mens
3397 4925 3818 4983 delectabiliter

2120 5029 2378 5098 capitur;
2411 5037 2462 5084 el
2494 5027 2539 5083 si
2566 5030 2637 5084 ad
2671 5034 2906 5099 tempus
2937 5025 3089 5097 quod
3122 5023 3271 5078 male
3321 5017 3652 5089 suggeritur
3700 5014 3819 5068 dis-

2120 5118 2309 5192 plicet,
2346 5120 2445 5174 sed
2479 5119 2846 5189 postmodum
2880 5132 2978 5186 per
3026 5111 3498 5168 deliberationem
3525 5106 3686 5162 libet.
3721 5103 3820 5159 Isti

2119 5226 2250 5265 vero
2274 5209 2357 5265 sic
2383 5208 2766 5264 tentationum
2787 5205 2980 5276 jacula
3018 5201 3336 5271 excipiunt,
3360 5202 3423 5252 ut
3466 5211 3694 5267 semper
3725 5208 3821 5248 re-

2120 5299 2375 5354 sistendo
2419 5299 2767 5368 fatigentur;
2812 5299 2868 5348 et
2917 5295 2965 5348 si
3009 5291 3242 5363 qnando
3283 5304 3470 5359 usque
3518 5286 3590 5341 ad
3637 5283 3820 5339 delec-

2120 5391 2400 5444 tationem
2449 5391 2670 5440 tentata
2717 5400 2883 5438 mens
2933 5383 3174 5453 rapitur,
3206 5380 3336 5450 ipsa
3392 5385 3587 5432 tamen
3647 5375 3821 5431 citius

2191 5595 2262 5662 (ε)
2296 5593 2526 5644 Primus
2563 5591 2743 5644 Rhem
2779 5630 2791 5648 ,
2823 5587 3018 5662 quibus
3048 5583 3491 5662 circumscriptus
3521 5580 3614 5662 sit.

2196 5653 2270 5733 (α’)
2303 5664 2588 5720 Gussanv.
2614 5653 3076 5733 observat‘aliam
3099 5673 3221 5714 esse
3240 5655 3394 5724 lect.,
3417 5671 3496 5711 sc.
3514 5653 3822 5722 justorum.

2123 5731 2424 5809 Reperilur
2454 5736 2512 5792 in
2547 5734 2820 5808 quibusd.
2855 5731 2992 5789 Mss.
