4134 6174
259 265 374 328 633

1193 256 1609 322 MORALIUM
1652 255 1796 319 LIB.
1844 253 1944 318 IV.
1993 288 2067 299 —
2113 249 2190 319 IN
2233 253 2406 316 CAP.
2454 253 2533 316 III
2581 253 2648 315 Β.
2695 247 2854 316 JOB.

3663 245 3782 312 634

251 409 482 465 sionem
508 402 758 478 justitiai
784 403 842 459 in
876 416 1074 459 vocem
1113 400 1308 457 liberae
1340 397 1703 456 auctoritatis
1748 397 1965 453 immu-
1999 395 2046 462 Α
2078 393 2458 465 cogitationes
2497 391 2819 463 subigendo
2850 390 2908 446 in
2975 390 3216 446 virtutes
3259 388 3554 453 vertimus,
3588 389 3779 478 tenta:

253 502 403 555 tant.
438 493 768 552 Nonnullos
799 492 1076 548 fortitudo
1116 490 1308 546 carnis
1333 489 1658 555 illecebrat;
1693 488 1790 544 sed
1824 488 1965 541 dum

247 585 594 644 exercendis
619 583 728 656 piis
769 581 1046 655 operibus
1075 597 1286 652 corpus
1336 580 1619 645 subdunt,
1673 579 1827 633 unde
1859 575 1971 631 ini-

253 677 499 749 quitatis
521 673 831 730 stimulum
855 671 1008 742 passi
1031 679 1188 739 sunt,
1214 670 1348 726 inde
1383 669 1616 739 pietatis
1639 667 1800 722 lucra
1824 681 1973 721 mer-

254 772 486 824 cantur.
519 764 684 820 Unde
714 767 770 818 et
799 763 948 819 bene
985 761 1168 817 isdem
1211 761 1410 815 beatus
1456 757 1566 814 Job
1615 760 1743 828 post
1790 754 1974 810 multa

254 855 586 917 certamina
614 853 867 912 hostiam
903 869 1004 925 pro
1051 852 1255 909 amicis
1299 847 1585 905 immolat.
1635 848 1786 912 Quos
1815 846 1972 902 enim

257 963 362 1019 per
393 945 830 1004 contentionem
861 943 956 999 diu
990 944 1184 999 hostes
1217 939 1466 1012 pertulit,
1498 939 1852 1010 quandoque
1875 953 1972 1008 per

258 1035 618 1095 sacriﬁcium
647 1033 801 1092 cives
824 1033 1054 1102 reddit;
1087 1031 1227 1103 quia
1257 1032 1398 1088 dum
1438 1030 1678 1086 vitiosas
1709 1045 1972 1101 quasque

2082 486 2298 541 tionum
2331 487 2570 540 adversa
2603 483 2798 540 studia
2822 499 2922 554 per
2941 480 3285 536 intentionis
3307 478 3585 546 hostiam,
3611 474 3779 548 quasi

2083 576 2154 631 ad
2187 574 2373 631 amica
2400 574 2574 630 corda
2607 575 3032 643 permutamus.
3069 574 3198 625 Haec
3241 585 3344 624 nos
3368 567 3425 622 in
3462 565 3650 621 tribus
3678 580 3779 620 vo-

2081 667 2409 722 luminibus
2429 663 2732 732 tripliciter
2747 661 3091 716 disseruisse
3109 659 3378 716 sufﬁciat.
3401 660 3465 713 In
3485 657 3612 728 ipso
3628 669 3784 708 nam-

2083 773 2192 827 que
2221 760 2410 825 operis
2441 754 2620 824 hujus
2643 751 2878 808 exordio
2910 750 3066 805 velut
3111 750 3171 804 in
3206 747 3418 804 molem
3471 745 3775 802 nascituras

2081 848 2326 908 arboris,
2361 845 2569 916 linguai
2603 844 2858 898 radicem
2901 840 3159 900 ﬁximns,
3194 845 3253 894 ut
3282 834 3659 907 expositionis
3692 848 3784 888 ra-

2082 955 2209 994 mos
2242 937 2638 1009 postmodum,
2679 937 2851 1004 prout
2899 929 3130 1002 singula
3159 931 3434 1000 expetunt
3463 926 3609 993 loca,
3646 939 3787 996 pro-

2082 1033 2388 1089 ducamus.

269 1163 3780 1204 ________________________________._______———-—

1547 1306 1865 1391 LIBER
1943 1302 2505 1416 QUARTUS-

255 1458 332 1520 In
405 1480 522 1541 quo
596 1459 920 1541 Gregorius
982 1461 1194 1541 paucis
1259 1459 1590 1541 praefatus
1618 1458 1975 1541 Scriptura?
2033 1456 2295 1541 litteram
2349 1474 2560 1541 _secum
2637 1450 2978 1541 aliquando
3029 1464 3322 1541 pugnare,
3363 1451 3442 1541 ἐι.
3483 1441 3778 1541 imprecd:

263 1608 269 1614 ,
335 1524 524 1601 (tones
579 1524 909 1620 Jobvsicut
957 1524 1357 1602 jeremiae'ac
1390 1524 1403 1539 ’
1434 1537 1653 1609 David,
1709 1524 2023 1620 secundum
2078 1537 2145 1597 id
2195 1535 2364 1620 quod
2411 1544 2652 1620 sonant,
2717 1524 2848 1620 sine
2914 1524 3289 1620 absurditate
3357 1524 3783 1620 intelligi'n‘o‘n

333 1641 520 1702 posse,
581 1618 764 1682 verba
809 1620 922 1682 Job
977 1621 1053 1682 ab
1112 1621 1284 1681 initio
1336 1621 1557 1701 capitis
1617 1598 1812 1692 tertii,
1891 1618 1971 1680 ad
2016 1598 2243 1679 versum
2300 1598 2650 1697 vigesimum
2709 1613 3011 1684 historice,
3057 1609 3302 1689 mystice
3357 1623 3427 1665 ac
3469 1598 3783 1661 moraliter

345 1707 614 1782 exponit.

835 1878 1068 1936 CAPUT
1098 1879 1409 1936 PRIMUM.

911 1971 988 2042 (α)
1021 1987 1333 2028 ΡΒΑΕΡΑΤῙΟ.

335 2058 488 2114 ιθι
531 2058 832 2131 Scripturae
880 2059 1071 2116 littera
1121 2060 1425 2130 aliquando
1473 2060 1586 2115 sibi
1626 2059 1971 2116 contradicit.

264 2149 572 2220 Scriptura?
601 2165 788 2205 sensus
817 2149 882 2204 ab
932 2148 1232 2204 humilibus
1279 2149 1600 2205 assiduitate
1639 2149 1852 2221 legendi
1877 2166 1975 2220 pe-

261 2245 540 2295 netratur.
566 2271 635 2281 —
667 2240 770 2306 Qui
808 2225 1026 2296 textum
1067 2241 1417 2307 considerat,
1439 2247 1495 2297 et
1525 2257 1765 2297 sensum
1798 2257 1974 2296 sacras

261 2330 582 2386 locutionis
629 2330 881 2401 ignorat,
931 2348 1046 2386 non
1092 2336 1209 2386 tam
1262 2347 1323 2387 se
1366 2330 1690 2388 eruditione
1718 2331 1972 2398 instruit,

262 2437 441 2494 quam
478 2420 866 2492 ambiguitate
894 2421 1218 2490 confundit,
1251 2423 1386 2493 quia
1417 2436 1836 2492 nonnunquam
1862 2411 1974 2475 sibi

259 2511 469 2566 litterae
502 2512 675 2567 verba
705 2511 1144 2578 contradicunt;
1177 2511 1281 2567 sed
1307 2513 1445 2566 dum
1469 2530 1498 2566 a
1517 2510 1852 2582 semetipsis
1877 2526 1977 2581 per

257 2601 730 2656 contrarietatem
764 2601 841 2672 (b)
866 2601 1175 2671 dissident,
1225 2601 1496 2658 lectorem
1544 2603 1615 2656 ad
1649 2601 1974 2671 intelligen-

262 2691 408 2746 tiam
445 2689 698 2747 veritatis
734 2694 994 2748 mittunt.
1030 2691 1174 2757 Quid
1210 2693 1364 2749 enim
1398 2698 1488 2746 est
1513 2693 1662 2763 quod
1697 2692 1973 2748 Salomon

265 2783 383 2839 ait:
420 2783 495 2854 (c)
527 2783 713 2838 Melius
741 2792 820 2839 est
848 2784 1124 2840 comedere
1141 2789 1191 2839 et
1219 2784 1401 2840 bibere
1419 2783 1617 2855 (Eccle.
1650 2800 1712 2848 ιι,
1755 2784 1848 2855 24)
1875 2801 1888 2851 ;
1923 2791 1977 2839 et

269 2889 383 2928 non
444 2872 618 2944 longe
675 2879 808 2946 post
861 2874 1128 2945 subjicit:
1163 2873 1354 2930 Melius
1403 2878 1480 2930 est
1517 2875 1603 2928 ire
1634 2873 1702 2929 ad
1759 2875 1978 2930 domum

272 2961 475 3030 luctus,
525 2980 692 3033 quam
738 2963 808 3018 ad
856 2963 1074 3020 domum
1096 2963 1340 3020 convivii
1370 2964 1564 3036 (Eccle.
1595 2980 1697 3033 vu,
1730 2964 1833 3036 3)?
1866 2964 1980 3019 Cur

271 3053 492 3109 luctum
526 3052 784 3108 convivio
817 3053 1089 3124 praetulit,
1132 3054 1232 3126 qui
1265 3055 1425 3126 prius
1464 3071 1627 3110 esum
1663 3065 1980 3126 potumque

269 3141 586 3199 laudavit?
615 3143 674 3199 Si
705 3143 860 3199 enim
895 3161 995 3215 per
1015 3143 1354 3200 electionem
1407 3148 1623 3200 bonum
1672 3152 1759 3200 est
1789 3160 1981 3200 come-

1999 1884 2046 1948 B
2078 1883 2306 1935 sonant.
2338 1879 2525 1934 Tanto
2555 1881 2746 1934 autem
2771 1875 3022 1947 quisque
3052 1869 3270 1927 notitiai
3297 1865 3457 1922 illius
3482 1866 3790 1918 extraneus

2087 1968 2370 2037 redditur,
2403 1979 2620 2041 quanto
2651 1968 2709 2023 in
2735 1965 2856 2022 sola
2883 1966 3008 2034 ejus
3040 1959 3346 2034 superﬁcie
3395 1956 3632 2027 ligatur.

2762 2053 2991 2110 CAPUT
3027 2053 3095 2107 ll.

2154 2145 2578 2219 lmprecationes
2606 2142 2704 2199 Job
2749 2139 2996 2209 intelligi
3025 2137 3094 2192 ad
3142 2137 3385 2192 litteram
3425 2134 3560 2219 sine
3589 2129 3791 2219 absitng

2083 2215 2253 2291 ditate
2282 2237 2576 2308 nequeunt.
2629 2263 2697 2273 —
2727 2233 2865 2285 Ecce
2895 2227 3049 2283 enim
3093 2225 3250 2296 quod
3282 2224 3488 2277 beatus
3534 2217 3642 2308 Job
3673 2215 3789 2308 diei

2083 2343 2192 2382 suo
2241 2302 2609 2381 maledixisse
2659 2320 3012 2378 describitur
3065 2316 3300 2371 dicens:
3359 2312 3556 2366 Pereat
3585 2306 3698 2360 dies
3729 2302 3790 2357 in

2085 2436 2192 2491 qua
2220 2421 2389 2472 natus
2419 2433 2562 2482 sum,
2594 2421 2648 2471 et
2677 2431 2788 2470 non:
2818 2417 2876 2470 in
2894 2431 3002 2487 qua
3026 2413 3234 2466 dictum
3257 2409 3333 2461 est
3356 2421 3374 2456 :
3400 2400 3792 2491 Conceptus‘e-st

2084 2485 2260 2576 bomo,
2295 2509 2340 2563 si
2371 2506 2672 2576 superﬁcie
2702 2510 2874 2560 tenus
2899 2485 3249 2564 attenditur,
3297 2492 3432 2564 quid
3480 2487 3572 2591 his
3605 2485 3791 2591 verbis

2086 2666 2289 2759 in'quo
2342 2693 2513 2744 natus
2571 2692 2658 2742 est
2713 2697 3077 2755 nequaquam
3128 2683 3271 2734 tunc
3302 2679 3457 2730 stare
3488 2666 3793 2741 potuisse?

2084 2780 2162 2852 (d)
2184 2780 2385 2834 Modus
2424 2779 2641 2849 quippe
2662 2782 2752 2832 est
2774 2771 3078 2845 temporis,
3115 2775 3177 2824 ut
3198 2772 3416 2822 statum
3442 2777 3555 2816 non
3583 2759 3792 2852 habeat

2089 2851 2434 2926 mansionis.
2487 2869 2631 2934 Quia
2669 2867 2826 2923 enim
2861 2881 2958 2935 per
3012 2865 3259 2918 ventura
3307 2855 3491 2911 tendit
3539 2851 3609 2906 ad
3640 2864 3790 2914 esse,

2087 2977 2319 3032 semper
2348 2976 2416 3015 ex
2449 2959 2752 3027 praeteritis
2785 2956 3016 3011 festinat
3045 2967 3162 3006 non
3210 2963 3358 3003 esse.
3409 2945 3525 2998 Cur
3553 2955 3688 3032 ergo
3710 2938 3796 2994 vir

2087 3029 2284 3107 tantus
2309 3047 2674 3105 malediceret
2704 3047 2805 3110 rei,
2840 3059 3015 3116 quam
3049 3051 3419 3111 nequaquam
3470 3029 3795 3086 subsistere

2092 3159 2206 3197 non
2238 3139 2574 3212 ignoraret?
2601 3139 2703 3193 Sed
2739 3138 2982 3191 fortasse
3015 3131 3224 3201 aliquis
3256 3128 3428 3192 dicat,
3458 3121 3609 3192 quod
3641 3136 3709 3175 ex
3729 3133 3796 3173 eo

272 3234 405 3290 dere
457 3239 514 3288 et
565 3233 783 3302 bibere,
835 3234 1031 3306 procul
1081 3235 1257 3290 dubio
1298 3251 1426 3291 esse
1479 3236 1686 3292 melius
1717 3236 1889 3291 debet
1911 3236 1977 3290 ad
2011 3252 2054 3320 ρ
2094 3234 2322 3304 pondus
2352 3231 2583 3320 virtutis
2605 3220 3218 3320 ejusgaspiciturlquia
3247 3215 3797 3320 tribulatione-corn:

273 3323 511 3378 domum
545 3323 761 3392 gaudii,
796 3340 962 3395 quam
996 3324 1064 3378 ad
1099 3325 1336 3379 domum
1382 3325 1620 3380 lamenti
1654 3341 1978 3395 properare.

271 3413 421 3468 Hinc
451 3419 538 3468 est
561 3414 713 3484 quod
741 3415 947 3468 iterum
975 3413 1112 3469 dicit
1138 3431 1150 3470 :
1180 3417 1668 3486 Laelare,juvenis,
1704 3416 1762 3469 in
1791 3415 1984 3470 adole-

267 3501 490 3557 8centia
542 3511 634 3558 tua
686 3502 881 3574 (Eccle.
933 3521 1008 3569 xi,
1063 3503 1139 3576 9).
1214 3505 1282 3559 lat
1330 3506 1500 3575 paulo
1542 3509 1672 3576 post
1701 3504 1981 3573 subjicit:

259 3589 644 3647 Adolescentia
692 3593 848 3648 enim
891 3596 941 3648 et
990 3593 1241 3664 voluptas
1286 3611 1434 3648 vana
1483 3599 1608 3650 sunt
1649 3593 1836 3664 (lbid.,
1871 3593 1980 3665 10).

260 3681 413 3745 Quid
450 3690 532 3736 est
558 3680 664 3735 hoc
689 3682 843 3752 quod
873 3682 955 3735 vel
991 3682 1148 3753 prius
1185 3682 1664 3752 reprehendenda
1698 3684 1981 3755 praecipit,

259 3770 350 3828 vel
386 3779 510 3842 post
542 3777 826 3843 praecepta
858 3773 1248 3842 reprehendit,
1276 3772 1386 3827 nisi
1419 3776 1569 3844 quod
1612 3772 1756 3844 ipsis
1779 3772 1982 3828 litterae

259 3860 454 3916 verbis
483 3859 693 3928 innuit,
728 3864 789 3914 ut
833 3860 929 3931 qui
981 3861 1387 3917 difﬁcultatem
1438 3862 1690 3918 exterius
1745 3863 1981 3931 patitur,

258 3949 528 4006 veritatis
558 3948 1002 4021 intelligentiam
1052 3950 1402 4018 consideret,
1459 3967 1635 4023 quam
1660 3962 1936 4022 sequatur
1956 3950 1984 4006 ?

261 4056 395 4112 quae
434 4037 711 4093 nimirum
736 4039 998 4096 veritatis
1025 4041 1470 4112 intelligentiam
1496 4058 1626 4097 cum
1663 4058 1762 4112 per
1791 4041 1984 4097 cordis

258 4131 337 4186 hu
351 4128 662 4184 militatem
687 4131 984 4201 quaeritur,
1009 4129 1237 4203 legendi
1263 4132 1604 4188 assiduitate
1627 4135 1982 4204 penetratur.

263 4220 433 4276 Sicut
464 4221 620 4274 enim
653 4219 988 4290 ignotorum
1019 4220 1328 4276 hominum
1372 4221 1547 4278 facies
1578 4221 1896 4290 cernimus,
1930 4225 1986 4276 et

261 4310 448 4366 corda
497 4309 811 4377 nescimus,
857 4311 955 4366 sed
989 4309 1037 4367 si
1075 4310 1342 4366 familiari
1379 4311 1463 4367 eis
1512 4312 1803 4368 locutione
1845 4328 1983 4366 con-

258 4398 595 4470 jungimur,
630 4415 740 4454 usu
773 4397 1048 4471 colloquii
1079 4415 1276 4456 eorum
1311 4401 1482 4456 etiam
1505 4401 1879 4470 cogitationes
1901 4402 1987 4456 in-

270 4489 601 4559 dagamus;
654 4487 737 4544 ita
783 4505 917 4544 cum
969 4488 1029 4545 in
1075 4506 1238 4546 sacro
1296 4488 1524 4561 eloquio
1565 4490 1690 4545 sola
1745 4489 1988 4545 historia

2094 3301 2309 3387 motus,
2342 3319 2426 3374 illi
2452 3319 2529 3375 rei
2562 3316 2936 3373 maledictum
2970 3311 3124 3367 102
3169 3309 3382 3378 irrogat
3415 3318 3545 3375 quas
3575 3301 3798 3356 constat

2084 3413 2237 3485 quod
2272 3410 2505 3467 minime
2528 3407 2827 3463 subsistat.
2857 3404 2966 3460 Sed
3005 3404 3110 3458 hoc
3140 3400 3314 3454 citius
3338 3399 3634 3467 perspecta
3653 3390 3797 3444 ratio

2084 3501 2353 3568 destruit,
2377 3499 2512 3570 quia
2544 3499 2590 3552 si
2623 3496 2981 3552 subsistebat
3003 3509 3094 3547 res
3125 3489 3218 3545 cui
3247 3486 3632 3544 malediceret,
3662 3495 3796 3570 per-

2087 3567 2374 3644 niciosum
2394 3567 2771 3642 maledictum
2806 3583 3043 3638 intulit:
3077 3580 3124 3634 si
3158 3582 3350 3632 autem
3375 3590 3491 3629 non
3515 3567 3796 3626 subsiste-

2087 3678 2202 3744 bat,
2237 3678 2513 3732 otiosum.
2549 3673 2824 3745 Quisquis
2857 3688 2990 3727 vero
3031 3670 3158 3740 ejus
3191 3665 3395 3736 spiritu
3447 3661 3651 3732 plenus
3683 3660 3795 3722 est,

2084 3768 2181 3838 qui
2235 3767 2354 3822 ait:
2400 3766 2572 3820 Omne
2615 3765 2840 3819 verbum
2883 3761 3138 3824 otiosum,
3190 3753 3335 3827 quod
3389 3752 3556 3808 locuti
3583 3747 3798 3838 fuerint

2087 3835 2354 3922 bomines,
2379 3857 2644 3910 rationem
2676 3851 2899 3908 reddent
2930 3851 3000 3905 de
3030 3864 3089 3904 eo
3117 3850 3176 3900 in
3225 3845 3313 3899 die
3351 3840 3546 3911 iudicii
3582 3835 3793 3906 (Matth.

2087 3964 2183 4010 χιι,
2216 3947 2330 4017 36),
2364 3946 2445 4000 ita
2472 3947 2661 3999 otiosa
2691 3941 3022 4004 admittere,
3056 3936 3211 3991 sicut
3241 3934 3417 3989 etiam
3471 3925 3799 4017 perniciosa

2088 4011 2376 4092 formidat.
2418 4034 2519 4089 Cui
2543 4033 2733 4088 adhuc
2760 4029 3060 4086 sententias
3098 4024 3440 4095 adiungitur
3478 4034 3492 4074 :
3549 4018 3671 4070 Dies
3704 4011 3801 4066 ille

2086 4132 2340 4184 vertatur
2370 4126 2430 4180 in
2481 4123 2754 4191 tenebras,
2786 4135 2896 4175 non
2935 4117 3193 4189 requirat
3222 4129 3346 4170 eum
3378 4112 3520 4164 Deus
3550 4106 3800 4173 desuper,

2085 4222 2137 4275 et
2163 4233 2273 4274 non
2297 4217 2371 4271 sit
2401 4216 2460 4269 in
2488 4211 2882 4273 recordatione,
2927 4214 2977 4266 et
3007 4223 3119 4264 non
3149 4205 3220 4276 (e)
3253 4201 3507 4258 illustret
3553 4195 3802 4252 lumine:

2087 4309 2368 4364 obscurent
2406 4321 2532 4361 eum
2577 4303 2818 4359 tenebrae
2854 4305 2906 4356 el
2951 4299 3147 4354 umbra
3178 4296 3387 4360 mortis,
3429 4294 3647 4358 occupet
3675 4299 3802 4340 eum

2095 4399 2288 4469 caligo,
2321 4405 2371 4452 et
2403 4396 2714 4451 involvatur
2757 4388 3158 4446 amaritudine.
3194 4385 3417 4440 Noctem
3448 4380 3608 4435 illam
3651 4386 3807 4430 tene-

2094 4468 2283 4543 brosus
2331 4487 2489 4541 turbo
2544 4481 2852 4556 possideat,
2881 4480 2951 4551 (1)
2980 4481 3050 4535 sil
3097 4493 3208 4532 non:
3258 4474 3360 4530 illa
3407 4468 3680 4530 solitaria,
3710 4478 3809 4519 nec

268 4558 582 4649 aspicitur,
613 4578 760 4634 nihil
784 4578 942 4635 aliud
966 4597 1138 4650 quam
1164 4580 1338 4636 facies
1356 4558 1581 4636 videtur
1607 4596 1620 4646 ;
1664 4586 1763 4636 sed
1785 4581 1831 4636 si
1856 4579 1990 4635 huic
2021 4558 2067 4623 D
2103 4578 2260 4635 laude
2280 4577 2490 4646 digna;
2519 4578 2790 4645 exspectet
2813 4570 3008 4639 lucem,
3042 4575 3093 4624 et
3124 4583 3237 4624 non
3268 4563 3473 4631 videat,
3496 4574 3595 4615 nec
3624 4560 3809 4650 ortum

275 4668 520 4723 assiduo
556 4685 662 4724 usu
716 4669 1157 4741 conjungimur,
1213 4673 1342 4741 ejus
1400 4669 1675 4725 nimirum
1736 4679 1989 4726 mentem

272 4758 442 4831 quasi
475 4775 543 4814 ex
572 4757 972 4816 collocationis
1003 4759 1397 4817 familiaritate
1428 4765 1818 4832 penetramus.
1840 4761 1988 4815 Dum

277 4849 438 4904 enim
474 4848 584 4903 alia
625 4865 688 4906 ex
732 4850 862 4905 aliis
911 4849 1262 4922 colligimus,
1314 4850 1479 4907 facile
1527 4851 1586 4907 in
1634 4854 1764 4922 ejus
1798 4851 1991 4906 verbis

280 4940 687 5013 agnoscimus,
733 4941 891 4998 aliud
936 4958 1065 4998 esse
1114 4943 1267 5014 quod
1314 4943 1610 5010 intimant,
1645 4942 1805 4998 aliud
1837 4941 1988 5012 quod

357 5109 436 5181 (a)
468 5111 603 5175 Quae
637 5115 970 5181 sequuntur
1010 5111 1360 5183 praafationis
1411 5111 1577 5167 titulo
1623 5110 1997 5183 insignienda

287 5196 436 5247 esse,
459 5183 835 5255 radfmentom
869 5183 1055 5238 sancti
1088 5183 1367 5249 Doctoris,
1403 5186 1651 5253 probant
1691 5200 1817 5255 qua:
1850 5183 1998 5255 legi-

289 5269 420 5308 mus
452 5254 510 5308 in
548 5254 660 5308 ﬁne
692 5272 816 5326 cap.
838 5256 868 5310 4
897 5273 910 5310 :
945 5257 1096 5326 Quia
1117 5255 1595 5325 igitztrutcunque
1626 5254 1749 5326 quis
1779 5258 1836 5310 in
1852 5254 1997 5325 prae-

288 5326 503 5393 fatione
533 5329 758 5391 fuerant
780 5328 1142 5398 exquirenda,
1166 5328 1550 5398 distinximus,
1581 5329 1745 5383 verba
1775 5329 1888 5396 iam
1918 5326 2001 5382 ht-

291 5400 478 5470 storiae
494 5398 835 5470 disserentes
891 5415 1273 5470 exsequamur.

373 5468 452 5539 (ὁ)
483 5469 652 5526 Corb.
686 5471 906 5539 Germ,
929 5468 1217 5527 diuidunt.

368 5546 440 5615 (ε)
462 5539 524 5594 In
545 5541 723 5615 duob.
744 5542 974 5609 Rhem.,
995 5544 1221 5599 duobus
1253 5542 1492 5614 Remig.,
1516 5544 1852 5614 Compend.,
1875 5541 2000 5598 Val.

295 5612 648 5682 Cl.,melius
677 5623 756 5671 est
787 5615 1120 5673 manducare
1150 5619 1202 5672 et
1235 5612 1441 5685 bibere,
1469 5632 1630 5689 quam
1659 5612 1760 5671 ire
1788 5615 1858 5671 ad
1906 5614 2001 5670 do-

297 5703 452 5742 mum
483 5687 675 5742 luctus.

297 5703 452 5746 munt
483 5701 675 5742 tactus.

2101 4644 2377 4740 surgentis
2407 4644 2646 4721 aurora.
2678 4663 2814 4720 Dies
2870 4662 2972 4733 qui
3018 4659 3252 4729 elapsus
3309 4668 3482 4709 cursu
3530 4644 3808 4718 temporis

2098 4760 2301 4827 scitur,
2335 4774 2438 4813 cur
2467 4757 2611 4811 verti
2640 4756 2699 4809 in
2729 4753 3000 4810 tenebras
3032 4746 3289 4806 dicitur?
3320 4744 3389 4800 Et
3418 4757 3551 4797 cum
3576 4741 3808 4794 consta-

2101 4859 2184 4907 ret
2214 4826 2351 4921 quia
2381 4864 2494 4904 non
2527 4846 2890 4911 subsisteret,
2922 4859 3026 4898 cur
3053 4843 3286 4911 optatur
3317 4838 3380 4889 ut
3433 4845 3566 4925 eum
3599 4826 3810 4925 umbra

2103 4939 2309 4997 mortis
2332 4938 2600 4995 obscuret
2632 4936 2706 5008 (g)
2732 4953 2744 5004 ;
2778 4933 2860 4990 vel
2894 4949 3020 5004 quae
3052 4929 3231 4999 caligo
3261 4922 3521 4993 occupat,
3547 4929 3674 4986 qum
3695 4922 3808 4967 im-

2107 5109 2323 5165 habent
2352 5111 2547 5164 motus.
2607 5102 2834 5167 Melius,
2863 5100 3075 5161 modus,
3109 5097 3172 5148 ut
3192 5091 3365 5167 etiam
3423 5090 3657 5167 vetustas

2106 5157 2496 5244 retinuerunt,
2508 5157 2880 5247 'quodstati'rn
2907 5157 3130 5247 patebit
3150 5162 3468 5247 attendenti
3493 5176 3507 5228 ;
3540 5174 3674 5213 nam
3689 5157 3811 5213 dies

2106 5235 2190 5311 est
2220 5268 2350 5307 vere
2380 5235 2572 5305 modus
2594 5263 2690 5303 seu
2726 5235 2950 5312 species
2972 5235 3274 5316 temporis.
3397 5310 3406 5316 _
3503 5304 3543 5316 η

2181 5305 2252 5393 le)
2269 5305 2445 5387 Editi,
2471 5305 2929 5393 nonillustretur.
2953 5305 3250 5365 Huic'lect.
3280 5305 3692 5362 contradicunt
3708 5317 3812 5358 om-

2111 5391 2379 5451 nes'Mss.
2405 5391 2612 5448 nostri.
2770 5457 2776 5458 γ
3027 5455 3056 5458 μ
3584 5453 3594 5458 ,
3764 5446 3774 5458 .

2179 5469 2245 5536 (f)
2298 5465 2400 5520 Hic
2432 5467 2711 5519 insertum
2730 5457 2800 5512 ab
2823 5455 3179 5536 Editoribus,
3229 5467 3348 5536 non
3380 5453 3724 5536 computetur

2109 5522 2298 5593 diebus
2328 5538 2484 5601 anni,
2515 5550 2612 5589 nec
2633 5534 2956 5587 numeretur
2985 5534 3044 5583 in
3065 5522 3363 5596 mensibus,
3388 5541 3480 5580 am
3491 5522 3812 5596 putandum

2110 5608 2469 5670 censuimus,
2509 5607 2642 5663 Mss.
2677 5618 2882 5677 omnes
2913 5603 3121 5659 secuti.
3396 5670 3449 5677 __
3769 5660 3780 5671 ,

2183 5681 2270 5756 (g)
2297 5668 2515 5756 Eccum
2547 5674 2897 5756 huncvalde
2927 5677 3276 5756 corruptum
3297 5686 3366 5729 ex
3394 5670 3539 5756 Mss;
3560 5668 3813 5756 restitui-

374 5741 455 5834 (ά)
485 5741 683 5829 Gilot.,
719 5758 922 5830 Vatic.,
953 5758 1260 5828 Gussanv.,
1291 5775 1324 5817 a
1355 5759 1494 5818 Mss.
1550 5757 1889 5831 recedendo,
1911 5756 2006 5815 hic
2114 5741 2270 5813 mu's'.
2305 5752 2472 5812 Prius
2500 5750 2804 5824 legebatur
2831 5750 2985 5823 apud
3013 5741 3146 5806 Coc.
3175 5749 3235 5804 et
3261 5745 3322 5800 in
3360 5741 3628 5814 squich,
3650 5747 3769 5809 qi"
