4134 6174
297 267 410 327 635

1558 261 1828 322 SANCTI
1874 259 2239 324 GREGORII
2287 261 2543 324 MAGNI

3695 266 3814 328 636

286 399 519 470 plicatio
567 397 974 455 amaritudinis
999 397 1268 463 involvit;
1297 400 1395 454 aut
1435 397 1567 468 quis
1590 401 1822 454 noctem
1841 402 1992 454 tene-
2022 403 2075 470 Α
2104 398 2199 454 dia
2245 400 2527 471 sperant?
2582 401 2746 466 Quod
2821 405 3040 466 tamen,
3097 403 3162 454 ut
3219 401 3575 473 Redemptor
3623 408 3817 461 noster

287 491 491 546 brosus
514 491 682 546 turbo
705 490 974 559 possidet.
999 505 1175 562 quam
1209 489 1406 543 nullus
1437 493 1626 543 status
1651 493 1805 544 tenet
1831 488 1858 542 ‘?
1887 491 1998 546 Aut

287 583 580 653 quomodo
612 586 846 652 opta'ur
879 581 999 635 tieri
1048 579 1328 644 solitaria,
1354 595 1485 650 qute
1529 580 1992 650 tanseundojam

287 673 471 727 fuerat
505 670 712 726 nulla?
739 673 851 725 Aut
884 670 1072 725 lucem
1107 670 1400 740 quomodo
1435 674 1747 740 exspectat,
1781 686 1908 740 quas
1941 673 1999 723 et

287 776 460 815 sensu
496 765 675 826 caret,
709 767 764 815 et
795 761 852 814 in
887 759 1116 829 prpprio
1139 764 1300 815 statu
1333 775 1450 815 non
1483 762 1833 831 permanet?
1860 759 1994 824 Qui-

287 850 396 906 bus
429 852 617 906 adhuc
651 851 840 905 verbis
868 849 1141 918 subjicit:

954 958 1188 1014 CAPUT
1219 958 1322 1014 III.

363 1051 542 1116 Quare
571 1065 678 1104 non
711 1051 766 1103 in
797 1049 962 1104 vulva
992 1058 1240 1104 mortuus
1286 1065 1429 1114 sum,
1478 1063 1720 1119 egressus
1747 1062 1818 1102 ex
1847 1055 1999 1102 utero

290 1156 403 1192 non
433 1141 619 1194 statim
647 1140 831 1210 perii?
872 1139 1050 1205 Quare
1079 1142 1330 1208 exceptus
1377 1137 1647 1208 genibus?
1697 1137 1806 1192 Cur
1831 1137 2000 1192 lacta-

292 1232 378 1284 tus
419 1230 677 1285 uberibus
708 1231 741 1283 ?
761 1235 918 1286 Nunc
946 1228 1095 1284 enim
1138 1229 1422 1284 dormiens
1465 1228 1706 1293 silerem,
1735 1236 1784 1283 et
1815 1243 2000 1283 somno

292 1335 409 1375 meo
441 1321 852 1390 requiescerem.

364 1411 690 1477 Argumenti
741 1411 1007 1480 propositi
1061 1409 1392 1479 conﬁmatio.
1472 1408 1576 1476 Qui
1633 1408 2001 1463 liberarentur

293 1499 538 1555 homines
586 1501 652 1554 ab
687 1500 952 1570 originali
990 1503 1224 1569 peccato,
1267 1507 1394 1553 ante
1448 1498 1768 1552 institutum
1803 1497 2002 1568 baptis-

292 1605 464 1643 mum.
501 1621 562 1627 -ο
594 1588 866 1659 Nunquid
901 1587 949 1643 si
980 1604 1250 1656 egressus
1285 1603 1353 1642 ex
1378 1593 1540 1642 utero
1574 1586 1768 1641 statim
1796 1587 2003 1656 periis-

296 1682 404 1744 set,
459 1678 856 1733 retributionis
917 1679 1190 1732 meritum
1253 1694 1321 1734 ex
1368 1677 1475 1733 hac
1512 1677 1636 1746 ipsa
1685 1676 2005 1746 perditione

297 1767 676 1837 conciperet?
733 1767 998 1835 Nunquid
1061 1778 1274 1822 aeterna
1333 1767 1530 1836 requie
1583 1765 1827 1820 abortivi
1881 1781 2003 1836 per-
2039 1790 2084 1856 Β

297 1852 616 1906 fruuntur?
673 1853 950 1923 Quisquis
1005 1854 1158 1908 enim
1203 1852 1652 1923 regenerationis
1694 1852 1850 1907 unda
1890 1868 2000 1906 non

296 1942 559 2011 solvitur,
595 1943 672 2014 (a)
708 1950 868 1998 reatu
895 1943 1065 2015 primi
1092 1943 1302 1998 vinculi
1331 1944 1544 2013 ligatus
1570 1948 1816 1998 tenetur.
1843 1942 2001 2005 Quod

294 2049 432 2088 vero
466 2034 564 2104 (De
589 2049 760 2101 cons.,
801 2033 1002 2100 dist.4,
1051 2050 1097 2099 c,
1139 2034 1194 2099 5,
1238 2033 1392 2101 Quod
1440 2033 1643 2102 autem)
1695 2033 1848 2103 apud
1901 2048 2006 2087 nos

295 2122 445 2179 valet
478 2140 632 2193 aqua
663 2123 1056 2191 baptismatis,
1088 2123 1194 2178 hoc
1216 2123 1335 2193 egit
1365 2127 1516 2192 apud
1539 2127 1760 2178 veteres
1785 2121 1872 2176 vel
1905 2138 2007 2192 pro

298 2211 555 2281 parvulis
587 2211 709 2265 sola
743 2212 905 2279 ﬁdes,
963 2211 1048 2266 vel
1099 2229 1198 2282 pro
1243 2211 1560 2280 majoribus
1614 2211 1800 2266 virtus
1831 2211 2008 2266 sacri-

297 2301 436 2369 ﬁcii,
467 2301 553 2355 vel
589 2319 689 2371 pro
733 2303 822 2356 his
872 2303 967 2372 qui
1022 2317 1087 2356 ex
1139 2301 1381 2356 Abrahae
1430 2303 1608 2372 stirpe
1652 2301 2006 2373 prodierant,

300 2390 638 2460 mysterium
656 2391 807 2446 circu
822 2390 1133 2446 mcisionis.
1151 2390 1295 2446 Nam
1310 2391 1446 2462 quia
1460 2393 1865 2462 unusquisque
1881 2407 2007 2444 cum

298 2480 472 2550 primi
511 2483 760 2548 parentis
792 2481 963 2546 culpa
1007 2482 1352 2551 concipitur,
1404 2483 1692 2552 Propheta
1736 2486 2006 2548 testatur,

298 2571 536 2626 dicens:
565 2574 693 2628 Ecce
722 2575 868 2627 enim
911 2575 967 2626 in
1014 2573 1406 2644 iniquitatibus
1458 2582 1748 2643 conceptus
1778 2589 1898 2628 sum
1932 2571 2009 2642 (b)

294 2662 469 2728 (Psal.
502 2679 551 2731 L,
581 2664 655 2733 7).
690 2663 920 2732 thuia
952 2664 999 2717 is
1041 2679 1216 2733 quem
1249 2663 1452 2718 salutis
1478 2663 1634 2718 unda
1659 2679 1774 2718 non
1808 2661 2002 2728 diluit,

294 2752 597 2821 originalis
648 2755 833 2819 culpm
890 2752 1179 2822 supplicia
1228 2769 1342 2808 non
1395 2752 1630 2819 amittit,
1680 2757 1877 2823 aperte
1911 2767 2010 2821 per

297 2843 674 2912 semetipsam
708 2842 932 2896 Veritas
964 2843 1246 2911 perhibet,
1281 2845 1482 2898 dicens
1509 2859 1520 2896 :
1554 2844 1679 2898 Nisi
1707 2845 1825 2912 quis
1845 2858 2008 2898 rena-

292 2936 381 2985 tus
412 2931 588 3000 fuerit
616 2948 686 2985 ex
707 2948 849 3000 aqua
881 2939 932 2985 et
969 2931 1180 2994 Spiritu
1210 2937 1417 2995 sancto,
1449 2946 1555 2984 non
1589 2930 1807 2986 habebit
1838 2933 2008 2986 vitam

295 3029 562 3074 aeternam
599 3020 777 3086 (Joan.
816 3036 894 3086 ιιι,
946 3021 1019 3088 5).
1072 3020 1216 3082 Quid
1269 3026 1358 3075 est
1397 3035 1532 3088 ergo
1566 3019 1719 3089 quod
1752 3021 1806 3074 in
1841 3019 2008 3075 vulva

296 3124 358 3162 se
391 3113 688 3164 mortuum
719 3109 894 3165 fuisse
925 3109 1239 3176 desiderat,
1273 3115 1328 3164 et
1349 3110 1602 3179 potuisse
1632 3126 1693 3164 se
1712 3109 2007 3178 quiescere

2107 487 2294 554 valde,
2351 494 2408 544 et
2437 507 2504 544 ex
2574 491 2698 545 solo
2765 489 2961 544 divino
3027 489 3310 546 miraculo
3364 494 3594 547 evenire
3643 511 3817 566 posse

2109 585 2499 634 monstraret:
2561 580 2712 650 Apud
2770 581 3040 642 homines,
3072 579 3280 651 inquit,
3336 582 3433 636 hoc
3482 583 3822 653 impossibile

2107 672 2210 735 est,
2245 669 2388 738 apud
2447 671 2609 725 Deum
2657 674 2840 725 autem
2893 668 3188 740 possibilia
3245 671 3434 725 omnia
3464 677 3613 726 sunt.
3671 674 3823 738 Quia

2109 755 2282 825 igitur
2311 759 2483 814 verba
2513 759 2633 815 hac
2662 761 2722 816 in
2767 759 3077 834 superﬁcie
3107 775 3140 814 a
3189 761 3412 816 ratione
3461 762 3819 826 discordant,

2107 846 2234 917 ipsa
2257 849 2383 918 jam
2415 849 2604 906 littera
2637 851 2879 920 indicat,
2899 853 3053 924 quod
3084 851 3143 908 in
3165 851 3252 908 eis
3273 857 3514 909 sanctus
3546 854 3633 908 vir
3654 853 3825 923 juxta

2110 935 2360 994 litteram
2395 939 2541 995 nihil
2575 941 2752 996 dicat.

2641 1030 2872 1086 CAPUT
2901 1031 2974 1085 IV
3004 1031 3134 1103 [νει.
3160 1033 3273 1102 III].

2183 1117 2286 1171 Nec
2329 1118 2501 1174 David
2548 1135 2650 1174 nec
2699 1121 2953 1177 Ieremia?
3011 1122 3412 1194 imprecationes
3444 1122 3513 1177 ad
3570 1124 3822 1179 litteram

2111 1207 2470 1275 accipiendae.
2501 1239 2572 1247 —-
2603 1209 2713 1264 Sed
2747 1210 2793 1265 si
2829 1211 2991 1281 prius
3021 1210 3080 1265 in
3114 1227 3272 1265 sacro
3301 1211 3531 1282 eloquio
3563 1212 3675 1266 alia
3697 1228 3824 1268 ma-

2113 1295 2325 1352 ledicta
2356 1298 2732 1365 discutimus,
2767 1300 2873 1355 hoc
2905 1301 3061 1372 quod
3098 1301 3248 1356 beati
3266 1301 3376 1356 Job
3409 1317 3503 1356 ore
3527 1303 3823 1373 prolatum

2113 1393 2221 1454 est,
2255 1387 2533 1444 subtilius
2556 1389 2924 1461 indagamus.
2959 1391 3106 1455 Quid
3129 1396 3213 1445 est
3234 1391 3412 1451 enim.
3437 1392 3591 1461 quod
3615 1391 3823 1459 David,

2112 1475 2210 1545 qui
2245 1475 2705 1533 retribuentibus
2735 1478 2839 1533 sibi
2875 1479 3031 1533 mala
3061 1495 3174 1534 non
3207 1478 3476 1545 reddidit,
3507 1495 3641 1535 cum
3687 1479 3825 1534 Saul

2115 1569 2172 1620 et
2201 1564 2485 1622 Jonathas
2504 1567 2655 1622 bello
2687 1570 3115 1636 occumberent,
3143 1570 3352 1625 Gelboe
3376 1570 3677 1625 montibus
3710 1585 3829 1625 ma-

2114 1652 2329 1718 ledicit,
2365 1654 2563 1712 dicens
2589 1673 2603 1712 :
2638 1661 2849 1714 Montes
2880 1658 3097 1724 Gelboe,
3153 1674 3252 1714 nec
3279 1674 3368 1714 ros
3394 1675 3492 1714 nec
3515 1658 3709 1730 pluvia
3740 1674 3830 1714 ve-

2116 1743 2237 1798 niat
2265 1761 2431 1816 super
2454 1762 2565 1813 vos,
2597 1764 2772 1819 neque
2801 1751 2912 1804 sint
2970 1751 3100 1818 agri
3135 1749 3540 1820 primitiarum,
3573 1751 3702 1820 quia
3748 1747 3830 1804 ibi

2113 1833 2351 1904 abjectus
2372 1840 2449 1891 est
2481 1835 2562 1908 (d)
2583 1839 2808 1909 clypeus
2831 1841 2993 1904 Saul,
3025 1841 3182 1911 quasi
3201 1855 3308 1895 non
3340 1844 3480 1895 esset
3505 1847 3695 1894 unctus
3709 1839 3831 1894 olea

2111 1921 2196 2005 (ιι
2221 1923 2738 1996 Reg.1,2t)?[ltec.
2801 1927 2906 1998 IV.]
2959 1927 3107 1992 Quid
3164 1932 3253 1983 est
3301 1927 3454 1997 quod
3525 1925 3833 1992 Jeremias,

2115 2026 2247 2064 cum
2283 2014 2745 2081 praedicationem
2781 2032 2939 2071 suam
2973 2022 3234 2073 cerneret
3262 2016 3628 2072 audientium
3672 2014 3833 2070 difﬁ-

2115 2102 2328 2158 cultate
2362 2105 2690 2174 praepediri,
2737 2107 3032 2162 maledicit
3091 2107 3327 2163 dicens:
3391 2106 3714 2163 Maledictus
3745 2106 3835 2162 vir

2115 2194 2212 2264 qui
2243 2196 2594 2250 annuntiavit
2623 2199 2776 2266 patri
2803 2213 2944 2262 meo,
2979 2198 3200 2253 dicens:
3258 2200 3436 2252 Natus
3463 2206 3539 2254 est
3567 2198 3672 2252 tibi
3689 2212 3837 2266 puer

2115 2284 2391 2338 masculus
2431 2285 2648 2348 (Jerem.
2702 2303 2796 2348 xx.
2833 2287 2967 2359 15)?
3027 2287 3172 2352 Quid
3217 2303 3352 2359 ergo
3411 2293 3633 2343 montes
3693 2285 3833 2341 Gel-

2117 2371 2244 2440 boe,
2280 2372 2416 2428 Saul
2451 2377 2733 2431 moriente
2765 2375 3158 2448 deliquerunt,
3191 2382 3483 2448 quatenus
3514 2378 3572 2432 in
3599 2376 3684 2432 eis
3727 2392 3835 2431 nec

2118 2477 2208 2518 ros
2241 2478 2344 2518 nec
2395 2463 2587 2533 pluvia
2649 2467 2904 2534 caderet,
2962 2471 3017 2522 et
3066 2467 3136 2521 ab
3197 2468 3354 2522 omni
3395 2484 3494 2523 eos
3520 2465 3833 2521 viriditatis

2117 2555 2378 2624 germine
2411 2557 2711 2610 sententiae
2747 2573 2938 2612 sermo
2972 2557 3260 2613 siccaret?
3293 2557 3399 2612 Sed
3433 2557 3570 2627 quia
3617 2553 3834 2610 Gelboe

2116 2642 2536 2715 interpretatur
2565 2647 2869 2717 decursus,
2923 2664 3022 2716 per
3072 2647 3205 2702 Saul
3256 2652 3450 2702 autem
3503 2654 3743 2701 unctum
3779 2651 3835 2698 et

2119 2737 2438 2803 mortuum,
2474 2753 2629 2792 mors
2681 2737 2864 2792 nostri
2914 2737 3249 2792 Mediatoris
3297 2735 3680 2806 exprimitur;
3716 2749 3834 2788 non

2117 2823 2409 2879 immerito
2471 2841 2568 2893 per
2619 2825 2832 2881 Gelboe
2883 2837 3110 2882 montes
3178 2827 3427 2897 superba
3499 2825 3835 2882 Judaeorum

2118 2913 2293 2967 corda
2325 2912 2644 2984 signantur,
2678 2931 2804 2985 quas
2835 2916 2977 2970 dum
3010 2915 3066 2968 in
3103 2915 3279 2986 hujus
3305 2915 3502 2969 mundi
3525 2913 3834 2968 desideriis

2118 3000 2404 3069 deﬂuunt,
2447 3003 2506 3058 in
2538 3003 2774 3072 Christi,
2805 3005 2860 3058 id
2894 3010 2981 3060 est
3019 3005 3198 3069 uncti,
3241 3020 3303 3060 se
3345 3010 3527 3060 morte
3578 3004 3835 3058 miscue-

2121 3095 2276 3146 runt.
2316 3091 2383 3146 Et
2415 3093 2552 3164 quia
2573 3093 2629 3147 in
2665 3099 2748 3148 eis
2773 3099 2983 3150 unctus
3015 3111 3112 3149 rex
3143 3093 3515 3162 corporaliter
3547 3091 3836 3156 moribus,

293 3198 554 3266 ejusdem
593 3199 798 3254 mortis
832 3199 1130 3253 beneﬁciis
1162 3165 1375 3269 sperat,
1411 3198 1548 3252 dum
1600 3165 1825 3254 constet
1857 3199 2008 3269 quod

2133 3181 2228 3252 psi
2265 3182 2335 3236 ab
2361 3183 2521 3238 omni
2546 3184 2746 3254 gratiae
2779 3201 2903 3239 rore
2926 3185 3242 3240 siccantur.
3271 3183 3350 3238 De
3375 3182 3587 3254 quibus
3609 3188 3668 3237 et.
3690 3183 3840 3236 bene

295 3302 662 3358 nequaquam
695 3303 826 3342 eum
862 3288 1092 3356 requies
1123 3287 1252 3341 vitae
1303 3288 1648 3356 susciperet,
1681 3287 1725 3340 si
1770 3304 1802 3342 a
1847 3295 2012 3342 reatu

297 3375 465 3429 illum
499 3375 800 3446 originalis
832 3375 1012 3446 culpae
1069 3377 1222 3430 103
1283 3392 1654 3447 nequaquam
1689 3375 1891 3430 divina
1924 3392 2011 3433 co-

295 3463 575 3535 gnitionis
601 3464 1331 3521 sacramentaliberassent
1351 3466 1379 3519 ?
1398 3465 1499 3528 Qui
1525 3465 1718 3520 adhuc
1740 3482 1868 3520 cum
1893 3467 2017 3536 qui-

296 3553 408 3608 bus
431 3557 728 3624 quiescere
754 3556 1058 3624 potuisset,
1085 3555 1353 3626 adjungit
1377 3556 1575 3610 dicens
1603 3573 1615 3608 :
1640 3556 1772 3610 Cum
1802 3555 2016 3625 regibus

298 3652 349 3698 et
375 3645 691 3700 consulibus
725 3649 905 3712 terra,
929 3645 1025 3716 qui
1052 3645 1328 3714 aediﬁcant
1353 3645 1464 3700 sibi
1485 3645 1842 3700 solitudines.
1875 3645 2016 3710 Quis

302 3731 528 3803 ignoret
561 3736 712 3805 quod
740 3751 905 3806 reges
936 3739 1099 3790 terra
1133 3752 1197 3790 ac
1220 3735 1490 3791 consules
1522 3751 1588 3791 eo
1632 3753 1664 3790 a
1695 3735 2014 3790 solitudine

301 3820 473 3894 longe
505 3828 664 3892 sunt,
690 3841 803 3894 quo
829 3824 1155 3880 innumeris
1182 3825 1630 3894 obsequentium
1651 3824 1852 3880 cuneis
1875 3841 2014 3880 con-

301 3911 639 3981 stipantur?
687 3913 790 3968 Vel
824 3930 1000 3985 quam
1056 3912 1291 3968 difﬁcile
1326 3913 1382 3968 hi
1434 3913 1690 3983 requiem
1744 3915 2012 3973 tendunt,

304 4000 404 4072 qui
439 4010 553 4056 tam
587 4001 749 4057 duris
782 4002 1075 4057 rationum
1101 4001 1507 4072 multiplicium
1531 4002 1776 4057 nexibus
1801 4003 2016 4056 astrin-

305 4093 572 4165 guntur‘?
601 4095 902 4164 Scriptura
933 4100 1256 4162 attestante,
1292 4112 1414 4164 quae
1447 4095 1527 4149 ait
1556 4113 1567 4150 :
1601 4094 1883 4150 Iudicium
1913 4095 2015 4149 du-

301 4182 587 4238 rissimum
615 4184 688 4255 (c)
719 4186 779 4239 in
800 4184 886 4238 his
917 4186 1014 4256 qui
1042 4190 1289 4254 praesunt
1319 4183 1409 4252 ﬁet
1440 4184 1588 4253 (Sap.
1624 4200 1699 4249 vr,
1731 4185 1809 4254 6).
1852 4183 2014 4239 Unde

303 4272 361 4327 in
420 4273 728 4344 Evangelia
782 4273 1008 4329 Veritas
1041 4275 1217 4328 dicit:
1280 4273 1382 4327 Cui
1409 4273 1645 4327 multum
1687 4274 1878 4327 datum
1911 4279 2012 4338 est,

303 4362 538 4415 multum
570 4366 842 4431 quaeretur
870 4363 936 4416 ab
966 4378 1024 4418 eo
1055 4363 1206 4433 (Luc.
1229 4378 1328 4429 xu,
1363 4361 1475 4433 48).
1526 4362 1632 4426 Qui
1666 4361 1850 4416 adhuc
1871 4377 2018 4432 quos

2125 3271 2363 3327 dicitur:
2430 3274 2493 3330 Ut
2551 3277 2676 3345 agri
2725 3274 3108 3346 primitiarum
3160 3291 3270 3331 esse
3325 3290 3431 3328 non
3471 3274 3698 3344 possint.
3733 3273 3841 3328 Su-

2126 3361 2314 3431 perbaa
2346 3362 2564 3434 quippe
2597 3363 2971 3419 Hebraeorum
3008 3368 3232 3419 mentes
3265 3363 3588 3436 primitivos
3610 3363 3841 3417 fructus

2127 3466 2240 3506 non
2292 3451 2509 3517 ferunt,
2567 3455 2702 3525 quia
2735 3455 2791 3508 in
2839 3453 3247 3525 Redemptoris
3297 3454 3548 3508 adventu
3580 3468 3648 3506 ex
3680 3457 3845 3522 parte

2129 3541 2381 3597 maxima
2414 3543 2470 3598 in
2497 3543 2735 3614 perﬁdia
2759 3553 3146 3610 remanentes,
3171 3543 3491 3616 primordia
3516 3543 3647 3596 ﬁdei
3676 3544 3846 3614 sequi

2127 3631 2463 3688 noluerunt.
2499 3632 2712 3688 Sancta
2743 3649 2992 3704 namque
3023 3633 3282 3689 Ecclesia
3319 3631 3379 3687 in
3412 3631 3688 3702 primitiis
3719 3632 3847 3686 suis

2128 3722 2512 3777 multitudine
2545 3722 2805 3794 gentium
2851 3724 3184 3789 fecundata,
3234 3723 3328 3777 vix
3373 3723 3430 3776 in
3477 3721 3680 3776 mundi
3731 3722 3850 3778 ﬁne

2125 3810 2381 3878 Judasos,
2413 3827 2561 3882 quos
2591 3812 2901 3881 invenerit,
2934 3813 3250 3883 suscipiet;
3285 3815 3343 3866 et
3387 3816 3650 3866 extrema
3677 3810 3846 3866 colli-

2126 3917 2295 3972 gens,
2330 3917 2430 3956 eos
2457 3901 2624 3971 quasi
2659 3901 2936 3973 reliquias
2969 3901 3204 3972 frugum
3262 3904 3458 3971 ponet.
3509 3899 3590 3954 De
3622 3899 3846 3970 quibus

2129 3991 2406 4045 nimirum
2442 3991 2704 4062 reliquiis
2737 3991 2920 4046 Isaias
2969 3989 3104 4046 dicit
3132 4006 3144 4044 :
3195 3990 3256 4045 Si
3283 3991 3455 4060 fuerit
3482 4005 3741 4044 numerus
3764 3989 3847 4057 fi-

2129 4080 2333 4138 liorum
2364 4082 2536 4136 Israel
2565 4083 2708 4136 sicut
2737 4098 2914 4137 arena
2962 4081 3156 4148 maris,
3208 4080 3462 4151 reliquie
3502 4081 3666 4134 salvae
3716 4080 3850 4149 ﬁent

2126 4173 2304 4252 (Isaiae
2359 4173 2525 4237 x,22,
2585 4185 2688 4224 sec.
2755 4171 2913 4231 LXX;
2963 4172 3120 4227 Rom.
3155 4170 3372 4238 ix,27).
3437 4173 3694 4224 Possunt
3754 4173 3851 4224 ta-

2126 4278 2257 4316 men
2291 4261 2504 4315 idcirco
2537 4259 2751 4316 Gelboe
2813 4266 3047 4316 montes
3096 4277 3194 4316 ore
3226 4259 3519 4331 prophelae
3552 4258 3854 4328 maledici,

2130 4356 2194 4406 ut
2225 4351 2364 4404 dum
2391 4350 2615 4404 fructus
2645 4355 3013 4405 exarescente
3045 4355 3197 4404 terra
3229 4365 3341 4404 non
3375 4349 3580 4416 oritur,
3617 4365 3854 4419 posses-

304 4449 363 4502 in
395 4449 600 4502 eadem
635 4451 833 4519 requie
865 4450 1053 4505 socios
1110 4450 1436 4519 habuisset,
1484 4451 1739 4506 insinuat
1770 4450 1972 4506 dicens
2003 4466 2018 4505 ζ
2052 4456 2098 4522 D
2129 4456 2289 4496 SOPBS
2311 4443 2476 4494 terra:
2499 4439 2827 4494 sterilitatis
2851 4440 3064 4493 damno
3094 4438 3398 4507 feriantur,
3435 4446 3721 4509 quatenus
3740 4438 3856 4509 ipsi

307 4537 411 4591 Aut
441 4552 568 4590 cum
595 4538 966 4608 principibus,
993 4539 1088 4608 qui
1112 4541 1389 4609 possident
1445 4557 1669 4605 aurum,
1702 4545 1751 4596 et
1809 4541 2020 4610 replent

307 4625 490 4680 domos
519 4640 642 4679 suas
671 4633 920 4694 argento.
983 4626 1194 4681 Rarum
1256 4627 1418 4683 valde
1462 4633 1550 4684 est
1581 4632 1644 4683 ut
1684 4628 1784 4700 qui
1816 4643 2016 4684 aurum

309 4715 630 4787 possident,
663 4716 734 4770 ad
769 4715 1025 4786 requiem
1052 4718 1313 4784 tendant,
1346 4717 1484 4772 dum
1524 4735 1624 4789 per
1647 4718 2022 4788 semetipsam

311 4806 532 4861 Veritas
564 4805 747 4862 dicat:
784 4805 1040 4876 Di/ﬁcile,
1074 4807 1170 4876 qui
1198 4808 1455 4876 pecunias
1484 4807 1701 4874 habent,
1735 4807 2026 4863 intrabunt

308 4896 370 4950 in
426 4912 658 4966 regnum
703 4897 962 4951 caelorum
1000 4894 1210 4965 (Matth.
1263 4913 1376 4964 xix,
1426 4897 1539 4967 24),
1614 4896 1757 4952 Nam
1809 4897 1909 4968 qui
1933 4897 2025 4952 hic

311 4985 778 5057 multiplicandis
809 4984 1026 5040 divitiis
1047 4983 1292 5054 inhiant,
1319 5001 1443 5055 quae
1468 4984 1709 5040 alterius
1733 4986 1858 5040 vitae
1889 5002 2026 5054 gau-

313 5165 458 5222 diem
486 5163 668 5236 caligo
696 5170 936 5231 occupet,
968 5176 1129 5236 quem
1152 5160 1454 5236 implicatio
1485 5159 1886 5236 amaritudinis
1917 5177 2025 5215 non

317 5237 569 5290 involvit.
602 5232 706 5290 aut
739 5251 922 5306 quam,
955 5242 1065 5288 etc.
1099 5233 1386 5288 Particula
1414 5248 1542 5306 non,
1595 5232 1794 5306 addita
1825 5237 2026 5306 contra

317 5308 457 5361 Mss.
495 5303 756 5360 omnium
814 5308 983 5360 ﬁdem
1039 5321 1280 5360 sensum
1337 5304 1562 5370 evertit,
1623 5303 1856 5358 aliunde
1879 5303 2023 5358 satis

327 5385 588 5447 apertum
622 5381 676 5430 et
706 5376 962 5447 obvium,
1015 5393 1133 5432 sc.:
1207 5378 1341 5444 Quae
1369 5379 1542 5447 caligo
1591 5391 1874 5444 occupare,
1931 5383 2030 5430 aut

319 5446 444 5520 qua
474 5446 784 5520 amaritudo
807 5449 1080 5520 involvere
1125 5455 1291 5517 potest
1318 5446 1490 5520 diem
1521 5449 1618 5516 qui
1665 5450 1774 5514 iam
1811 5449 2026 5516 elapsus

317 5519 436 5575 est?
461 5519 960 5588 Quemadmodum
991 5522 1184 5574 statim
1214 5519 1428 5574 dicitur
1461 5536 1473 5574 :
1511 5521 1639 5588 Quis
1655 5525 1865 5574 noctem
1883 5528 2026 5576 tene-

321 5592 512 5646 brosus
529 5590 686 5645 turbo
715 5587 973 5651 possidet,
993 5594 1099 5643 etc.

395 5663 476 5734 (a)
505 5661 660 5728 Coc.,
694 5657 888 5734 Gilo_t.,
919 5657 1128 5734 Vaticr,
1158 5661 1351 5734 Quae,
1376 5670 1557 5734 reatus
1578 5662 1750 5731 primi
1769 5663 2022 5734 vinculis,

325 5729 548 5804 optimo
585 5746 783 5800 censu.
806 5731 880 5785 At
912 5744 982 5788 ne
1004 5729 1137 5786 huic
1160 5730 1389 5787 lectioni
1415 5729 1812 5790 adhaereamus
1835 5733 2026 5790 obstat

2135 4528 2562 4585 maledictionis
2596 4529 2942 4584 sententiam
2984 4526 3141 4583 104
3187 4528 3538 4599 acciperent,
3574 4527 3673 4598 qui
3701 4532 3855 4600 apud

2133 4636 2194 4676 se
2229 4625 2475 4675 mortem
2527 4619 2677 4691 regis
2729 4619 3029 4690 suscipere
3078 4618 3381 4688 iniquitate
3429 4634 3534 4672 sua
3583 4617 3857 4689 exigente

2136 4709 2508 4765 meruissent.
2542 4710 2677 4780 [νει.
2708 4709 2817 4780 IV.)
2850 4709 2958 4764 Sed
2993 4709 3128 4779 quid
3162 4712 3250 4764 est
3300 4707 3454 4778 quod
3486 4723 3518 4762 a
3564 4707 3859 4778 Propheta

2137 4799 2562 4855 maledictionis
2594 4799 2941 4854 sententiam
2974 4802 3058 4852 vir
3090 4797 3185 4854 ille
3219 4795 3501 4868 suscepit,
3537 4796 3678 4867 quia
3700 4797 3856 4853 nati-

2139 4890 2375 4946 vitatem
2409 4889 2567 4945 illius
2600 4890 2750 4960 patri
2791 4889 3136 4945 nuntiavit?
3183 4889 3297 4944 Hoc
3357 4886 3638 4942 nimirum
3689 4894 3851 4944 tanto

2136 4980 2489 5036 intrinsecus
2550 4979 2760 5049 majori
2816 4979 3090 5050 mysterio
3148 4977 3387 5050 plenum
3449 4982 3558 5043 est,
3627 4986 3852 5048 quanto

2136 5156 2275 5229 Mss.
2308 5155 2645 5229 auctoritas.
2704 5156 2846 5229 Cum
2903 5153 2975 5210 iis
3035 5171 3161 5229 quas
3211 5156 3469 5229 proxime
3517 5162 3857 5229 sequuntur

2135 5228 2521 5352 (iggferepiius
2550 5225 2938 5296 Augustinus,
2988 5225 3154 5297 epist.
3193 5230 3260 5282 ad
3303 5225 3644 5286 Dardanum
3697 5247 3857 5287 nunc

2139 5323 2142 5326 ·
2248 5341 2260 5352 .
2294 5315 2342 5352 c.
2444 5339 2454 5350 .

2139 5301 2260 5364 187,
2294 5315 2342 5352 ο.
2371 5301 2454 5352 ιι.

2206 5370 2281 5439 (b)
2309 5369 2690 5450 Subjungitur
2716 5369 2773 5424 in
2797 5369 2898 5424 Ed.
2923 5374 2975 5424 et
3006 5369 3068 5425 in
3089 5377 3292 5440 peccat.
3317 5376 3559 5445 concepit
3575 5391 3664 5430 me
3679 5386 3854 5432 mater

2134 5458 2277 5506 mea,
2303 5457 2417 5495 DOD
2452 5457 2507 5494 1n
2545 5457 2685 5494 MSS.

2205 5514 2276 5584 (c)
2322 5514 2742 5584 Revocavimus
2770 5512 3059 5584 particLin
3093 5513 3372 5570 omissam
3404 5515 3463 5570 in
3506 5517 3610 5572 Ed.

2208 5581 2285 5654 (ά)
2308 5584 2513 5663 Δία-βά.
2538 5584 2692 5651 Coc.,
2717 5581 2920 5663 Gilot.,
2951 5581 3159 5663 Yatic.,
3184 5587 3373 5663 Guss.,
3400 5588 3708 5662 inseritur,
3731 5591 3851 5663 cly-

2134 5671 2266 5728 pcus
2293 5657 2524 5726 fortium
2547 5672 2566 5717 ;
2599 5671 2716 5726 qua
2745 5655 3110 5727 auctoritate,
3143 5673 3249 5714 nos
3287 5657 3446 5718 latet.
