4134 6174
277 269 396 330 637

1200 263 1614 327 MORALIUM
1663 258 1813 326 LIB.
1861 260 1962 324 IV.
2012 294 2086 305 --
2130 257 2206 320 IN
2253 261 2422 322 CAP.
2469 263 2549 324 III
2593 265 2662 326 B.
2711 264 2870 326 JOB.

3683 278 3803 338 638

275 404 652 460 extrinsecus
685 401 947 456 humana
997 401 1221 456 ratione
1253 417 1520 457 vacuum.
1567 403 1710 459 Nam
1752 400 1800 457 si
1850 397 1986 470 quid
2022 396 2077 464 Α
2107 415 2156 463 v,
2189 399 2241 467 2)
2269 415 2280 465 ;
2338 401 2606 470 quamvis
2648 401 2766 456 illic
2797 405 2854 458 et
2883 402 2992 458 hoc
3025 403 3207 475 accipi
3239 404 3466 474 debeat,
3509 411 3641 480 quia
3670 417 3814 471 tunc

275 492 535 548 exterius
573 489 910 547 rationabile
956 489 1200 546 fortasse
1248 489 1565 558 sonuisset,
1624 503 1990 561 nequaquam

275 599 388 639 nos
422 584 489 639 ad
522 581 790 638 studium
823 580 1117 636 interioris
1148 579 1482 636 intellectus
1521 582 1880 638 accenderet.
1913 579 1990 633 Eo

274 688 416 744 ergo
449 671 619 727 nobis
648 670 876 741 plenius
907 669 1123 738 aliquid
1159 669 1318 724 intus
1348 670 1562 738 innuit,
1596 687 1710 741 quo
1742 668 1877 724 foris
1901 685 1990 722 ra-

275 760 564 816 tionabile
588 758 733 814 nihil
765 759 1040 814 ostendit.
1075 757 1132 813 Si
1170 757 1324 812 enim
1356 773 1424 813 ex
1456 759 1660 815 matris
1689 775 1805 814 suae
1835 766 1992 812 utero

277 849 394 906 hoc
423 850 482 904 in
515 849 734 904 mundo
764 847 1049 919 propheta
1079 847 1427 915 altligendus
1463 849 1699 918 prodiit,
1733 846 1992 902 nativita-

280 939 356 994 tis
379 939 506 1009 ejus
531 939 780 994 nuntius
803 937 947 1009 quid
977 937 1264 1008 deliquit?
1293 939 1401 994 Sed
1427 937 1566 1008 quid
1593 955 1840 1010 persona
1871 951 1994 1007 pro-

283 1028 471 1099 phetae
517 1027 888 1093 ﬂuctuantis,
941 1027 1054 1082 nisi
1107 1043 1208 1098 per
1239 1044 1417 1098 pmnaa
1449 1029 1721 1084 meritum
1753 1027 1990 1084 veniens

284 1117 528 1172 humani
563 1117 796 1187 generis
820 1116 1183 1172 mutabilitas
1209 1117 1589 1188 designatur?
1621 1119 1684 1172 Et
1718 1118 1857 1189 quid
1890 1133 1992 1188 per

282 1207 704 1281 patremillius,
732 1207 841 1262 nisi
865 1207 972 1262 iste
989 1207 1181 1277 dequo
1205 1208 1770 1263 nascimurmundus
1797 1207 1984 1277 expri-

283 1297 507 1353 mitur?
538 1297 607 1352 Et
636 1297 768 1367 quis
809 1300 898 1350 est
928 1297 1022 1351 ille
1052 1295 1139 1350 vir
1178 1295 1275 1365 qui
1316 1296 1680 1351 nativitatem
1728 1301 1987 1350 nostram

283 1389 435 1458 patri
457 1385 786 1453 annuntiat,
813 1385 924 1440 nisi
958 1385 1238 1455 antiquus
1263 1385 1470 1451 hostis,
1507 1387 1764 1457 quicum
1800 1402 1903 1441 nos
1930 1386 1988 1439 in

279 1475 728 1546 cogitationibus
761 1475 1044 1530 tluctuare
1059 1474 1412 1544 considerat,
1435 1474 1718 1530 malorum
1740 1480 1992 1545 mentes,

281 1566 382 1635 qui
415 1581 484 1620 ex
514 1564 854 1619 auctoritate
872 1562 1048 1632 hujus
1083 1563 1284 1618 mundi
1319 1564 1716 1634 prmeminent,
1749 1564 1822 1619 ad
1858 1580 1991 1631 per-

281 1653 616 1708 suasionem
668 1658 879 1708 nostrai
913 1652 1266 1720 deceptionis
1299 1651 1563 1723 instigat;
1598 1669 1853 1724 cumque
1884 1669 1990 1708 nos

282 1760 453 1813 agere
493 1743 728 1798 inﬁrma
779 1744 1164 1814 conspexerit,
1195 1759 1262 1798 ea
1293 1744 1456 1815 quasi
1489 1743 1663 1798 fortia
1696 1743 1991 1800 favoribus

277 1831 520 1900 extollit,
537 1833 620 1902 (α)
643 1837 698 1887 et
717 1832 884 1904 quasi
908 1839 1076 1888 natos
1097 1832 1387 1888 masculos
1411 1833 1685 1901 loquitur,
1703 1848 1834 1889 cum
1855 1851 1984 1889 cor-

282 1927 551 1992 ruptores
583 1921 842 1977 veritatis
865 1937 963 1991 per
996 1922 1362 1978 mendacium
1398 1938 1503 1977 nos
1534 1923 1825 1978 exstitisse
1855 1939 1985 1993 gra-

281 2011 543 2067 tulatur?
565 2011 719 2065 Patri
742 2027 874 2080 ergo
897 2011 1219 2066 masculum
1246 2019 1445 2066 natum
1465 2011 1788 2079 denuntiat,
1809 2029 1989 2080 quan-

283 2102 355 2157 do
382 2101 518 2156 huic
544 2101 765 2155 mundo
788 2116 944 2164 eum,
979 2116 1152 2170 quem
1179 2101 1546 2172 persuaserit,
1582 2103 1793 2156 factum
1819 2102 1986 2156 inno-

283 2190 486 2248 centie
537 2194 933 2258 corruptorem
966 2189 1349 2246 demonstrat.
1390 2189 1532 2244 Nam
1566 2206 1698 2246 cum
1746 2191 1990 2248 cuilibet

286 2280 545 2352 peccanti
566 2295 632 2336 ac
655 2280 1010 2351 superbienti
1036 2279 1270 2349 dicitur,
1300 2281 1508 2336 Fecisti
1543 2280 1694 2336 sicut
1720 2282 1826 2348 vir,
1846 2282 1986 2351 quid

283 2371 440 2427 aliud
458 2386 636 2442 quam
663 2375 836 2426 natus
860 2371 1150 2426 masculus
1175 2372 1234 2426 in
1263 2372 1477 2426 mundo
1500 2371 1878 2441 perhibetur?
1894 2372 1989 2426 Ju-

286 2477 348 2517 re
379 2461 575 2532 itaque
605 2460 712 2529 vir,
746 2461 842 2530 qui
875 2459 1204 2515 masculum
1231 2465 1426 2514 natum
1461 2463 1708 2528 nuntiat,
1745 2460 1987 2516 maledi-

287 2549 465 2614 citur,
497 2549 631 2619 quia
663 2549 790 2619 ipso
821 2550 949 2620 ejus
982 2549 1186 2605 nuntio
1237 2550 1546 2620 reprobum
1579 2551 1857 2611 gaudium
1891 2567 1990 2606 no-

285 2639 397 2696 stri
445 2640 790 2710 corruptoris
823 2639 1133 2694 indicatur.
1167 2639 1270 2695 His
1300 2656 1435 2711 ergo
1466 2640 1778 2708 Scriptura:
1811 2657 1986 2696 sacrae

281 2729 791 2785 meledicticnibus
822 2728 1104 2784 discimus
1140 2729 1282 2799 quid
1317 2730 1466 2799 apud
1517 2729 1744 2784 beatum
1785 2729 1894 2785 Job
1925 2730 1986 2786 in

281 2835 421 2875 voce
471 2819 898 2875 maledictionis
948 2819 1332 2889 inquiramus,
1369 2835 1438 2874 ne
1469 2836 1638 2890 quem
1671 2819 1824 2875 Deus
1857 2825 1988 2891 post

279 2909 520 2964 vulnera
552 2913 607 2963 et
639 2909 713 2980 (ὸ)
739 2909 912 2964 verba
943 2914 1298 2970 remunerat,
1333 2909 1512 2964 lector
1540 2909 1713 2964 verba
1742 2910 1870 2980 ejus
1902 2926 1986 2966 re-

279 3000 563 3069 darguere
595 3015 706 3054 non
740 2999 1074 3071 intelligens
1124 3005 1459 3070 praesumat.
1494 3000 1638 3066 Quia
1667 2998 1847 3070 igitur
1889 3006 1981 3056 ut-

2101 505 2164 542 os
2195 505 2365 543 suum
2398 489 2456 544 in
2491 492 2790 562 praeceptis
2821 494 3068 563 aperuit,
3091 495 3150 549 in
3174 495 3386 565 quibus
3417 498 3639 555 dudum
3673 520 3811 572 ape-

2101 583 2299 634 ruerat
2356 595 2456 635 ora
2488 581 2924 650 prophetarum.
2974 583 3156 638 Valde
3198 591 3388 642 autem
3440 589 3681 646 solerter
3710 593 3808 647 in—

2102 670 2383 724 tuendum
2415 676 2503 726 est
2533 675 2682 742 quod
2730 673 2958 742 dicitur,
2993 677 3118 730 Post
3149 677 3279 744 haec,
3313 682 3376 732 ut
3412 679 3689 736 nimirum
3726 683 3807 738 rei

2098 759 2285 815 virtus
2331 777 2456 830 quae
2507 762 2701 832 agitur
2748 763 3026 819 veraciter
3072 782 3140 821 ex
3184 771 3444 838 tempore
3498 772 3811 828 sentiatur.

2103 850 2272 907 Prius
2294 851 2447 906 enim
2463 854 2700 908 vastitas
2721 869 2940 920 rerum,
2964 857 3272 912 exstinctio
3293 859 3623 929 pignorum,
3654 861 3689 915 I
3707 863 3806 919 οδ

2103 942 2265 997 dolor
2293 943 2622 1013 vulnerum,
2649 945 2949 1015 persuasio
2971 947 3261 1018 conjugis,
3289 950 3570 1006 adventus
3596 952 3816 1010 amico-

2104 1047 2234 1086 rum
2258 1032 2629 1100 describitur,
2661 1034 2759 1103 qui
2795 1035 3036 1090 scidisse
3066 1047 3270 1105 vestes,
3291 1039 3808 1112 exclamantesque

2104 1121 2347 1188 ﬂevisse,
2390 1121 2623 1191 pulvere
2670 1123 2860 1194 capita
2907 1127 3323 1195 conspersisse,
3359 1133 3414 1182 et
3463 1129 3561 1183 diu
3613 1130 3809 1185 consi-

2102 1211 2302 1267 dentes
2334 1211 2390 1265 in
2414 1216 2568 1266 terra
2598 1211 2850 1267 tacuisse
2874 1220 3295 1284 memorantur,
3329 1233 3395 1272 ac
3427 1219 3635 1273 deinde
3659 1219 3804 1274 sub-

2094 1299 2365 1370 jungitur
2397 1314 2410 1353 :
2445 1301 2570 1355 Post
2599 1302 2710 1355 hac
2739 1301 2956 1371 aperuit
2985 1304 3079 1357 Job
3110 1319 3167 1358 os
3193 1321 3376 1367 suum,
3410 1310 3464 1360 et
3512 1293 3813 1362 maledixit

2099 1388 2213 1444 diei
2229 1405 2365 1451 suo;
2399 1394 2463 1443 ut
2491 1389 2618 1460 ipso
2651 1391 2913 1446 videlicet
2944 1393 3295 1448 narrationis
3327 1395 3530 1450 ordine
3569 1413 3810 1466 perpen-

2103 1479 2273 1533 datur
2295 1478 2431 1548 quia
2455 1493 2823 1550 nequaquam
2851 1479 3226 1537 maledictum
3259 1499 3356 1553 per
3377 1485 3806 1555 impatientiam

2101 1569 2362 1638 protulit,
2395 1569 2493 1640 qui
2536 1570 2601 1623 ad
2650 1569 3080 1624 maledictionis
3131 1588 3326 1626 vocem
3379 1572 3582 1628 amicis
3615 1575 3808 1630 adhuc

2100 1657 2426 1712 tacentibus
2475 1658 2665 1727 erupit
2693 1658 2828 1730 [Vet.
2870 1660 2948 1728 V.]
3008 1660 3063 1712 Si
3099 1661 3253 1715 enim
3287 1661 3370 1716 ira
3400 1667 3594 1717 motus
3627 1665 3806 1720 male-

2020 1773 2067 1838 Β
2096 1745 2332 1838 diceret,
2381 1750 2574 1802 audito
2606 1750 2817 1838 damno
2850 1749 3216 1814 substantias,
3249 1751 3477 1822 cognita
3519 1758 3702 1808 morte
3738 1753 3808 1807 fi-

2095 1836 2330 1905 liorum,
2371 1853 2502 1892 eum
2547 1837 2741 1906 procul
2785 1837 2961 1893 dubio
3011 1840 3082 1894 ad
3121 1839 3587 1896 maledictinnem
3637 1843 3804 1898 dolor

2096 1927 2390 1982 excitaret.
2427 1927 2536 1982 Sed
2588 1929 2728 1998 quid
2765 1933 2904 1983 tunc
2936 1929 3080 1984 dixit
3127 1930 3472 1986 audivimus.
3509 1932 3602 1986 Ait
3632 1949 3798 1987 nam-

2099 2033 2209 2088 que
2245 2035 2258 2072 :
2320 2018 2584 2073 Dominus
2617 2017 2782 2086 dedit,
2844 2019 3108 2073 Dominus
3137 2019 3363 2074 abstulit
3416 2021 3559 2090 (Job.
3597 2039 3636 2090 1,
3685 2023 3802 2094 2t).

2099 2105 2375 2172 Rursum,
2427 2106 2475 2160 si
2510 2106 2594 2159 ira
2621 2111 2815 2160 motus
2861 2107 3229 2162 malediceret
3253 2111 3454 2162 saltem
3491 2126 3803 2179 percussus

2098 2193 2155 2248 in
2185 2210 2446 2266 corpore,
2483 2193 2568 2248 val
2602 2196 2751 2249 male
2802 2212 3011 2250 suasus
3042 2212 3074 2250 a
3112 2197 3379 2266 conjuge,
3429 2198 3802 2254 maledictum

2097 2281 2310 2338 inferre
2359 2283 2662 2352 potuisset.
2707 2283 2817 2338 Sed
2870 2285 3008 2353 quid
3041 2288 3177 2338 tunc
3228 2285 3525 2355 respondit
3558 2286 3799 2355 agnovi-

2099 2389 2252 2430 mus.
2285 2373 2374 2428 Ait
2407 2389 2660 2444 namque
2685 2390 2697 2428 :
2727 2374 2918 2429 Locuta
2947 2390 3003 2429 es
3035 2376 3194 2444 quasi
3224 2390 3336 2429 una
3353 2390 3423 2430 ea:
3450 2374 3640 2430 stultis
3668 2392 3803 2431 mu-

2098 2465 2345 2520 lieribus.
2378 2465 2440 2518 Si
2471 2465 2609 2518 bona
2657 2465 2966 2534 accepimus
2996 2464 3060 2520 dc
3119 2481 3290 2520 manu
3350 2467 3585 2532 Domini,
3647 2465 3800 2521 mala

2098 2568 2267 2624 quare
2295 2568 2404 2607 non
2453 2555 2817 2607 sustineamus
2838 2556 2863 2605 .9
2892 2553 3025 2623 (Job.
3054 2569 3116 2620 ll,
3175 2554 3282 2619 10.)
3335 2558 3467 2608 Post
3501 2557 3620 2608 haec
3668 2571 3800 2609 vero

2097 2641 2501 2708 describimur,
2527 2643 2664 2712 quia
2686 2641 2856 2696 amici
2891 2642 3152 2708 veniunt,
3178 2643 3334 2708 ﬂent,
3363 2643 3689 2708 consident,
3715 2652 3802 2698 ta-

2098 2737 2254 2799 cent;
2294 2747 2542 2800 moxque
2572 2731 2948 2800 subjungitur
2973 2730 3103 2800 hoc,
3155 2733 3308 2802 quod
3342 2730 3457 2785 diei
3481 2748 3589 2787 suo
3623 2732 3806 2786 male-

2097 2820 2309 2875 dixisse
2356 2821 2712 2890 perhibetur.
2766 2820 2889 2877 Nisi
2939 2822 3132 2890 itaque
3180 2822 3566 2890 incongruum
3601 2828 3690 2878 est
3740 2826 3808 2878 ut.

2095 2910 2465 2980 suspicemur
2485 2926 2641 2976 eum,
2669 2908 2827 2964 nullo
2851 2909 3190 2980 instigante,
3223 2910 3382 2965 nullo
3418 2911 3704 2980 pulsante,
3733 2928 3802 2966 ex

2093 2999 2454 3069 impatientia
2483 3001 2554 3055 ad
2582 3015 2776 3054 vocem
2813 3000 3239 3055 maledictionis
3262 3016 3588 3071 erumpere,
3621 3017 3798 3072 quem

277 3105 506 3158 cunque
542 3089 663 3144 hac
693 3105 820 3160 quas
853 3089 910 3143 in
943 3088 1279 3158 praefatione
1338 3090 1565 3143 fuerant
1619 3090 1978 3160 exquirenda
2009 3077 2052 3144 C
2093 3090 2364 3144 nimirum
2401 3091 2671 3146 novimus
2700 3090 2850 3145 inter
2871 3091 3086 3146 damna
3118 3108 3312 3146 rerum
3341 3097 3706 3162 mortemque
3739 3090 3801 3144 {i-

275 3178 670 3245 distinximus,
694 3181 862 3234 verba
884 3180 1010 3250 jam
1040 3178 1293 3234 histories
1324 3179 1676 3235 disserentes
1699 3196 1976 3250 exsequa-

282 3285 419 3324 mur.

709 3357 944 3414 CAPUT
969 3357 1250 3414 PRIMUM
1279 3358 1422 3429 meo.
1463 3359 1538 3429 V].

351 3451 488 3504 Car.
507 3464 588 3504 ιιι.
604 3448 778 3503 Vsas.
802 3450 910 3503 1-3.
929 3478 993 3488 -
1014 3449 1140 3502 Post
1161 3448 1278 3504 haec
1295 3449 1514 3517 aperuit
1530 3448 1624 3502 Job
1647 3464 1904 3515 ossuum,
1929 3456 1982 3505 et

276 3535 1031 3599 maledixitdieisuo,diccns
1051 3554 1068 3590 :
1085 3537 1280 3592 Pereat
1309 3536 1422 3591 dies
1455 3539 1510 3590 in
1524 3552 1628 3608 qua
1660 3543 1978 3591 natussum.

347 3625 399 3681 Ι.
435 3625 779 3681 His'roaicus
812 3642 875 3680 εἰ·
907 3641 1188 3681 MYSTICUS
1219 3641 1451 3680 sensus.
1484 3657 1553 3666 —
1579 3625 1682 3680 Job
1711 3641 1780 3682 ex
1811 3627 1985 3695 impa-

283 3718 486 3771 tientia
518 3715 880 3771 maledictum
901 3731 1011 3770 non
1052 3716 1303 3786 protulit.
1336 3745 1404 3756 —
1439 3714 1560 3770 Non
1601 3719 1692 3770 est
1723 3714 1981 3787 neglecte

275 3806 675 3862 disserendum
709 3805 860 3874 quod
890 3806 1123 3873 dicitur,
1149 3805 1376 3874 Aperuit
1398 3820 1452 3859 os
1473 3820 1654 3859 suum.
1680 3804 1983 3875 Scriptura

275 3896 431 3952 enim
465 3911 632 3951 sacra
660 3911 729 3951 ex
759 3894 848 3950 his
865 3910 992 3966 qure
1024 3894 1276 3950 tenuiter
1306 3894 1609 3965 premittit,
1654 3899 1983 3950 reverenter

273 3984 665 4057 exspectanda
688 3984 907 4039 indicat
925 4001 1049 4054 qua:
1074 3983 1396 4055 subjungit.
1417 3984 1580 4038 Sicut
1600 3983 1758 4038 enim
1783 3983 1982 4039 clausa

268 4074 512 4131 vascula
562 4073 701 4145 quid
746 4073 904 4128 intus
936 4073 1189 4128 habeant
1221 4073 1578 4143 ignoramus,
1613 4079 1807 4143 aperto
1847 4088 1983 4128 vero

271 4182 369 4222 ore
415 4162 792 4219 vasculorum
843 4163 982 4234 quid
1015 4162 1365 4220 intrinsecus
1405 4163 1770 4219 contineatur
1809 4178 1982 4235 agno-

272 4256 531 4322 scimus;
567 4255 646 4309 ita
667 4258 1005 4310 sanctorum
1037 4255 1234 4320 corda,
1258 4270 1382 4327 qua
1413 4253 1609 4310 clauso
1631 4270 1728 4309 ore
1758 4252 1986 4310 occulta

273 4348 440 4413 sunt,
472 4348 669 4415 aperto
702 4359 799 4399 ore
823 4343 1203 4415 deteguntur;
1237 4351 1290 4398 et
1313 4358 1446 4399 cum
1463 4343 1850 4415 cogitationes
1880 4343 1980 4397 de-

2091 3180 2324 3246 liorum,
2350 3179 2502 3234 inter
2519 3179 2756 3235 vulnera
2786 3180 3069 3249 corporis,
3103 3180 3254 3235 inter
3285 3182 3458 3236 verba
3487 3181 3637 3235 male
3668 3196 3803 3235 sua-

2089 3272 2279 3326 dentis
2311 3271 2521 3336 uxoris,
2556 3286 2770 3342 magna
2799 3271 3042 3326 creatori
3076 3270 3364 3342 praeconia
3395 3270 3604 3325 humili
3638 3287 3801 3326 men-

2091 3366 2146 3416 te
2177 3360 2521 3416 reddidisse.
2556 3360 2830 3415 Patefecit
2861 3375 2997 3431 ergo
3020 3376 3136 3430 qua
3169 3371 3359 3417 mente
3393 3360 3512 3415 haec
3564 3360 3797 3430 quietus

2091 3449 2320 3517 dixerit,
2343 3449 2437 3521 qui
2464 3453 2548 3503 tot
2577 3449 2678 3504 Dei
2702 3448 2904 3504 laudes
2927 3449 3101 3505 etiam
3127 3465 3441 3520 percussus
3463 3451 3543 3520 (ά)
3566 3466 3798 3505 emana-

2089 3538 2190 3595 vit.
2229 3537 2422 3606 Neque
2443 3537 2597 3592 enim
2626 3538 2994 3608 postmodum
3021 3554 3134 3592 non
3161 3555 3472 3609 percussus
3495 3538 3800 3608 superbire

2057 3691 2060 3695 ι
2091 3625 2298 3697 potuit,
2323 3641 2498 3696 quem
2521 3634 2573 3679 et
2605 3626 2663 3680 in
2685 3626 3059 3696 percussione
3089 3626 3256 3681 dolor
3290 3626 3570 3681 humilem
3603 3631 3797 3681 osten-

2091 3712 2196 3767 dit.
2230 3712 2341 3768 Sed
2371 3728 2504 3769 cum
2530 3719 2682 3769 certo
2714 3716 2981 3769 novimus
3013 3715 3167 3784 quod
3221 3713 3593 3769 maledictum
3627 3729 3798 3768 sacra

2088 3803 2386 3872 Scriptura
2414 3801 2698 3870 prohibet,
2730 3819 2832 3858 cur
2862 3807 3014 3857 recte
3041 3801 3357 3872 aliquando
3380 3802 3504 3858 ﬁeri
3536 3803 3793 3859 dicimus

2091 3892 2242 3961 quod
2271 3893 2341 3961 (c)
2372 3891 2538 3946 vitari
2571 3892 2772 3947 eodem
2809 3908 2974 3946 sacro
3006 3891 3237 3961 eloquio
3261 3908 3373 3946 non
3406 3891 3798 3959 ignoramus?

2164 3982 2308 4051 [Rea
2368 3981 2478 4051 VL]
2523 3982 2576 4036 2.
2635 3979 2989 4035 Maledictum
3045 3980 3198 4034 aliud
3227 3995 3300 4034 ex
3339 3978 3582 4050 judicio,
3641 3977 3796 4032 aliud

2091 4088 2163 4127 ea:
2193 4071 2448 4128 vindicta.
2483 4101 2552 4113 —
2573 4071 2882 4127 Sciendum
2913 4087 3044 4126 vero
3075 4076 3162 4126 est
3192 4070 3346 4140 quod
3378 4069 3678 4140 Scriptura
3707 4085 3798 4124 sa-

2092 4178 2188 4217 cra
2219 4163 2448 4217 duobus
2481 4161 2666 4218 modis
2700 4162 3077 4217 maledictum
3111 4164 3411 4226 memorat,
3445 4159 3602 4215 aliud
3635 4158 3792 4214 vide-

2092 4251 2228 4309 licet
2265 4253 2420 4322 quod
2453 4252 2756 4322 approbat,
2791 4252 2948 4306 aliud
2981 4252 3132 4322 quod
3171 4253 3406 4306 damnat
3437 4251 3548 4320 (24,
3580 4266 3632 4322 q.
3667 4251 3722 4318 3,
3745 4264 3798 4304 c.

2097 4343 2147 4409 1,
2171 4358 2293 4396 can.
2318 4342 2459 4396 Cum
2488 4343 2715 4412 sancti.)
2746 4340 2924 4396 Aliter
2962 4341 3120 4395 enim
3155 4339 3527 4396 maledictum
3580 4341 3800 4411 profer-

277 4436 508 4503 tegunt,
537 4449 601 4488 os
634 4432 853 4504 aperire
873 4432 1221 4497 referuntur,
1258 4435 1319 4486 ut
1350 4432 1571 4486 intenta
1593 4436 1806 4496 mente,
1841 4448 1980 4502 qua-
2013 4450 2060 4514 υ
2093 4431 2696 4501 turjudiciojustitiae,
2723 4430 3081 4486 aliterlivore
3104 4429 3391 4485 vindicta.
3420 4429 3792 4487 Maledictum

271 4522 318 4578 si
353 4522 570 4593 apertis
604 4521 868 4592 vasculis,
902 4521 1038 4592 quid
1074 4521 1232 4576 intus
1263 4521 1600 4576 contineant
1635 4520 1980 4576 festinemus

274 4627 644 4679 cognoscere,
678 4627 745 4667 ac
779 4611 1170 4682 nosmetipsos
1218 4625 1418 4665 eorum
1455 4608 1657 4664 intimo
1689 4609 1862 4664 odore
1897 4626 1978 4665 re-

272 4715 493 4756 creare.
528 4700 688 4756 Unde
718 4703 774 4754 et
801 4699 1080 4755 sublimia
1110 4703 1394 4771 praecepto
1429 4697 1672 4753 Domino
1700 4699 1757 4754 in
1792 4702 1979 4755 tronte

273 4789 345 4860 (c)
372 4789 596 4846 dicturo
627 4788 1004 4860 praemittitur
1024 4805 1035 4843 :
1059 4790 1318 4860 Apericns
1339 4805 1399 4842 os
1419 4804 1580 4843 suum
1595 4787 1742 4843 dixit
1764 4787 1978 4857 (Matth.

347 4957 428 5028 (α)
467 4957 558 5028 lla
605 4955 664 5011 in
732 4955 1002 5028 omnibus
1035 4971 1178 5028 pene
1206 4956 1382 5028 Mss,
1418 4956 1696 5013 nimirum
1731 4956 1787 5011 in
1809 4956 1956 5012 Corb

273 5027 497 5096 Germ.,
532 5027 708 5083 duob.
735 5027 964 5092 Rhem.,
997 5027 1172 5084 duob.
1199 5027 1447 5153 Itemigj,
1468 5028 1526 5082 in
1550 5028 1821 5083 omnibus
1843 5028 1980 5083 Nor-

273 5117 459 5153 man..
501 5099 680 5153 duob.
732 5100 1068 5153 Comnend..
1099 5104 1153 5152 S.
1188 5100 1341 5153 Alb..
1423 5101 1556 5153 ongi
1588 5099 1672 5153 Ρ..
1703 5099 1826 5153 Val.
1868 5099 1977 5153 CL.

271 5117 459 5165 man.,
501 5099 680 5155 duob.
732 5100 1068 5170 Compend.,
1099 5104 1153 5152 S.
1188 5100 1341 5164 Alb.,
1378 5099 1556 5169 Longi
1588 5099 1672 5170 P.,
1703 5099 1826 5154 Val.
1868 5099 1977 5166 CL,

270 5173 332 5227 in
381 5187 498 5226 uno
548 5170 850 5227 Vindocin.
880 5169 959 5225 Ex
1018 5171 1239 5239 liemig.
1282 5185 1437 5225 unus
1479 5176 1535 5224 et
1567 5169 1707 5225 alter
1735 5170 1977 5226 Vindoc.

271 5243 513 5308 habent,
537 5253 589 5297 et
622 5242 780 5312 quasi
810 5250 972 5297 natus
993 5242 1266 5297 masculus
1302 5242 1566 5312 loquitur.
1602 5244 1664 5296 ln
1700 5242 1854 5298 nullo
1874 5259 1980 5297 au-

270 5321 391 5370 tem
433 5315 644 5380 legitur
665 5321 730 5368 ut
760 5315 818 5368 in
844 5314 974 5369 aliis
999 5315 1207 5368 editis:
1233 5318 1282 5368 et
1312 5313 1452 5385 quod
1481 5317 1734 5368 sitnatus
1762 5331 1982 5369 mascu-

271 5388 362 5442 lus
395 5387 659 5455 loquitur.
693 5385 874 5441 Vetus
931 5386 1082 5440 Edit.
1118 5384 1538 5452 Paris.hahet,
1571 5389 1618 5440 et
1641 5386 1798 5455 quasi
1854 5395 1983 5441 nato

266 5457 516 5514 masculo
547 5457 807 5528 loquitur.
873 5457 995 5512 Vet.
1033 5457 1222 5526 Basil.,
1255 5462 1305 5512 et
1335 5457 1493 5527 quasi
1528 5460 1672 5512 natis
1721 5458 1982 5513 masculis

271 5533 544 5586 toauitur.

330 5547 719 5672 qtlbljtlutiiﬂditis
736 5605 794 5656 et
815 5599 1108 5672 nonnullis
1124 5600 1358 5672 Mss.,ct
1388 5600 1630 5655 verbera.
1648 5601 1980 5672 Legendum

275 5671 420 5731 cum
456 5672 594 5727 Mss.
626 5671 792 5728 Corb.
826 5671 1018 5727 Germ.
1062 5675 1120 5726 et
1149 5671 1365 5740 Germ.,
1399 5678 1452 5727 et
1481 5673 1650 5726 verba
1677 5689 1699 5733 ;
1736 5671 1984 5728 suadent

274 5748 408 5804 hac
455 5741 714 5816 proxime
744 5757 864 5814 seq.
923 5745 1069 5800 inter
1097 5743 1324 5800 vulnera
1349 5744 1610 5814 corporis,
1641 5743 1791 5800 inter
1821 5743 1983 5799 verba

2089 4521 2821 4594 quippejudiciojustitiaa,
2846 4521 2956 4591 ipsi
2977 4522 3046 4591 (Γ)
3067 4521 3252 4592 primo
3287 4520 3512 4576 homini
3533 4523 3799 4594 peccanti

2089 4610 2376 4682 prolatum
2410 4613 2521 4675 est,
2551 4623 2686 4663 cum
2719 4608 2942 4664 audivit
2977 4625 2988 4661 :
3025 4607 3310 4663 Maledicta
3342 4617 3490 4665 terra
3536 4611 3596 4664 in
3637 4626 3796 4681 opere

2092 4703 2182 4755 tuo
2212 4698 2422 4768 (Genes.
2463 4715 2548 4763 ιιι,
2583 4697 2689 4766 17).
2723 4697 3097 4753 Maledictum
3131 4698 3374 4769 justitias
3398 4699 3624 4768 judicio
3660 4717 3795 4771 pro.

2093 4790 2298 4854 fertur,
2330 4806 2463 4845 cum
2495 4789 2564 4844 ad
2595 4787 2889 4844 Abraham
2922 4789 3137 4845 dicitur
3165 4807 3177 4845 :
3201 4789 3518 4845 Malcdicam
3566 4789 3798 4845 maledi-

2090 4956 2234 5012 male
2261 4955 2551 5011 suadentis
2583 4956 2797 5012 uxoris.
2834 4957 3086 5014 Possunt
3116 4956 3293 5011 etiam
3326 4953 3651 5009 amicorum
3671 4966 3797 5005 ver-

2091 5028 2164 5083 ba
2195 5036 2246 5082 et
2279 5027 2489 5093 probra
2519 5027 2614 5084 hic
2645 5029 2854 5085 notari.

2161 5100 2238 5169 (c)
2271 5098 2432 5154 Unus
2464 5115 2531 5154 ex
2563 5099 2769 5155 Rhem.
2789 5104 2844 5154 et
2866 5099 3011 5154 alter
3029 5097 3276 5168 Remig.,
3297 5095 3522 5161 datura,
3542 5109 3654 5165 quo
3675 5109 3796 5149 ver-

2091 5171 2164 5226 bo
2197 5172 2381 5225 utitur
2408 5173 2792 5226 Augustinus.
2826 5171 2864 5224 l.
2906 5188 2925 5224 ι
2957 5172 3027 5222 de
3056 5170 3238 5223 Serm.
3281 5167 3448 5222 Dom.
3483 5168 3538 5222 in
3573 5171 3792 5226 monte.

2093 5189 2164 5226 no
2197 5189 2381 5225 untur
2408 5189 2792 5240 augustinus,
2826 5189 2864 5224 ι.
2906 5189 2925 5224 ι
2957 5189 3027 5222 ue
3056 5189 3238 5223 bern].
3282 5189 3347 5222 υ(

2093 5259 2264 5312 quem
2299 5242 2393 5296 hic
2426 5242 2693 5296 nonnihil
2724 5243 2985 5295 imitatur
3017 5238 3347 5312 Gregorius.

2164 5315 2237 5380 (ά)
2275 5314 2357 5368 Ita
2387 5329 2590 5367 omnes
2625 5313 2852 5377 Rhem.,
2879 5309 3321 5381 Remig.,'Corb.
3355 5311 3574 5380 Germ.,
3605 5309 3789 5379 Colb.,

2093 5383 2357 5450 Floriac.,
2389 5385 2657 5451 Vindoc.,
2683 5388 2901 5466 Norm,
2921 5393 3051 5451 etc.,
3084 5388 3140 5438 et
3169 5388 3280 5438 vet.
3308 5384 3455 5439 Edit.
3492 5383 3793 5439 Recentio-

2091 5470 2204 5522 1³08,
2236 5471 2521 5524 percussus
2551 5463 2852 5510 enarravit.

2163 5527 2233 5600 (ε)
2259 5529 2326 5600 in
2360 5526 2532 5600 etiam
2566 5526 2787 5600 laudati
2820 5525 2961 5582 Mss.
2995 5527 3147 5582 Editi
3179 5527 3394 5582 habent
3423 5529 3564 5600 quod
3592 5529 3789 5600 vetari.

2165 5599 2228 5673 (Ι)
2251 5597 2534 5673 _No_nnulli
2559 5597 2728 5673 _Mss._,
2759 5599 2872 5673 ipso
2900 5601 3081 5671 primo
3110 5601 3334 5658 homine
3359 5597 3632 5673 peccante.
3671 5599 3793 5654 Ali-

2091 5665 2211 5742 qui,
2242 5670 2300 5724 in
2331 5671 2446 5741 ipso
2473 5665 2657 5740 primo
2687 5665 2912 5729 hornine'
2931 5678 3204 5744 peccante.
