4134 6174
361 219 482 279 639

1646 215 1923 280 SANOTI
1969 217 2343 282 GREGORII
2389 219 2650 282 MAGNI

3760 226 3887 289 640

351 375 596 432 centibus
626 373 734 429 tibi
761 371 1114 444 (Genes.xm,
1137 373 1211 443 3).
1244 373 1498 428 Rursum
1521 373 1656 444 quia
1674 375 2048 434 maledictum
2082 357 2135 424 Δ
2164 373 2263 442 ligi
2297 375 2324 430 ?
2363 375 2515 445 quod
2549 373 2808 446 quandiu
2843 389 2945 431 nos
2975 375 3036 431 in
3069 375 3178 432 hac
3222 383 3430 432 nostra:
3475 379 3888 439 mutabilitatis

357 480 472 520 non
511 463 737 531 judicio
779 463 1046 532 justitiae,
1081 463 1179 517 sed
1215 462 1392 518 livore
1437 463 1704 519 vindictas
1755 467 2065 536 promitur,

353 570 493 610 voce
527 554 684 608 Pauli
710 553 952 624 apostoli
981 553 1365 624 pradicandis
1389 555 1796 624 admonemur,
1827 559 1924 628 qui
1949 559 2064 619 ait:

364 642 697 707 Benedicite,
749 648 800 698 et
853 644 1028 697 nolite
1079 643 1401 698 maledicere
1439 644 1614 712 (Rom.
1666 663 1768 714 xu,
1831 649 1937 718 14).
2001 651 2070 705 Et

359 748 594 788 rursum
629 750 642 788 :
695 733 875 803 Neque
916 731 1180 787 maledici
1227 749 1460 801 regnum
1496 735 1593 789 Dei
1621 735 1970 802 possidebunt
2018 741 2072 809 (Ι

365 820 486 877 Cor.
519 838 596 889 v1,
631 822 740 891 10).
774 821 925 877 Deus
967 837 1101 893 ergo
1136 822 1478 878 maledicere
1519 825 1755 891 dicitur,
1789 833 1845 881 et
1874 831 2068 884 tamen

362 911 705 966 maledicere
753 911 930 966 homo
965 911 1344 982 prohibetur;
1381 914 1515 984 quia
1548 915 1698 986 quod
1735 915 1904 972 homo
1951 919 2074 990 agit

366 1000 588 1054 malitia
617 1000 911 1066 vindictas,
947 1001 1100 1056 Deus
1133 1017 1246 1056 non
1281 1002 1416 1056 facit
1448 1002 1559 1057 nisi
1592 1003 1856 1060 examine
1877 1009 1933 1062 et
1962 1008 2075 1063 vir-

361 1093 482 1144 tute
532 1088 799 1160 justitiaa.
839 1091 982 1162 [Vet.
1018 1091 1138 1160 IV.]
1171 1091 1314 1146 Cum
1347 1107 1480 1147 vero
1515 1093 1700 1148 sancti
1757 1095 1863 1150 viri
1897 1096 2072 1154 male-

367 1177 645 1233 dictionis
704 1177 1051 1234 sententiam
1111 1180 1411 1249 proferunt
1466 1182 1576 1248 (24,
1617 1198 1668 1253 ᾳ.
1711 1184 1763 1250 3,
1795 1200 1920 1243 can.
1985 1188 2071 1255 12,

364 1266 500 1322 Cum
529 1268 757 1338 sancti),
791 1284 905 1323 non
938 1268 1012 1324 ad
1040 1268 1188 1324 hanc
1217 1286 1286 1324 ex
1315 1273 1447 1325 voto
1476 1271 1740 1336 ultionis,
1767 1275 1866 1330 sed
1900 1275 1982 1347 (τι)
2004 1291 2072 1332 ex

358 1355 603 1428 justitiat
654 1357 924 1413 examine
970 1364 1302 1429 erumpunt.
1349 1360 1508 1415 Intus
1540 1361 1695 1416 enim
1730 1363 1943 1420 subtile
1973 1365 2072 1421 Dei

360 1446 653 1517 judicium
697 1447 1012 1519 aspiciunt,
1046 1453 1104 1504 et
1153 1447 1306 1504 mala
1341 1449 1490 1506 foras
1523 1454 1912 1524 exsurgentia,
1937 1456 2075 1525 quia

371 1536 680 1592 maledicto
713 1538 962 1593 debeant
993 1537 1180 1603 ferire,
1205 1546 1588 1610 cognoscunt;
1624 1550 1677 1596 et
1707 1558 1773 1598 εο
1803 1542 1860 1598 in
1895 1544 2078 1602 male.

374 1626 527 1680 dicto
559 1641 674 1680 non
727 1631 987 1696 peccant,
1029 1643 1143 1698 quo
1175 1627 1245 1681 ab
1278 1628 1504 1684 interno
1531 1631 1761 1699 judicio
1803 1649 1914 1688 non
1957 1636 2075 1692 dis-

2177 465 2545 534 corruptione
2577 467 2807 530 retinet,
2834 466 3171 522 aeternitatis
3197 466 3362 522 nobis
3393 468 3892 525 incommutabili-

2179 557 2263 609 tas
2322 572 2434 609 non
2495 561 2754 626 apparet.
2787 556 2894 619 Qui
2951 556 3132 626 igitur
3161 557 3316 612 diem
3359 558 3486 628 jam
3545 560 3892 619 eternitatis

2179 643 2353 711 videt,
2379 661 2527 716 aegre
2558 646 2707 700 diem
2743 662 2862 700 suae
2887 645 3256 701 mortalitatis
3280 647 3549 704 sustinet.
3578 649 3646 703 Et
3672 656 3889 706 notan-

2180 733 2316 788 dum
2349 735 2486 805 quia
2517 751 2631 790 non
2665 735 2764 799 ait,
2789 735 2990 790 Pereat
3019 736 3144 791 dies
3175 736 3234 791 in
3267 751 3380 807 qua
3409 737 3684 793 conditus
3712 754 3727 792 :
3760 738 3892 806 sed,

2181 823 2378 878 Pereat
2405 823 2517 879 dies
2551 825 2606 878 in
2653 841 2760 894 qua
2793 833 2954 880 natus
2980 841 3122 880 sum.
3156 825 3220 880 In
3260 825 3353 880 die
3383 826 3600 898 quippe
3641 826 3890 898 justitits

2182 911 2352 969 homo
2384 918 2473 968 est
2505 914 2796 975 conditus.
2817 916 2916 971 sed
2943 916 3070 986 jam
3095 915 3152 970 in
3183 919 3445 985 tempore
3470 917 3660 988 culpae
3694 921 3891 974 natus.

2181 1004 2358 1057 Adam
2421 1003 2573 1058 enim
2634 1004 2927 1072 conditus,
2980 1005 3079 1060 sed
3113 1003 3254 1060 Cain
3315 1006 3543 1076 primus
3578 1014 3752 1062 natus
3781 1011 3895 1062 est.

2180 1091 2322 1150 Quid
2355 1103 2440 1148 est.
2468 1109 2603 1164 ergo
2638 1093 2752 1150 diei
2784 1093 3103 1149 nativitatis
3144 1093 3515 1162 maledicere,
3549 1095 3663 1151 nisi
3697 1100 3898 1167 aperte

2183 1180 2373 1236 dicere
2403 1197 2415 1237 :
2444 1183 2572 1237 Dies
2607 1183 3011 1239 mutabilitatis
3034 1187 3252 1254 pereat,
3286 1191 3340 1239 et
3371 1184 3566 1241 lumen
3597 1185 3898 1241 aeternita-

2183 1269 2259 1326 tis
2293 1279 2586 1342 erumpat.

2253 1360 2387 1430 [Vet.
2470 1361 2604 1433 νη]
2676 1362 2729 1416 5.
2792 1363 3019 1430 Tempus
3077 1363 3472 1420 mutabilitatis
3540 1368 3743 1420 nostra:
3797 1363 3908 1419 ali-

2183 1451 2413 1520 quando
2431 1452 2653 1521 penitus
2679 1451 3014 1522 periturum.
3052 1453 3173 1508 Dies
3195 1455 3295 1524 qui
3325 1453 3413 1509 hic
3441 1457 3520 1510 ita
3542 1457 3774 1524 optatur
3815 1470 3904 1524 pe-

2182 1542 2296 1595 rire
2322 1543 2379 1594 ut
2397 1541 2540 1595 male
2565 1543 2748 1608 sit,est
2772 1545 3016 1611 apostata
3033 1542 3290 1610 spiritus.
3309 1575 3379 1584 —
3409 1543 3515 1598 Sed
3541 1542 3679 1612 quia
3709 1544 3900 1614 perire

2185 1630 2416 1686 duobus
2449 1630 2638 1686 modis
2669 1630 2860 1687 dicere
2894 1632 3152 1687 solemus
3180 1633 3375 1701 (aliter
3405 1633 3556 1688 enim
3595 1632 3780 1702 perire
3810 1633 3895 1688 di-

372 1716 634 1770 cordant.
672 1715 818 1772 Hinc
847 1718 1107 1786 estquod
1139 1718 1338 1773 Petrus
1371 1719 1427 1773 in
1459 1721 1793 1778 oﬂ'erentem
1826 1725 1938 1782 sibi
1972 1744 2077 1798 pe-
2109 1747 2153 1814 Β
2186 1718 2397 1814 cimus,
2431 1720 2661 1814 quando
2700 1719 2936 1814 aliquid
2954 1726 3226 1792 Optamus
3257 1732 3319 1778 ut
3350 1738 3463 1777 non
3497 1721 3606 1814 sit;
3628 1727 3698 1814 _et
3727 1723 3896 1814 aliter

371 1806 602 1860 cuniam
639 1806 960 1874 Simonem,
994 1807 1336 1863 sententiam
1370 1809 1794 1869 maledictionis
1818 1815 2070 1891 intorsit,

371 1894 572 1950 dicens
607 1911 619 1949 :
681 1896 922 1950 Pecunia
977 1904 1071 1951 tua
1119 1904 1293 1952 tecum
1333 1901 1404 1953 sit
1435 1901 1493 1954 in
1525 1901 1889 1970 perditionem
1938 1907 2074 1977 (Act.

375 2000 501 2052 νιιι,
533 1987 645 2057 20).
681 1988 788 2051 Qui
821 1987 976 2042 enim
1007 2003 1119 2044 non
1152 1989 1252 2055 ait,
1285 1998 1363 2044 est
1391 2007 1412 2051 ,·
1451 1991 1549 2046 sed
1580 1995 1673 2061 sit,
1709 2011 1820 2050 non
1855 1996 2080 2055 indica-

375 2076 516 2140 tivo,
561 2076 661 2131 sed
701 2078 954 2145 optativo
982 2078 1149 2132 modo
1193 2094 1252 2132 se
1284 2079 1403 2134 hinc
1443 2081 1659 2137 dixisse
1700 2086 1856 2140 106
1894 2087 2081 2160 signa-

379 2165 476 2219 vit.
511 2164 656 2219 Hinc
685 2165 839 2220 Elius
872 2166 1102 2222 duobus
1125 2168 1638 2240 quinquagenariis
1660 2174 1730 2228 ad
1757 2191 1819 2229 se
1847 2177 2081 2232 venien-

374 2252 529 2307 tibus
578 2252 764 2309 dixit:
821 2254 883 2308 Si
923 2255 1080 2311 homo
1139 2257 1234 2311 Dei
1290 2275 1428 2328 sum,
1495 2260 1778 2319 descendat
1825 2267 1968 2336 ignis
2021 2266 2086 2322 de

376 2342 525 2408 creto,
557 2347 610 2398 et
649 2350 925 2399 consumat
959 2361 1045 2400 vos
1096 2347 1187 2415 (IV
1216 2349 1342 2418 Reg.
1376 2367 1416 2415 ι,
1453 2351 1559 2419 10).
1611 2355 1869 2417 Quorum
1927 2361 2085 2412 utro-

379 2448 631 2504 rumque
662 2435 952 2490 sententia
981 2441 1198 2506 quanta
1226 2439 1304 2506 (ὁ)
1343 2440 1600 2496 veritatis
1627 2444 1848 2501 ratione
1879 2463 2086 2504 conva-

387 2520 521 2586 luit,
579 2523 866 2578 terminus
922 2541 1108 2581 causae
1166 2531 1530 2586 monstravit.
1597 2531 1740 2588 Nam
1774 2540 1832 2590 et
1888 2536 2088 2593 Simon

391 2615 602 2665 aeterna
651 2613 968 2682 perditione
1013 2615 1252 2684 interiit,
1285 2624 1342 2674 et
1381 2619 1528 2676 duos
1560 2622 2089 2693 quinquagenarios

389 2700 642 2771 desuper
691 2704 929 2759 veniens
991 2706 1230 2762 flamma
1286 2712 1668 2782 consumpsit.
1727 2713 1924 2770 Virtus
1956 2731 2089 2788 ergo

395 2790 761 2862 subsequens
815 2796 1182 2863 testificatur,
1246 2814 1355 2868 qua
1416 2805 1608 2856 mente
1668 2803 2092 2863 maledictionis

395 2880 684 2933 sententia
715 2882 1014 2949 promitur.
1042 2884 1181 2938 Cum
1208 2885 1362 2940 enim
1389 2889 1456 2957 (c)
1487 2897 1539 2942 et
1568 2889 1966 2948 maledicentis
1997 2895 2090 2950 in-

391 2968 660 3022 nocentia
709 2977 1030 3038 permanet,
1071 2979 1126 3027 et
1158 2979 1350 3028 tamen
1385 2991 1517 3030 eum
1565 2979 1664 3048 qui
1699 2981 2092 3057 maledicitur,

389 3071 574 3127 usque
597 3059 663 3112 ad
697 3059 998 3114 interitum
1026 3062 1355 3119 maledictio
1386 3065 1673 3136 absorbet,
1692 3085 1756 3123 ex
1782 3073 2085 3146 utriusque

350 3174 361 3179 --
391 3145 566 3214 parlis
599 3147 712 3202 ﬁne
743 3148 1056 3219 colligitur,
1090 3153 1226 3222 quia
1249 3154 1320 3207 ab
1353 3170 1467 3210 uno
1501 3145 2002 3230 etintimojudice
2026 3165 2085 3220 in

392 3250 552 3291 reum
588 3240 878 3294 sententia
910 3247 1144 3309 sumpta
1170 3243 1479 3311 iaculatur.

462 3327 515 3380 3.
550 3327 850 3384 Maledictio
889 3330 983 3385 Job
1014 3346 1084 3386 ea:
1112 3333 1445 3391 rectitudine
1476 3337 1699 3407 judicis.
1735 3370 1800 3382 —
1836 3343 2018 3414 Igitur
2041 3346 2092 3401 si

393 3414 685 3472 subtiliter
731 3420 880 3474 beati
932 3421 1034 3476 Job
1092 3424 1261 3478 verba
1309 3442 1641 3495 pensamus,
1697 3448 1810 3488 non
1841 3439 1931 3488 est
1965 3436 2093 3505 ejus

395 3507 721 3564 maledictio
739 3526 805 3564 ex
837 3512 1060 3567 malitia
1091 3513 1512 3586 delinquentis,
1537 3521 1633 3574 sed
1658 3537 1722 3576 ex
1753 3525 2094 3583 rectitudine

387 3597 604 3667 judicis
630 3616 642 3666 ;
670 3617 783 3655 non
805 3609 886 3656 est
914 3602 1000 3657 ira
1031 3605 1330 3671 commoti,
1352 3608 1450 3662 sed
1475 3609 1741 3666 doctrina
1764 3615 2095 3686 tranquilli.

395 3686 500 3749 Qui
536 3689 686 3743 enim
740 3695 859 3746 tam
893 3697 1042 3748 recta
1075 3693 1428 3752 maledicens
1461 3698 1684 3770 intulit,
1716 3719 1827 3757 non
1861 3711 2096 3775 pertur-

396 3774 647 3832 bationis
697 3780 833 3835 vitio
865 3781 1196 3851 succubuit,
1230 3785 1331 3840 sed
1383 3788 1655 3844 doctrinas
1690 3774 2091 3863 magisterium

393 3863 697 3957 impendit.
758 3868 914 3925 Vidit
970 3872 1185 3944 quippe
1217 3876 1436 3932 amicos
1484 3894 1616 3933 cum
1659 3880 1907 3938 clamore
1940 3884 2097 3957 ﬂere,

393 3956 538 4046 vidit
580 3963 767 4014 vestes
815 3961 1098 4032 scindere,
1131 3965 1274 4020 vidit
1306 3968 1538 4037 pulvere
1587 3972 1778 4040 capita
1823 3989 2098 4046 consper-

397 4045 563 4114 sisse,
624 4049 767 4104 vidit
811 4053 1272 4110 consideratione
1316 4072 1434 4111 sua:
1475 4061 1870 4127 percussionis
1900 4045 2101 4119 obmu-

395 4140 642 4206 tescere;
677 4145 733 4195 et
753 4140 840 4194 vir
867 4150 1109 4198 sanctus
1137 4144 1407 4216 inspexit,
1440 4149 1577 4218 quia
1599 4149 1656 4204 hi
1691 4152 1787 4222 qui
1824 4169 2101 4223 prospera

395 4229 740 4298 temporalia
793 4233 1189 4302 requirebant,
1249 4253 1316 4291 ex
1389 4241 1824 4310 comparatione
1882 4244 2099 4300 mentis

401 4316 644 4383 proprie
670 4333 799 4373 eum
833 4324 1136 4390 temporali
1169 4326 1408 4383 fractum
1453 4329 1800 4387 adversitate
1839 4334 2099 4390 credide-

401 4407 554 4455 rant.
609 4405 910 4494 Perspexit
965 4415 1119 4481 quod
1154 4419 1488 4474 transitoria
1528 4420 1839 4478 afﬂictione
1872 4441 2104 4494 percus~

2185 1806 2372 1878 perire
2421 1807 2695 1874 dicimus,
2743 1808 2979 1878 quando
3009 1813 3276 1879 optamus
3308 1813 3373 1864 ut
3420 1808 3571 1864 male
3595 1808 3713 1880 sit),
3761 1808 3901 1874 hoc,

2185 1897 2337 1967 quod
2373 1897 2444 1951 de
2481 1897 2584 1952 hoc
2627 1898 2720 1953 die
2773 1897 3070 1963 subditur,
3111 1897 3370 1954 Obscuret
3413 1914 3543 1955 eum
3591 1898 3797 1968 caligo,
3850 1905 3908 1954 et

2186 1985 2508 2040 involvatur
2552 1987 2944 2047 amaritudine,
2979 1986 3200 2057 liquido
3250 1989 3574 2043 ostenditur
3603 1987 3737 2058 quia
3771 1987 3900 2042 dies

2190 2075 2299 2131 iste
2331 2091 2444 2130 non
2480 2077 2558 2130 ita
2590 2083 2648 2130 ut
2672 2092 2787 2132 non
2806 2079 2900 2145 sit,
2936 2075 3034 2131 sed
3060 2075 3140 2130 ita
3162 2078 3351 2147 perire
3373 2083 3624 2147 optatur,
3651 2081 3717 2131 ut
3740 2074 3897 2131 male

2194 2167 2290 2221 sit.
2325 2163 2542 2219 lnvolvi
2574 2164 2728 2219 enim
2763 2164 3155 2220 amaritudine
3179 2181 3291 2221 non
3328 2169 3516 2236 potest
3545 2165 3692 2235 quod
3733 2163 3904 2219 omni

2196 2255 2370 2308 modo
2401 2253 2688 2322 perditum
2723 2269 2838 2310 non
2879 2258 2965 2309 est
2996 2255 3249 2324 penitus.
3297 2258 3416 2310 Hoc
3437 2259 3625 2310 autem
3656 2258 3899 2322 tempus

2198 2351 2406 2399 nostra:
2454 2343 2854 2399 mulabilitatis
2905 2360 3020 2399 non
3051 2344 3406 2415 quandoque
3435 2345 3515 2399 ita
3546 2344 3900 2413 periturum,

2200 2433 2257 2488 id
2293 2441 2398 2498 est,
2431 2435 2816 2490 transiturum
2849 2438 2956 2500 est,
2999 2438 3062 2489 ut
3107 2433 3254 2489 male
3285 2435 3362 2488 sit
3394 2452 3407 2495 ;
3443 2432 3545 2488 sed
3577 2437 3641 2488 ut
3664 2433 3898 2503 penitu

2198 2541 2314 2579 non
2347 2523 2444 2586 sit,
2477 2523 2680 2596 angelo
2712 2523 2769 2578 in
2803 2540 2967 2580 sacro
3015 2524 3244 2596 eloquio
3277 2528 3603 2587 attestante,
3637 2523 3737 2594 qui
3769 2523 3850 2578 ait
3885 2537 3900 2577 :

2200 2614 2306 2668 Per
2356 2614 2622 2668 viventem
2653 2614 2708 2666 in
2766 2612 2984 2680 secula,
3043 2614 3173 2684 quia
3228 2617 3441 2682 tempus
3473 2609 3595 2680 jam
3642 2626 3752 2665 non
3797 2611 3907 2664 erit

2204 2702 2384 2774 (Apoc.
2417 2719 2472 2768 x,
2506 2704 2580 2772 6).
2644 2702 2787 2760 Nam
2847 2703 2948 2758 etsi
3004 2701 3289 2772 Propheta
3345 2701 3506 2768 dicit,
3542 2700 3661 2756 Erit
3695 2704 3908 2771 tempus

2203 2808 2389 2849 eorum
2445 2795 2501 2847 in
2559 2798 2827 2849 aeternum
2856 2792 3036 2860 (Psat.
3087 2809 3250 2859 Lxxx,
3310 2792 3417 2861 16),
3449 2791 3584 2862 quia
3617 2805 3719 2861 per
3777 2804 3906 2844 mo-

2204 2893 2398 2939 menta
2428 2887 2660 2954 tempus
2689 2882 2906 2950 deficit,
2941 2881 3176 2938 nomine
3200 2881 3479 2953 temporis
3513 2896 3708 2937 eorum
3740 2881 3906 2936 dete-

2203 2981 2357 3030 ctum
2392 2977 2638 3044 vocavit,
2669 2975 2981 3030 ostendens
3013 2976 3161 3045 quod
3197 2973 3274 3044 (ἀ)
3308 2975 3433 3029 sine
3455 2972 3783 3029 omnimodo
3817 2971 3918 3028 de~

2205 3066 2354 3121 fectu
2389 3065 2668 3120 deficiunt
2710 3065 2765 3120 bi
2799 3064 2895 3134 qui
2927 3081 2960 3120 a
2990 3063 3223 3120 visionis
3258 3064 3473 3119 intimae
3505 3061 3912 3120 consolatione

2201 3160 2566 3227 separantur.
2601 3155 2741 3221 Quia
2783 3156 2932 3210 101
2969 3171 3105 3227 ergo
3142 3160 3352 3211 nostras
3385 3153 3763 3210 mortalitatis
3796 3153 3908 3209 hoc

2201 3249 2434 3314 tempus
2456 3261 2570 3300 non
2604 3247 2683 3301 ita
2712 3250 2776 3300 ut
2807 3245 2955 3300 male
2984 3247 3085 3310 sit,
3121 3247 3215 3300 sed
3250 3244 3332 3299 ita
3367 3245 3511 3313 perit
3558 3247 3620 3298 ut
3651 3259 3767 3298 non
3799 3243 3908 3309 sit;

2203 3334 2576 3405 querendum
2610 3339 2697 3390 est
2728 3334 2867 3406 quid
2902 3334 2978 3391 sit
3009 3334 3162 3404 quod
3195 3349 3308 3388 non
3342 3333 3420 3388 ita
3454 3337 3514 3388 ut
3539 3348 3652 3387 non
3684 3332 3778 3396 sit,
3805 3332 3913 3387 sed

2204 3423 2283 3478 ita
2317 3423 2501 3494 perire
2531 3428 2767 3495 optatur
2796 3433 2857 3478 ut
2891 3423 3040 3480 male
3070 3423 3166 3478 sit.
3203 3423 3474 3478 Humana
3503 3421 3656 3477 enim
3693 3421 3914 3489 anima,

2205 3529 2305 3570 seu
2334 3513 2628 3584 angelicus
2675 3513 2918 3586 spiritus
2964 3514 3039 3568 ita
3086 3512 3435 3568 immortalis
3481 3517 3592 3579 est,
3645 3515 3711 3566 ut
3763 3508 3912 3565 mori

2206 3603 2390 3675 possit
2421 3602 2541 3670 ;ita
2567 3603 2850 3672 mortalis,
2884 3607 2947 3658 nt
2979 3603 3126 3659 mori
3158 3619 3271 3658 non
3306 3603 3508 3674 possit.
3541 3600 3692 3656 Nam
3736 3601 3905 3656 beate

2205 3696 2415 3762 vivere,
2474 3695 2594 3752 sive
2627 3711 2726 3766 per
2755 3695 2978 3758 vitium,
3013 3692 3133 3749 sive
3165 3708 3266 3764 per
3294 3691 3648 3764 supplicium
3704 3691 3915 3760 perdit.

2208 3784 2604 3842 Essentialiter
2634 3791 2828 3840 autem
2880 3785 3091 3850 vivere,
3121 3799 3301 3851 neque
3331 3797 3431 3854 per
3460 3781 3688 3846 vitium,
3726 3795 3915 3853 neque

2210 3891 2312 3946 per
2340 3875 2691 3947 supplicium
2717 3874 2954 3930 amittit.
2989 3875 3033 3929 A
3065 3873 3347 3946 qualitate
3369 3872 3526 3928 enim
3552 3871 3783 3927 vivendi
3817 3871 3916 3926 de-

2209 3962 2354 4028 ficit,
2379 3963 2478 4019 sed
2513 3963 2670 4019 omni
2705 3964 2875 4020 modo
2933 3961 3287 4017 subsistendi
3311 3959 3611 4015 interitum
3645 3973 3746 4014 nec
3778 3973 3911 4014 mo-

2209 4053 2364 4108 riens
2394 4053 2591 4110 sentit.
2627 4052 2694 4108 Ut
2723 4069 2858 4125 ergo
2890 4053 3139 4108 breviter
3167 4052 3436 4118 dixerim,
3469 4055 3526 4105 et
3563 4047 3915 4105 immortali-

2211 4148 2297 4199 ter
2353 4143 2618 4198 mortalis
2675 4153 2781 4210 est,
2839 4149 2898 4198 et
2952 4142 3260 4199 mortaliter
3316 4140 3688 4196 immortalis.
3756 4139 3914 4208 [Rea

2217 4231 2382 4304 VIII.]
2441 4232 2586 4286 Dum
2645 4233 2819 4302 igitur
2865 4232 2989 4288 dies
3023 4237 3087 4288 ut
3134 4236 3331 4301 pereat
3359 4237 3617 4302 optatur,
3647 4232 3704 4285 et
3734 4228 3916 4299 paulo

2213 4329 2344 4396 post
2372 4322 2752 4379 involvendus
2795 4324 3187 4380 amaritudine
3219 4322 3464 4387 dicitur;
3498 4336 3667 4392 quem
3706 4319 3918 4375 creda-

2211 4429 2342 4469 mus
2371 4416 2525 4485 quod
2557 4418 2644 4469 vir
2673 4421 2907 4469 sanctus
2939 4413 3051 4470 diei
3085 4412 3319 4468 nomine
3348 4417 3671 4482 exprimere
3710 4407 3920 4479 voluit,

401 4506 528 4545 sum
591 4493 891 4584 desperate
941 4517 1054 4555 non
1116 4503 1336 4571 ﬂerent,
1398 4508 1508 4564 nisi
1570 4510 1681 4582 ipsi
1731 4487 2100 4584 map-emtam
2134 4487 2178 4552 D
2211 4503 2323 4558 nisi
2357 4509 2674 4576 apostatam
2695 4505 2986 4575 spiritum,
3013 4503 3110 4576 qui
3141 4502 3199 4558 in
3220 4501 3449 4557 vivendi
3468 4498 3923 4556 essentiaetiam

401 4585 657 4637 mentem
691 4583 762 4638 ab
794 4603 898 4657 spe
931 4589 1346 4651 incolumitatis
1387 4597 1625 4654 internis
1658 4583 2101 4672 subtraherent;

405 4674 462 4726 et
492 4671 630 4726 dum
694 4679 954 4749 erumpit
985 4681 1135 4735 {oras
1167 4683 1222 4737 in
1268 4701 1464 4742 vocem
1497 4689 1733 4760 doloris,
1783 4671 2105 4750 vulneratis

404 4760 560 4817 intus
590 4767 845 4822 ostendit
874 4768 1148 4826 virtutem
1183 4773 1609 4846 medicaminis,
1643 4782 1843 4838 dicens
1874 4795 1890 4839 ξ

469 4853 662 4910 Pereat
694 4855 810 4912 dies
841 4858 899 4914 in
921 4875 1027 4930 qua
1049 4868 1216 4917 natus
1244 4881 1384 4922 sum.

474 4943 615 5015 [Rea
663 4945 799 5019 VII].
857 4949 907 5003 4.
967 4951 1240 5008 Maledicit
1296 4955 1409 5012 diei
1456 4960 1868 5029 mntabititatis,
1899 4979 1971 5019 ex
2009 4965 2106 5020 in-

401 5034 547 5090 tuitu
564 5039 922 5094 eternitatis.
939 5070 1006 5081 —
1028 5041 1175 5106 Quid
1195 5044 1348 5100 enim
1374 5047 1541 5103 debet
1557 5049 1819 5120 perdiem
1835 5052 2103 5108 nativita-

347 5171 358 5178 .
402 5125 498 5193 tis,
531 5127 643 5182 nisi
676 5145 844 5188 omne
875 5131 984 5190 hoc
1014 5137 1244 5205 tempus
1275 5141 1485 5193 nostras
1526 5140 1898 5198 mortalitatis
1927 5140 2104 5198 intel-

415 5340 424 5351 .
475 5269 665 5354 (alita
689 5274 804 5331 fere
830 5293 1032 5354 omnes
1064 5281 1246 5338 nostri
1281 5284 1416 5338 Mss.
1451 5283 1576 5340 νει.
1613 5285 1758 5341 Edit.
1784 5291 1841 5342 et
1870 5287 2014 5353 aliae,
2038 5302 2109 5343 ea:

398 5347 619 5425 Iustitia
646 5352 944 5425 examinis.
979 5351 1284 5425 Secundus
1320 5356 1526 5413 Rhem.
1549 5361 1718 5412 habet
1743 5377 1754 5414 :
1781 5359 1874 5415 sed
1893 5377 1962 5414 ea:
1983 5347 2104 5415 voto

403 5417 634 5498 jus/tilias
664 5417 912 5498 u‘ltinnis,
935 5423 1142 5498 scilicet
1174 5433 1432 5484 examine
1453 5431 1702 5498 justitiz.

476 5483 990 5570 (1)),ξξᾳ1εεξῑυρἰο
1014 5494 1160 5570 Corb
1205 5483 1425 5570 _Germ.,
1447 5483 1503 5556 in
1523 5483 1798 5558 omnibus
1819 5504 1949 5558 Mss.
1970 5513 2020 5559 et
2044 5504 2103 5558 in

399 5555 713 5645 vehenti.
737 5555 948 5645 Paris.
981 5570 1037 5618 et
1068 5568 1240 5622 Basil.
1269 5571 1328 5625 In
1371 5555 1502 5628 aliis
1532 5555 2103 5645 ίιὸἑςᾶῐιὶἱίὶᾶιὶς’,’ὺέιῖ

404 5628 575 5684 betur
601 5644 656 5682 se
687 5630 954 5687 veritatis.

477 5698 545 5771 (c)
572 5696 736 5756 Unus
763 5698 969 5762 Rbem.
1003 5709 1059 5760 et
1080 5706 1192 5763 duo
1225 5710 1467 5782 Remig.,
1498 5731 1622 5771 cum
1641 5720 1790 5774 enim
1817 5719 2104 5774 maledici-

2213 4595 2515 4652 moriendo
2547 4595 2852 4651 subsistit?
2893 4610 3065 4665 quem
3100 4593 3346 4665 perditio
3386 4591 3513 4647 vitae
3537 4607 3651 4646 non
3678 4590 3920 4646 subtra-

2217 4684 2318 4751 hit,
2354 4685 2491 4755 quia
2549 4685 2605 4739 in
2639 4695 2849 4740 aeterno
2881 4685 3076 4740 dolore
3120 4684 3400 4756 positum,
3442 4679 3727 4738 servando
3758 4694 3925 4735 mors

2213 4774 2560 4831 immortalis
2587 4774 2905 4846 exstinguit
2931 4791 2944 4829 :
2980 4773 3075 4844 qui
3093 4775 3218 4845 jam
3250 4789 3281 4828 a
3311 4769 3696 4828 beatitudinis
3724 4768 3922 4842 gloria

2213 4867 2496 4938 dejectus,
2531 4867 2722 4923 adhuc
2753 4871 2986 4939 optatur
3015 4870 3082 4921 ut
3114 4868 3327 4937 pereat,
3347 4867 3413 4918 ut
3443 4860 3707 4917 videlicet
3727 4867 3922 4914 retru-

2211 4973 2311 5014 sus
2342 4957 2533 5030 dignis
2563 4956 2882 5030 suppliciis,
2915 4955 3086 5014 etiam
3125 4952 3381 5010 tentandi
3414 4950 3706 5010 licentiam
3737 4949 3926 5006 amit-

2211 5051 2315 5104 tat.

2283 5139 2415 5211 Wet.
2472 5139 2605 5194 VIII.
2669 5139 2788 5195 Hec.
2845 5138 2951 5210 1Χ.]
2997 5139 3050 5193 ὃ.
3112 5136 3230 5206 Qua
3275 5135 3493 5192 ratione
3537 5133 3680 5200 dies,
3739 5147 3931 5205 quave

2213 5291 2303 5360 tur
2330 5285 2478 5360 quis,
2499 5288 2564 5360 _et_
2590 5283 2957 5360 maledicentis
2987 5281 3303 5360 innocentia
3325 5285 3661 5360 _permanet._

2285 5356 2362 5425 (ά)
2389 5357 2466 5409 Ad
2492 5355 2664 5410 ﬁdem
2691 5357 3084 5422 antiquiorum
3116 5354 3250 5408 Mss.
3279 5353 3386 5425 hic,
3411 5353 3809 5425 expunximus
3835 5364 3935 5403 vo-

2214 5421 2407 5501 culam
2439 5427 2567 5495 ﬁne,
2600 5444 2730 5501 qua:
2759 5421 2841 5481 sic
2863 5426 3163 5501 legiturin
3196 5425 3328 5480 aliis
3352 5424 3536 5501 E_diti_s
3566 5437 3587 5501 Δε
3625 5421 3779 5501 Quod
3809 5427 3932 5501 sine

2212 5499 2320 5623 {ine
2350 5493 2655 5553 omnimodo
2686 5500 2899 5568 defectu
2921 5493 3215 5567 deﬁciunt,
3250 5506 3354 5552 etc.
3391 5495 3452 5550 In
3488 5493 3749 5550 Uticensi
3785 5495 3930 5548 olim

2237 5571 2530 5623 edebatur.
2558 5571 2677 5623 sine
2707 5569 2835 5623 line.
2868 5570 2969 5623 sed
3016 5586 3122 5623 vox
3152 5570 3260 5623 ﬁne
3290 5571 3579 5623 excuncta
3611 5571 3728 5622 est.
3781 5566 3929 5623 Per-

2237 5571 2530 5640 egebatur,
2558 5571 2677 5624 sine
2705 5566 2835 5639 line,
2868 5570 2969 5626 sed
3016 5586 3122 5626 vox
3150 5570 3260 5640 ﬁne
3290 5571 3579 5639 expuncta
3611 5571 3728 5622 est.
3781 5566 3929 5623 Per-

2214 5647 2439 5699 severat
2469 5641 2528 5697 in
2559 5640 2718 5699 Colb.
