4134 6174
212 289 327 351 641

1128 276 1549 339 MOBALIUM
1597 273 1741 335 LIB.
1792 273 1891 335 IV.
1942 303 2018 319 -
2061 271 2136 332 IN
2181 270 2349 332 CAP.
2399 272 2476 332 lll
2525 273 2593 333 Β.
2640 273 2804 334 JOB.

3614 283 3729 344 642

207 429 321 480 nos:
343 424 434 479 sit.
462 419 606 491 Quid
626 417 678 474 ei
698 421 934 489 optetur,
956 415 1084 471 dum
1107 420 1169 469 ut
1191 423 1378 484 pereat
1399 418 1638 483 aptatur.
1664 443 1730 453 ——
1756 414 1809 467 Is
1834 411 1918 466 ni-
1947 413 2001 481 Α
2031 409 2204 465 etiam
2239 409 2460 480 perdita
2508 411 2660 466 bona
2707 412 3011 482 reparavit.
3060 414 3214 473 Duas
3253 435 3386 476 vero
3417 421 3482 475 ad
3517 423 3730 479 intelli-

214 514 427 570 mirum
455 514 608 567 diem
632 526 694 566 se
724 509 978 576 exhibet,
1013 508 1148 579 quia
1183 521 1283 576 per
1317 522 1591 576 prospera
1613 505 1692 576 (a)
1719 502 1914 571 illicit;

215 605 317 661 sed
351 608 410 659 in
448 602 633 656 noctis
666 602 932 655 tenebras
972 597 1208 663 desinit,
1242 595 1380 666 quia
1412 595 1480 650 ad
1515 596 1756 649 adversa
1789 610 1920 664 per-

215 694 392 750 ducit.
431 691 591 746 Diem
626 705 880 761 namque
913 688 991 759 (b)
1021 685 1383 747 ostendebat.
1416 701 1548 741 cum
1592 684 1826 750 diceret,
1860 685 1918 738 In

212 797 547 855 quocumque
569 781 655 835 die
671 776 1014 833 comederitis
1034 791 1101 830 ex
1121 789 1201 836 eo,
1227 777 1545 843 aperientur
1564 772 1713 827 oculi
1733 773 1919 837 vestri,

217 881 267 928 et
300 870 459 926 eritis
497 872 640 925 sicut
677 868 762 922 dii
809 866 1018 938 (Cenes.
1055 881 1139 929 in,
1171 865 1259 935 5);
1293 865 1390 918 sed
1435 869 1660 917 noctem
1698 861 1918 929 intulit,

213 977 345 1018 cum
381 960 451 1014 ad
487 957 851 1013 mortalitatis
899 958 1164 1009 tenebras
1211 953 1498 1025 perduxit.
1546 951 1677 1006 Dies
1725 951 1922 1021 itaque

218 1058 327 1113 est.
359 1049 526 1104 illata
557 1045 872 1118 promissio
917 1044 1254 1110 meliorum;
1306 1041 1408 1097 sed
1449 1059 1556 1097 nos
1589 1046 1698 1107 est,
1750 1041 1919 1095 exhi-

223 1141 343 1195 bita
385 1140 509 1207 ipsa
550 1135 907 1205 eXperientia
956 1132 1374 1187 calamitatum.
1413 1130 1706 1202 Antiquus
1738 1130 1921 1184 hostis

221 1226 346 1282 dies
377 1232 468 1281 est
501 1241 599 1296 per
631 1233 894 1278 naturam
929 1223 1074 1276 bene
1101 1221 1403 1287 conditus;
1430 1223 1525 1275 sed
1563 1236 1675 1274 nox
1704 1224 1794 1274 est
1827 1234 1923 1287 per

215 1316 486 1373 meritum
530 1315 601 1368 ad
636 1314 905 1368 tenebras
938 1310 1230 1381 delapsus.
1284 1309 1412 1364 Dies
1459 1315 1566 1377 est,
1597 1325 1730 1364 cum
1761 1306 1924 1378 polli-

218 1408 396 1463 cendo
449 1407 621 1472 bona,
670 1403 944 1458 humanis
988 1401 1323 1471 aspectibus
1372 1399 1520 1455 lucis
1553 1415 1615 1454 se
1647 1397 1922 1468 angelum

217 1496 478 1563 simulat,
535 1493 709 1550 Paulo
759 1497 1071 1547 attestante
1102 1490 1200 1562 qui
1234 1491 1334 1557 ait,
1370 1492 1482 1560 Ipse
1510 1491 1658 1544 enim
1683 1488 1926 1543 Satanas

218 1587 582 1658 transﬁgurat
613 1601 671 1641 se
711 1587 774 1641 in
817 1585 1082 1656 angelum
1127 1584 1264 1638 lucis
1306 1583 1380 1652 (ll
1415 1583 1535 1637 Cor.
1568 1597 1646 1647 χι,
1682 1581 1788 1651 ili),
1824 1578 1926 1635 sed

222 1693 336 1732 nox
365 1680 479 1746 est,
502 1691 631 1732 cum
656 1679 882 1730 mentes
913 1673 1396 1728 consentientium
1430 1672 1643 1725 erroris
1673 1668 1926 1724 tenebris

2023 504 2278 572 gendum
2312 517 2371 556 se
2402 507 2694 556 creaturas
2737 505 2969 571 fecerat,
3002 508 3326 579 angelicam
3351 512 3637 578 videlicet,
3672 521 3729 572 et

2026 590 2342 644 humanam
2380 607 2391 646 :
2431 598 2739 662 utramque
2769 610 2903 648 vero
2936 598 3207 663 superbia
3256 602 3517 669 perculit,
3554 609 3728 674 atque

2025 679 2096 734 ab
2128 686 2283 735 statu
2318 682 2591 751 ingenitae
2622 685 2987 741 rectitudinis
3014 687 3203 759 fregit.
3229 689 3339 744 Sed
3369 708 3480 745 una
3505 697 3731 762 tegmen

2026 771 2213 824 carnis
2255 769 2480 835 habuit,
2514 772 2628 826 alia
2654 788 2785 827 vero
2821 774 2960 828 nihil
2996 776 3300 833 infirmum
3335 781 3404 834 de
3437 797 3607 838 carne
3638 800 3735 855 ge-

2025 862 2217 914 stavit.
2267 861 2519 931 Angelus
2561 879 2811 933 namque
2856 865 3206 922 solummodo
3251 870 3514 940 spiritus,
3560 873 3734 929 homo

2027 965 2158 1004 vero
2189 960 2241 1005 et
2275 951 2521 1018 spiritus
2553 958 2640 1007 est
2671 959 2726 1008 et
2757 971 2908 1008 caro.
2949 957 3213 1012 Missrtus
3241 975 3374 1031 ergo
3407 972 3633 1016 creator
3677 971 3739 1019 ut

2029 1040 2359 1104 redimeret,
2384 1040 2543 1095 illam
2579 1043 2647 1096 ad
2681 1059 2742 1097 se
2776 1044 2976 1099 debuit
3008 1049 3301 1110 reducere.
3331 1067 3504 1120 quam
3530 1053 3586 1106 in
3615 1070 3733 1123 per-

2029 1131 2345 1198 petratione
2381 1130 2564 1201 culpa
2616 1147 2683 1186 ex
2725 1132 3055 1190 inﬁrmitate
3100 1137 3319 1208 aliquid
3373 1147 3598 1195 constat
3633 1142 3736 1197 ha-

2027 1216 2253 1284 buisse;
2279 1228 2334 1273 et
2355 1236 2420 1274 eo
2449 1222 2519 1290 (e)
2554 1220 2725 1276 altius
2752 1223 2954 1278 debuit
2984 1234 3312 1291 apostatam
3347 1231 3616 1302 angelum
3644 1250 3734 1288 re-

2028 1309 2260 1378 pellere,
2314 1327 2425 1380 quo
2464 1326 2590 1365 cum
2634 1330 2664 1366 a
2711 1316 3057 1383 persistendi
3111 1318 3450 1374 fortitudine
3495 1323 3736 1391 Corruit,

2030 1397 2172 1451 nihil
2217 1399 2516 1453 inﬁrmum
2548 1417 2617 1454 ex
2647 1418 2821 1456 carne
2873 1407 3134 1474 gestavit.
3181 1407 3345 1464 Unde
3390 1417 3542 1465 recte
3575 1412 3739 1468 Psal-

2029 1487 2221 1554 mista,
2246 1505 2372 1543 cum
2401 1491 2702 1545 misertum
2739 1492 3181 1566 Redemptorem
3218 1499 3558 1556 hominibus
3591 1503 3743 1560 dice-

2030 1581 2135 1643 ret,
2179 1579 2366 1648 ipsam
2411 1596 2641 1650 quoque
2690 1597 2928 1637 causam
2987 1588 3400 1643 misericordiae
3431 1595 3737 1662 expressit,

2031 1665 2233 1721 dicens
2279 1684 2293 1721 :
2350 1673 2415 1722 Et
2464 1681 2793 1726 memomtus
2839 1678 2938 1740 est,
2997 1678 3127 1746 quia
3186 1694 3311 1734 caro
3377 1685 3504 1732 sunt
3571 1683 3736 1746 (Psal.

218 1768 514 1822 obscurat.
551 1763 643 1819 Vir
672 1778 807 1834 ergo
830 1766 1070 1817 sanctus
1099 1761 1158 1816 in
1192 1759 1388 1815 dolore
1422 1760 1651 1831 proprio
1683 1772 1919 1814 causam
1951 1759 1998 1825 Β
2028 1771 2236 1824 Lxxvu,
2288 1756 2397 1827 39).
2452 1757 2593 1828 [Rea
2653 1760 2737 1830 X.]
2786 1763 2863 1815 Ac
2922 1761 2970 1815 si
3030 1765 3246 1819 diceret
3301 1783 3314 1820 :
3368 1769 3489 1832 Quo
3539 1785 3740 1824 eorum

217 1853 398 1910 totius
425 1853 664 1909 humani
695 1853 925 1925 generis
956 1852 1194 1916 deﬂens,
1218 1857 1273 1906 et
1303 1849 1449 1905 nihil
1481 1848 1728 1919 speciale
1758 1848 1918 1902 omni

222 1943 390 1999 modo
413 1942 484 2012 (ε)
515 1943 574 1998 in
597 1941 836 2012 speciali
865 1941 1101 1996 vulnere
1132 1940 1416 2011 cogitans,
1441 1940 1535 1994 red
1548 1942 1677 1994 ucat
1706 1938 1776 1992 ad
1799 1937 1921 1992 ani-

223 2049 386 2089 mum
437 2032 722 2106 originem
782 2032 1000 2103 culpae;
1053 2033 1107 2086 et
1151 2029 1608 2085 consideratione
1651 2027 1918 2099 justitise,

223 2123 483 2179 dolorem
537 2129 818 2192 temperet
869 2137 1070 2192 ptume.
1125 2121 1323 2176 Videat
1370 2119 1692 2174 humanum
1743 2134 1924 2190 genus

226 2213 379 2267 unde
409 2228 528 2282 quo
575 2212 801 2275 cecidit,
836 2216 893 2266 et
922 2211 1075 2265 dicat
1109 2226 1121 2264 :
1158 2216 1353 2265 Pereat
1392 2210 1503 2264 dies
1537 2211 1593 2262 in
1625 2225 1728 2280 qua
1761 2217 1927 2264 natus

225 2318 368 2371 sum,
396 2307 450 2356 et
479 2319 592 2357 nox
622 2304 680 2356 in
710 2318 817 2374 qua
847 2301 1052 2356 dictum
1081 2306 1178 2367 est,
1208 2302 1502 2371 Conceptus
1532 2309 1608 2355 est
1640 2301 1816 2354 homo.
1851 2301 1927 2354 Ac

223 2390 273 2447 si
305 2396 499 2460 aperte
531 2392 688 2446 dicat
733 2408 744 2445 :
783 2392 984 2446 Pereat
1033 2407 1166 2461 spes
1212 2391 1284 2445 ab
1332 2394 1592 2460 apostata
1627 2387 1828 2459 angelo
1860 2387 1930 2442 il-

225 2481 369 2546 lata,
404 2482 503 2550 qui
534 2481 684 2536 diem
711 2497 772 2537 se
803 2481 1114 2545 simulans,
1147 2497 1214 2535 ex
1255 2480 1642 2551 promissione
1666 2478 1929 2532 divinita-

225 2571 302 2627 tis
327 2570 598 2639 emicuit;
625 2572 723 2627 sed
760 2576 988 2626 noctem
1019 2586 1080 2625 se
1111 2570 1406 2634 exhibens,
1433 2568 1619 2622 lucem
1645 2567 1812 2622 nobis
1837 2585 1931 2623 no-

231 2670 366 2717 stra:
391 2660 801 2716 immortalitas
820 2661 1174 2717 obscuravit.
1201 2663 1402 2716 Pereat
1424 2658 1703 2729 antiquus
1725 2657 1932 2723 hostis,

228 2752 331 2821 qui
368 2750 550 2806 lucem
585 2751 988 2823 promissionis
1029 2750 1301 2814 ostendit,
1333 2754 1388 2805 et
1420 2748 1636 2820 peccati
1667 2748 1935 2803 tenebras

232 2839 512 2907 contulit;
547 2842 640 2913 qui
677 2843 841 2912 quasi
874 2842 1026 2896 diem
1059 2857 1118 2896 se
1150 2839 1496 2894 blandiendo
1526 2838 1800 2905 innotuit,
1835 2840 1935 2895 sed

234 2947 424 3003 usque
474 2931 545 2987 ad
597 2932 965 2987 tenebrosam
1017 2937 1242 2987 noctem
1299 2947 1368 2986 ex
1416 2930 1703 3001 impressa
1747 2930 1939 2987 cordis

235 3019 489 3075 caecitate
519 3021 807 3091 perduxit.
840 3020 1110 3092 Sequitur
1142 3037 1156 3076 :

912 3109 1144 3166 CAPUT
1193 3109 1262 3165 Il.

307 3204 481 3257 Vens.
515 3201 569 3256 4.
597 3231 666 3240 -
696 3200 818 3257 Dies
850 3200 952 3255 ille
981 3201 1238 3255 vertatur
1269 3201 1328 3255 in
1368 3200 1634 3254 tenebras.

304 3292 362 3344 7.
401 3293 640 3346 Vertitur
669 3293 727 3345 in
761 3291 1025 3358 tenebras,
1057 3306 1178 3345 cum
1209 3305 1329 3360 qua:
1354 3291 1631 3360 promittit
1659 3304 1939 3360 prospera,

237 3379 621 3450 intelligentur
641 3379 887 3435 adversa.
911 3411 978 3421 —-
1000 3379 1174 3446 Quasi
1196 3378 1348 3434 lucet
1367 3378 1488 3433 dies
1513 3378 1620 3433 iste
1644 3379 1943 3435 mentibus

238 3469 567 3536 hominum,
618 3486 752 3525 cum
811 3468 1107 3541 pravitatis
1153 3471 1282 3539 ejus
1326 3470 1624 3539 persuasio
1673 3486 1948 3540 prospera

237 3558 514 3625 creditur,
544 3563 600 3614 et
631 3560 820 3630 qualis
865 3559 938 3614 sit
987 3559 1341 3614 intrinsecus
1394 3575 1506 3613 non
1547 3561 1796 3615 videtur.
1831 3560 1942 3615 Sed

238 3662 376 3704 cum
412 3646 692 3718 iniquitas
724 3647 900 3714 illius,
933 3647 1080 3702 sicut
1111 3652 1218 3716 est,
1252 3651 1608 3718 agnoscitur,
1643 3649 1766 3704 dies
1791 3648 1945 3703 falsae

241 3736 654 3807 promissionis
686 3737 852 3808 quasi
885 3737 1231 3806 quibusdam
1263 3742 1396 3790 ante
1427 3737 1498 3806 (ά)
1524 3738 1728 3808 judicii
1765 3738 1950 3793 nostri

239 3826 442 3882 oculos
475 3826 730 3882 tenebris
761 3827 1140 3894 obscuratur;
1178 3826 1314 3897 quia
1347 3824 1609 3881 videlicet
1640 3827 1834 3897 qualis
1865 3833 1952 3886 est

243 3933 310 3972 ex
344 3917 572 3983 merito,
604 3917 735 3972 talis
767 3917 1113 3988 perspicitur
1144 3916 1202 3971 in
1248 3915 1666 3972 blandimento.
1703 3917 1764 3972 In
1797 3923 1952 3977 tene-

244 4006 382 4061 bras
413 4021 550 4076 ergo
581 4005 703 4060 dies
736 4005 997 4072 vertitur,
1021 4007 1252 4076 quando
1284 4005 1525 4059 adversa
1547 4004 1949 4076 intelligimus,

243 4097 421 4150 etiam
445 4110 577 4166 quae
610 4111 880 4165 prospera
911 4094 1209 4149 suadendo
1242 4093 1569 4164 pollicetur.
1595 4094 1659 4149 In
1681 4096 1952 4151 tenebras

245 4184 373 4240 dies
403 4185 663 4252 vertitur,
697 4185 930 4256 quando
970 4185 1245 4255 antiquus
1287 4181 1472 4239 hostis
1504 4184 1688 4254 qualis
1723 4191 1806 4240 est
1844 4203 1955 4241 saa-

247 4272 433 4336 viens,
471 4272 604 4327 talis
628 4272 845 4327 anobis
879 4272 1221 4343 perspicitur
1243 4271 1416 4326 etiam
1451 4272 1560 4327 sub
1594 4272 1961 4330 blandimen'

247 4364 325 4420 tis
359 4361 586 4429 latens;
621 4378 693 4418 ne
723 4362 872 4419 ﬁctis
906 4361 1388 4434 prosperitatibus
1420 4361 1589 4432 quasi
1621 4379 1688 4417 ex
1720 4363 1831 4419 diei
1863 4363 1957 4418 lu-

2032 1843 2266 1900 infirma
2325 1845 2488 1913 vidit,
2545 1863 2611 1902 eo
2667 1849 2930 1906 districts
3003 1853 3207 1923 culpas
3276 1859 3477 1924 punire
3538 1857 3739 1916 noluit.

2035 1934 2134 1988 Est
2189 1935 2377 1989 adhuc
2436 1935 2615 2004 aliud,
2675 1954 2789 2008 quo
2834 1944 2889 1994 et
2937 1942 3198 2011 perditus
3258 1943 3431 2000 homo
3485 1949 3743 2019 reparari

2037 2023 2258 2095 debuit,
2307 2030 2361 2080 et
2411 2029 2749 2098 superbiens
2795 2032 3038 2101 spiritus
3090 2036 3343 2104 reparari
3393 2054 3507 2092 non
3542 2040 3744 2109 possit,

2035 2113 2171 2184 quia
2202 2115 2483 2172 nimirum
2518 2119 2759 2190 angelus
2793 2138 2900 2176 sua
2932 2123 3150 2179 malitia
3182 2127 3408 2192 cecidit,
3445 2127 3741 2186 hominem

2037 2220 2171 2259 vero
2204 2204 2392 2260 aliena
2439 2208 2768 2277 prostravit.
2822 2212 2965 2275 Quia
3012 2228 3148 2283 ergo
3199 2214 3522 2270 humanum
3557 2234 3742 2288 genus

2041 2294 2108 2348 ad
2144 2293 2330 2348 lucem
2388 2295 2739 2366 poenitentia:
2782 2299 3187 2372 Redemptoris
3235 2304 3482 2360 adventu
3519 2307 3745 2361 reduci-

2040 2384 2155 2448 tur,
2194 2389 2461 2453 apostata
2492 2400 2623 2440 vero
2674 2388 2912 2458 angelus
2958 2391 3027 2443 ad
3075 2393 3513 2448 restaurationis
3553 2393 3741 2450 lucem

2043 2470 2206 2525 nulla
2236 2488 2338 2541 spe
2382 2473 2577 2532 venite,
2625 2475 2783 2530 nulla
2813 2478 2881 2547 (Ι)
2915 2481 3309 2536 conversionis
3340 2485 3746 2540 emendatione

2043 2571 2377 2626 revocatur;
2407 2561 2635 2616 dicatur
2667 2571 2814 2620 recte
2845 2584 2858 2622 :
2896 2567 3011 2622 Non
3043 2571 3285 2640 requirat
3315 2587 3438 2626 eum
3472 2573 3609 2627 Deus
3652 2574 3744 2628 de-

2044 2665 2226 2717 super,
2249 2653 2302 2702 et
2332 2665 2441 2704 non
2473 2651 2712 2706 illustret
2743 2654 2972 2709 lumine.
3012 2665 3089 2712 Ac
3121 2658 3164 2711 si
3196 2665 3389 2728 aperte
3415 2661 3743 2718 diceretur:

2048 2739 2190 2804 Quia
2219 2739 2344 2809 ipse
2374 2741 2643 2795 tenebras
2683 2741 2901 2808 intulit,
2939 2746 3138 2802 toleret
3177 2749 3302 2803 sine
3335 2749 3445 2805 line
3479 2753 3630 2822 quod
3667 2754 3747 2807 fe-

2048 2829 2152 2896 cit;
2189 2844 2292 2884 nec
2323 2845 2582 2901 unquam
2605 2829 2803 2886 lumen
2840 2836 3068 2905 pristini
3097 2841 3287 2893 status
3319 2841 3580 2911 recipiat,
3615 2842 3749 2913 quia

2051 2916 2155 2972 hoc
2186 2919 2358 2973 etiam
2393 2935 2506 2974 non
2540 2937 2748 2977 suasus
2775 2923 2990 2979 amisit.
3020 2927 3287 2998 Sequitur
3316 2946 3329 2984 :

2726 3019 2951 3076 CAPUT
2992 3023 3080 3077 IV.

2121 3104 2296 3161 Vens.
2329 3109 2380 3159 5.
2409 3137 2478 3147 -—-
2510 3106 2802 3165 Obscurent
2832 3126 2956 3165 eum
2987 3113 3223 3168 tenebrz
3245 3117 3293 3169 et
3323 3116 3517 3172 umbra
3538 3121 3754 3175 mortis.

2120 3195 2173 3250 9.
2209 3196 2498 3250 Diabolum
2526 3201 2729 3252 erroris
2759 3200 2974 3255 recitas
3003 3204 3079 3256 sic
3109 3203 3306 3273 obruit,
3339 3210 3399 3259 ut
3448 3209 3533 3261 ad
3578 3212 3755 3277 paeni-

2052 3285 2244 3340 tentiae
2282 3285 2455 3340 lucem
2500 3304 2614 3340 non
2662 3289 2729 3343 sit
2768 3301 3198 3346 resurrecturus.
3235 3323 3296 3333 —
3339 3298 3440 3349 Per
3479 3298 3753 3354 umbram

2055 3375 2282 3439 mortis,
2316 3375 2527 3431 oblivio
2559 3378 2728 3433 debet
2757 3379 3002 3452 intelligi
3030 3399 3041 3449 ;
3069 3382 3206 3452 quia
3233 3383 3386 3439 sicut
3418 3402 3575 3442 mors
3607 3390 3759 3444 inte-

2056 3465 2216 3520 rimit
2245 3465 2445 3535 vitam,
2491 3468 2570 3523 ita
2609 3469 2820 3526 oblivio
2861 3472 3174 3543 exstinguit
3213 3478 3579 3533 memoriam.
3615 3481 3762 3546 Quia

2055 3571 2190 3626 ergo
2223 3561 2491 3627 apostata
2516 3559 2756 3629 angelus
2786 3567 3009 3616 interna:
3041 3563 3316 3619 oblivioni
3340 3567 3608 3634 traditur,
3635 3585 3764 3625 um-

2058 3644 2162 3698 bra
2221 3646 2423 3699 mortis
2481 3647 2840 3702 obscuratur.
2903 3649 3139 3706 Dicatur
3197 3652 3418 3724 igitur:
3470 3656 3766 3714 Obscurent

2059 3749 2181 3788 eum
2202 3735 2439 3790 tenebrae
2467 3740 2517 3789 et
2550 3737 2746 3791 umbra
2785 3741 3012 3798 mortis:
3041 3739 3098 3794 id
3131 3750 3235 3808 est,
3271 3743 3356 3798 sic
3388 3760 3521 3800 eum
3554 3747 3766 3803 erroris

2061 3823 2150 3878 sui
2183 3825 2408 3878 caecitas
2439 3824 2663 3893 obruat,
2701 3832 2762 3879 ut
2793 3843 3160 3898 nequaquam
3192 3831 3434 3887 ulterius
3466 3835 3535 3888 ad
3573 3835 3759 3891 lucem

2059 3912 2409 3983 poenitentiae
2441 3930 2541 3984 per
2572 3915 2750 3970 divini
2784 3923 3080 3987 respectus
3104 3922 3448 3976 memoriam
3473 3928 3759 3994 resurgat.

2062 4002 2331 4072 Sequitur
2365 4019 2378 4056 :

2615 4103 2846 4160 CAPUT
2877 4104 2923 4156 v
2955 4106 3091 4177 [νει.
3124 4107 3205 4179 X].

2136 4193 2277 4249 Isin.
2313 4223 2375 4234 —-
2411 4193 2640 4266 Occupet
2670 4209 2793 4249 eum
2823 4195 3019 4266 caligo,
3060 4200 3110 4251 et
3140 4195 3470 4254 involvatur
3494 4203 3769 4258 amaritu-

2061 4285 2213 4340 dine.

2140 4375 2224 4427 lO.
2269 4373 2414 4441 Quid
2462 4390 2611 4430 nunc
2646 4377 2910 4446 patiatur,
2955 4383 3009 4433 et
3046 4377 3178 4447 quid
3217 4394 3485 4449 passurus
3539 4383 3610 4438 sit
3650 4387 3771 4455 post

251 4453 415 4508 mine
442 4451 674 4517 illudat,
715 4461 766 4507 et
797 4453 946 4507 veris
978 4451 1226 4506 miseriis
1257 4451 1328 4506 ad
1361 4452 1512 4507 108
1546 4455 1766 4524 peccati
1794 4457 1956 4509 tene-
1987 4464 2032 4529 Ι)
2054 4462 2344 4535 judicium.
2378 4493 2446 4502 —
2475 4463 2766 4534 Antiquus
2815 4464 3000 4520 hostis
3050 4467 3318 4538 nequitia
3363 4484 3475 4525 sua:
3525 4451 3770 4530 vinculis

250 4542 394 4598 bras
427 4542 739 4613 pertrahat.
773 4541 1042 4612 Sequitur
1076 4558 1089 4595 :

785 4627 1013 4684 CAPUT
1044 4628 1116 4684 Ill
1141 4628 1275 4699 [Vet.
1317 4627 1420 4701 IX].

327 4723 472 4776 Isin.
504 4752 571 4761 —
601 4721 718 4777 Non
747 4723 994 4791 requirat
1024 4735 1151 4774 eum
1180 4719 1316 4775 Deus
1347 4719 1591 4790 desuper,
1622 4727 1671 4775 et
1700 4735 1807 4776 non
1832 4717 1958 4774 illu-

244 4816 387 4868 stre:
420 4811 653 4866 lumine.

321 4903 380 4957 8.
415 4902 525 4956 Cur
565 4902 822 4958 humana
869 4909 1070 4956 natura
1115 4909 1396 4971 reparata,
1437 4917 1545 4956 non
1579 4902 1845 4972 angelica.
1890 4932 1958 4944 —-

249 4992 636 5063 Omnipotens
668 4993 821 5050 Deus
851 4992 1004 5049 sicut
1033 5008 1098 5047 ex
1141 4991 1321 5046 nihilo
1354 4991 1501 5045 bona
1534 4993 1718 5047 facere
1749 4992 1956 5062 potuit,

245 5082 350 5149 ita,
402 5095 536 5136 cum
585 5079 786 5149 voluit,
836 5095 938 5153 per
978 5077 1396 5134 incarnationis
1447 5094 1567 5133 suae
1612 5078 1956 5150 mysterium

323 5280 411 5351 (a)
438 5277 758 5351 Itagomnes
795 5273 960 5340 Mss.,
1014 5287 1152 5340 non,
1199 5286 1302 5343 per
1340 5285 1605 5342 prospera
1649 5271 1860 5343 incipit,
1895 5276 1960 5328 ut

241 5347 345 5410 est
371 5347 427 5405 in
462 5347 672 5403 Editis.

322 5437 804 5514 (b)Additua_1_se
835 5435 906 5490 ab
951 5433 1309 5514 Editoribus,
1358 5432 1764 5502 expunximus,
1820 5448 1959 5489 con-

248 5505 654 5575 sentientibus
683 5507 823 5563 Mss.
857 5505 1092 5562 nostris.

325 5586 400 5658 (c)
433 5579 622 5658 Antig.
656 5578 845 5658 Rem...
877 5581 936 5633 in
974 5577 1198 5658 mortali
1243 5577 1487 5658 vulnere.
1521 5575 1704 5646 Colb.,
1736 5576 1932 5658 Germ.

246 5667 309 5717 in
334 5650 582 5726 speciali
610 5650 838 5726 mortali
867 5652 1013 5726 :sed
1045 5654 1448 5726 expunctaest
1477 5665 1605 5710 vox,
1632 5650 1885 5726 multati.

289 5720 409 5800 _(d)
439 5723 619 5791 Edit.,
659 5722 855 5779 invitis
895 5725 1054 5788 Mss.,
1086 5731 1210 5778 ante
1238 5721 1447 5790 judicis
1480 5720 1680 5791 nostri.
1722 5720 1790 5775 Et
1830 5734 1960 5776 vero

2067 4552 2359 4618 astrictus,
2385 4551 2540 4607 aliud
2575 4563 2658 4608 est
2691 4555 2845 4624 quod
2871 4571 3023 4611 nunc
3055 4558 3292 4628 patitur,
3326 4559 3486 4615 aliud
3522 4563 3673 4633 quod
3709 4563 3767 4619 in

2068 4643 2182 4698 ﬁne
2213 4642 2482 4714 patietur.
2517 4642 2662 4705 Quia
2692 4643 2849 4698 enim
2881 4662 2914 4699 a
2944 4643 3092 4702 lucis
3126 4648 3344 4704 intimae
3376 4651 3576 4706 ordine
3609 4652 3768 4708 ceci-

2069 4734 2170 4800 dit,
2222 4750 2376 4789 nunc
2425 4735 2803 4803 semetipsum
2855 4737 3206 4795 intrinsecus
3263 4744 3476 4797 erroris
3525 4743 3772 4814 ealigine

2069 4824 2392 4879 confundit.
2418 4824 2525 4879 Sed
2561 4829 2693 4897 post
2723 4823 2829 4880 hoc
2859 4830 3247 4886 amaritudine
3279 4830 3608 4898 involvitur,
3632 4833 3771 4901 quia

2069 4930 2134 4969 ex
2160 4913 2368 4969 merito
2401 4919 2729 4985 spontaneis
2777 4916 3050 4988 caliginis
3089 4924 3302 4975 aeterno
3346 4918 3624 4991 gehennae
3660 4927 3771 4974 tor-

2069 5012 2259 5060 mento
2307 5006 2619 5063 cruciatur.
2667 5007 2901 5064 Dicatur
2945 5025 3124 5081 ergo:
3161 5012 3214 5066 Is
3255 5009 3354 5080 qui
3398 5008 3765 5066 serenitatem

2070 5094 2214 5150 lucis
2248 5095 2465 5153 intimae
2499 5097 2771 5170 perdidit,
2804 5099 2944 5170 quid
2972 5101 3060 5154 est
3090 5098 3246 5170 quod
3277 5101 3412 5154 ante
3445 5103 3769 5156 extremum

2073 5301 2184 5359 non
2220 5287 2290 5342 de
2323 5285 2576 5354 Domini,
2609 5287 2709 5343 sed
2743 5285 2813 5342 de
2844 5285 3130 5342 mentium
3162 5287 3494 5341 nostrarum
3518 5286 3769 5359 judicio,

2074 5357 2162 5412 hic
2191 5373 2378 5412 sermo
2409 5362 2513 5411 est.

2140 5430 2208 5498 (ε)
2250 5430 2311 5483 In
2370 5428 2653 5498 Vulgatis,
2711 5428 2973 5498 amplius.
3035 5427 3347 5498 Sequimur
3403 5429 3541 5484 Mss.
3602 5431 3770 5488 Corb.

2068 5499 2286 5564 Germ.,
2321 5516 2520 5572 omnes
2553 5499 2784 5565 Rhem.,
2836 5499 3084 5572 Remig,
3128 5499 3426 5572 Norman.,
3460 5501 3517 5555 in
3551 5504 3767 5572 quibus

2069 5576 2406 5627 constanter
2431 5571 2673 5626 habetur
2703 5573 2889 5632 altius.
2925 5571 3032 5627 hoc
3059 5577 3142 5627 est
3171 5587 3240 5627 ex
3272 5571 3454 5628 altiori
3493 5571 3632 5630 loco.

2135 5644 2205 5712 (Γ)
2235 5643 2382 5698 Edit.
2432 5642 2613 5698 Vatic.
2648 5648 2703 5702 et
2733 5645 3044 5713 Gussanv.,
3095 5659 3223 5700 cum
3265 5644 3447 5711 Colb.,
3480 5661 3762 5703 conversa-

2065 5717 2256 5773 tionis.
