4134 6174
356 264 477 330 643

1631 249 1903 313 SANCTI
1950 249 2313 311 GREGORII
2357 249 2600 310 MAGNI

3751 246 3877 309 sn
3959 212 3963 215 ’

339 403 689 478 supplicium
722 396 974 457 tolerat?
1007 397 1241 464 Occupet
1273 409 1397 448 eum
1427 391 1621 461 caligo.
1654 387 2048 459 Subjungalur
2079 412 2129 478 Α
2160 388 2218 442 in
2249 387 2480 444 interna
2508 387 2638 443 luce
2670 386 3297 478 permanent,_angelici
3327 385 3608 478 spiritus;
3640 399 3884 448 menses

340 497 538 557 etiam.
570 510 700 564 quae
729 490 891 545 illum
941 503 1106 557 poena
1150 485 1517 554 subsequens
1559 481 1733 535 etiam
1777 478 1904 532 sine
1935 480 2046 532 ter-

342 587 501 642 mino
530 585 824 638 devastat:
847 578 1161 634 lnvoluatur
1189 570 1584 628 amaritudine.
1621 569 1803 625 Omne
1838 567 2055 638 quippe

341 677 495 747 quod
522 672 846 728 involutum
874 673 959 724 est
985 667 1157 719 tinem
1193 680 1364 718 suum
1400 659 1563 732 quasi
1590 674 1878 727 nusquam
1901 658 2053 712 indi-

341 772 468 833 cat;
499 764 636 836 quia
669 763 824 816 sicut
854 775 965 814 non
1001 755 1256 811 ostendit
1288 770 1400 824 quo
1432 751 1656 822 incipit,
1689 749 1768 804 ita
1806 765 1920 803 non
1955 747 2052 803 de-

340 855 486 926 tegit
518 870 630 924 quo
662 848 909 905 desistit.
946 845 1157 901 lnvolvi
1191 859 1327 913 ergo
1354 839 1748 896 amaritudine
1781 837 2054 907 antiquus

342 944 532 999 hostis
574 941 813 1007 dicitur,
846 936 981 1008 quia
1015 933 1303 1005 superbiae
1334 931 1460 1001 eius
1492 929 1782 1000 supplicia
1812 943 1925 982 non
1960 942 2055 980 so-

341 1032 465 1087 lum
492 1029 851 1095 omnimoda,
878 1025 977 1081 sed
1012 1024 1183 1079 etiam
1216 1022 1446 1077 infinita
1478 1021 1894 1090 praeparantur.
1919 1015 2056 1078 Quae

341 1120 610 1176 videlicet
640 1119 765 1188 ejus
817 1131 988 1187 poena
1035 1118 1173 1168 tunc
1223 1110 1457 1166 initium
1500 1107 1728 1178 accipit,
1773 1122 1904 1161 cum
1936 1104 2055 1159 dis-

341 1211 554 1266 trictus
587 1207 662 1264 ad
695 1212 1018 1262 extremum
1053 1201 1343 1273 judicium
1384 1199 1565 1270 judex
1603 1195 1776 1252 venit.
1814 1194 1972 1250 Unde
2003 1198 2057 1248 et

341 1302 486 1358 bene
520 1299 795 1355 subditur
828 1313 842 1352 :

775 1382 928 1437 109
971 1379 1202 1436 CAPUT
1233 1378 1306 1432 VI
1339 1378 1482 1448 [Rea
1516 1377 1622 1442 XI].

415 1481 587 1533 Vens.
609 1476 664 1530 9.
692 1506 755 1514 —
789 1473 1002 1528 Noctem
1037 1468 1201 1524 illam
1232 1467 1542 1523 tenebrosus
1574 1465 1734 1518 turbo
1750 1461 2055 1534 possideat.

419 1569 503 1621 11.
541 1568 757 1634 Quanta
800 1563 1112 1632 tempestate
1159 1557 1228 1611 ad
1279 1562 1492 1613 aeterna
1528 1552 1806 1623 supplicia
1847 1554 2056 1622 raptus.

352 1688 418 1698 -
481 1655 776 1725 Scriptum
812 1651 1028 1722 quippe
1059 1653 1148 1702 est
1179 1663 1191 1702 :
1227 1647 1365 1701 Deus
1395 1646 1471 1715 (a)
1502 1641 1825 1710 manifestus
1855 1640 2056 1707 veniet,

347 1748 483 1801 Deus
537 1750 744 1809 noster,
785 1749 834 1795 et
874 1754 982 1793 non
1032 1737 1234 1792 silebit.
1286 1736 1439 1805 Ignis
1489 1735 1551 1787 in
1607 1740 1893 1802 conspectu
1941 1730 2059 1799 ejus

345 1833 580 1894 ardebit.
643 1835 694 1884 et
741 1831 800 1884 in
860 1829 1092 1883 circuito
1145 1827 1263 1896 ejus
1314 1827 1601 1893 tempestas
1649 1819 1829 1875 valida
1889 1818 2056 1888 (Psal.

345 1939 500 1990 λιιι,
532 1922 614 1989 3).
648 1920 1015 1975 Tenebrosus
1045 1931 1183 1984 ergo
1222 1916 1390 1968 turbo
1425 1913 1572 1966 hanc
1603 1917 1831 1965 noctem
1869 1907 2058 1980 possi—

349 2013 466 2078 det,
489 2011 623 2080 quia
641 2011 964 2080 apostatam
983 2004 1251 2075 spiritum
1267 2019 1298 2056 a
1312 2006 1626 2069 conspectu
1645 1997 2008 2068 districtijud
2022 1998 2062 2050 i-

349 2106 433 2157 cis
456 2101 525 2155 ad
551 2111 761 2153 aeterna
793 2095 1099 2166 supplicia,
1133 2091 1395 2164 pavenda
1424 2090 1518 2144 illa
1545 2093 1862 2157 tempestas
1884 2086 2056 2158 rapit.

351 2189 606 2245 Turbine
635 2202 770 2255 ergo
806 2201 916 2238 nox
952 2183 1061 2237 ista
1104 2181 1455 2252 possidetur,
1488 2177 1622 2247 quia
1654 2177 1903 2248 superba
1931 2176 2059 2245 ejus

350 2279 574 2333 caecitas
587 2275 855 2331 districta
872 2270 1371 2326 animadversione
1393 2267 1735 2339 percutitur.
1753 2265 2056 2336 Sequitur:

1021 2359 1253 2418 CAPUT
1295 2358 1417 2413 VII.

420 2458 562 2513 IBID.
597 2486 664 2496 ——
695 2455 811 2509 Non
841 2455 1182 2522 computetur
1212 2451 1271 2502 in
1303 2448 1496 2503 diebus
1538 2446 1698 2512 anni,
1732 2460 1828 2499 nec
1857 2460 2055 2500 nume-

345 2555 504 2603 retur
532 2549 592 2601 in
622 2543 919 2600 mensibus.

426 2640 508 2691 l2.
543 2634 685 2702 Quid
716 2630 836 2686 diei
882 2631 1086 2685 mensis
1115 2635 1165 2683 et
1200 2628 1339 2681 anni
1384 2627 1629 2694 nomine,
1673 2626 1731 2680 in
1761 2623 1936 2680 verbis
1960 2623 2054 2679 Job

348 2725 788 2796 intelligendum.
815 2751 878 2761 —
903 2723 1128 2774 Annum
1153 2714 1619 2788 praedicationem
1639 2730 1902 2783 supernas
1926 2729 2056 2784 gra-

344 2820 438 2873 tias
463 2832 575 2871 non
600 2813 1075 2868 inconvenienter
1096 2805 1452 2877 accipimus;
1480 2805 1618 2875 quia
1649 2807 1802 2859 sicut
1825 2804 1882 2858 in
1906 2818 2058 2858 anno

345 2905 637 2976 congestis
668 2902 872 2956 diebus
924 2905 1155 2967 tempus
1201 2895 1522 2967 perficitur,
1573 2893 1650 2948 ita
1699 2895 1755 2948 in
1803 2908 2060 2965 superna

345 2996 589 3066 gratiam
616 2994 892 3045 virtutqu
916 2984 1220 3056 multiplex
1241 2986 1355 3037 vita
1382 2985 1724 3050 completur.
1747 2982 1940 3037 Potest
1958 2997 2056 3052 per

347 3096 569 3138 annum
599 3079 772 3134 etiam
809 3075 1126 3129 multitudo
1157 3072 1402 3143 intelligi
1438 3071 1898 3140 redemptorum;
1921 3070 2056 3142 quia

2161 483 2378 548 autem,
2410 495 2612 534 eorum
2646 478 2877 533 ordines
2911 484 2964 532 et
2995 476 3310 548 dignitates
3342 476 3615 549 intelligi.
3646 478 3878 548 Singuli

2163 569 2318 624 enim
2342 567 2559 639 quique
2583 567 2997 636 spiritus,quia
3019 566 3234 633 lucent,
3261 566 3383 621 dies
3407 569 3568 621 sunt.
3595 566 3708 622 Sed
3733 571 3880 637 quia

2165 656 2337 711 certis
2371 655 2722 727 quibusdam
2761 655 3149 727 dignitatibus
3181 655 3651 727 distinguuntur,
3686 663 3745 711 ut
3774 656 3877 712 alii

2163 745 2380 806 throni.
2407 745 2504 799 alii
2528 745 2977 812 dominationes,
3013 743 3110 799 alii
3136 743 3518 815 principatus,
3549 745 3647 799 alii
3679 751 3874 817 potes-

2163 841 2314 890 tates
2336 836 2456 890 sint
2481 860 2495 902 ;
2519 851 2621 905 pro
2645 835 2751 889 hac
2776 835 2903 905 ipsa
2924 833 3335 889 distributione
3367 835 3689 906 agminum,
3717 851 3879 892 men-

2164 942 2254 982 ses
2285 929 2577 981 vocantur.
2622 926 2734 981 Sed
2787 925 2923 997 quia
2972 924 3249 996 antiquus
3279 925 3465 982 hostis
3496 942 3873 997 nequaquam

2165 1015 2234 1069 ad
2272 1015 2540 1070 meritum
2582 1014 2755 1080 lucis,
2789 1030 3153 1085 nequaquam
3187 1014 3258 1068 ad
3287 1014 3552 1070 ordinem
3583 1031 3875 1087 superno-

2167 1121 2291 1162 rum
2323 1105 2625 1177 agminum
2657 1104 2990 1160 reducitur:
3019 1120 3122 1159 nec
3148 1106 3206 1159 in
3241 1104 3446 1161 diebus
3478 1106 3640 1174 anni,
3674 1122 3781 1162 nec
3814 1106 3875 1163 in

2166 1197 2468 1250 mensibus
2515 1198 2878 1250 numeratur.
2922 1195 3016 1250 Sic
3057 1194 3272 1266 quippe
3313 1194 3480 1249 illum
3529 1201 3880 1268 perpetrata

2167 1285 2451 1357 superbiae
2477 1285 2702 1341 caecitas
2733 1288 2951 1356 gravat,
2976 1288 3041 1339 ut
3073 1283 3224 1338 ultra
3247 1286 3316 1339 ad
3350 1283 3447 1339 illa
3469 1284 3746 1341 claritatis
3771 1287 3882 1342 in-

2167 1375 2322 1431 tima:
2354 1376 2592 1448 agmina
2631 1392 2882 1446 superna
2928 1391 3043 1430 non
3095 1375 3313 1430 redeat.
3345 1375 3719 1446 Nequaquam
3746 1378 3884 1446 jam

2165 1463 2457 1518 stantibus
2482 1463 2627 1518 lucis
2649 1460 3035 1533 dignitatibus
3059 1462 3439 1528 admiscetur,
3455 1464 3594 1532 quia
3616 1465 3886 1520 tenebra-

2169 1569 2297 1608 rum
2331 1568 2566 1608 suarum
2599 1551 2800 1607 merito
2847 1566 3080 1622 semper
3119 1551 3190 1605 ad
3224 1550 3344 1606 ima
3372 1551 3742 1623 deprimitur.
3771 1553 3885 1618 Qui

2170 1642 2307 1713 quia
2335 1642 2405 1696 ab
2438 1641 2536 1696 illa
2569 1642 2764 1712 patriae
2797 1639 3046 1696 scelestis
3078 1640 3402 1712 frequentia
3425 1657 3628 1696 exsors
3661 1643 3720 1698 in
3754 1659 3880 1715 per-

2171 1737 2409 1802 petuum
2443 1735 2764 1802 permanet,
2796 1737 2948 1785 recte
2978 1730 3210 1785 adhunc
3241 1731 3659 1803 subjungitur:

2815 1819 3044 1875 CAPUT
3085 1820 3234 1875 VIII.

2236 1910 2407 1965 Vsas.
2431 1911 2486 1964 7.
2521 1939 2588 1949 —-
2616 1909 2698 1964 Sit
2729 1924 2841 1963 ηοω
2868 1910 2970 1964 illa
2998 1910 3273 1973 solitaria,
3300 1926 3396 1966 nec
3421 1911 3586 1966 laude
3613 1912 3799 1982 digna.

2239 2000 2324 2053 13.
2378 1999 2634 2054 Diabolus
2678 1999 2953 2069 redempta
3003 2001 3222 2054 homine
3270 2008 3320 2054 et
3367 1999 3524 2056 idolis
3565 2002 3881 2071 reprobatis

2165 2089 2226 2159 ﬁt
2257 2090 2538 2144 solitarius
2569 2097 2618 2144 et
2648 2091 2766 2142 sine
2804 2088 2982 2145 laude.
3016 2119 3084 2128 ——
3115 2088 3237 2144 Nox
3279 2088 3374 2143 illa
3406 2089 3666 2145 solitaria
3694 2090 3886 2146 efﬁci-

2165 2183 2281 2246 tur,
2304 2179 2442 2249 quia
2464 2181 2530 2247 (c)
2553 2178 2926 2233 distinctione
2963 2183 3244 2249 perpetua
3263 2197 3294 2232 a
3313 2178 3631 2249 frequentia
3663 2182 3876 2250 patr-im

2167 2285 2426 2337 supernae
2457 2273 2783 2338 separatur.
2815 2268 2976 2333 Quod
3011 2274 3208 2322 tamen
3244 2268 3486 2338 intelligi
3510 2274 3566 2324 et
3583 2268 3749 2324 aliter
3777 2285 3882 2341 po~

2168 2364 2301 2426 test,
2322 2363 2385 2413 ut
2405 2357 2673 2413 videlicet
2691 2356 3200 2428 hominem,quem
3224 2358 3338 2414 sibi
3359 2358 3577 2414 socium
3599 2359 3668 2413 ad
3692 2358 3884 2428 perdi-

2170 2448 2388 2504 tionem
2424 2448 2656 2511 fecerat,
2685 2448 2838 2502 no
2869 2448 3095 2501 amittat
3121 2465 3134 2514 ;
3165 2453 3221 2503 et
3251 2448 3412 2504 solus
3442 2463 3574 2503 cum
3612 2464 3719 2504 suo
3751 2465 3880 2504 cor-

2173 2553 2305 2609 pore
2350 2537 2534 2593 hostis
2585 2546 2796 2607 pereat,
2846 2539 2985 2591 dum
3037 2537 3250 2593 multos
3294 2554 3440 2608 quos
3489 2539 3881 2606 destruxerat,

2173 2627 2572 2697 Redemptoris
2601 2627 2784 2697 gratia
2817 2625 3109 2681 reformat.
3145 2625 3415 2681 Solitaria
3445 2643 3581 2698 ergo
3607 2643 3718 2682 nox
3750 2627 3880 2682 effi~

2171 2717 2343 2781 citur,
2376 2733 2510 2770 cum
2541 2715 2787 2770 sublatis
2837 2715 2920 2770 eis
2970 2717 3068 2786 qui
3112 2716 3277 2771 electi
3309 2721 3462 2784 sunt,
3495 2716 3657 2772 solus
3687 2716 3878 2772 hostis

2166 2809 2447 2876 antiquus
2468 2806 2702 2861 aeternis
2733 2805 2970 2876 ignibus
3000 2805 3279 2877 gehennae
3313 2808 3700 2877 mancipatur.
3726 2806 3879 2862 Bene

2165 2906 2357 2950 autem
2391 2894 2604 2949 dicitur
2639 2909 2651 2947 :
2684 2895 2788 2949 Nec
2840 2893 3005 2949 laude
3053 2894 3242 2964 digna.
3293 2898 3434 2950 Cum
3475 2895 3629 2951 enim
3665 2895 3878 2950 buma-

2166 3001 2305 3040 num
2341 3001 2546 3053 genus,
2596 2984 2808 3038 erroris
2861 2984 3113 3040 tenebris
3161 3001 3452 3056 pressum,
3487 2985 3624 3041 deos
3654 2984 3882 3055 lapides

2162 3076 2442 3139 crederet,
2500 3091 2599 3145 per
2641 3073 2750 3130 hoc
2795 3075 2945 3145 quod
2995 3074 3169 3130 idolis
3211 3075 3515 3144 serviebat,
3547 3076 3684 3146 quid
3719 3074 3885 3132 aliud

345 3173 498 3227 sicut
527 3187 593 3223 ex
639 3167 866 3222 dierum
917 3163 1295 3218 multitudine
1342 3178 1533 3215 annus
1583 3161 1838 3229 ducitur,
1871 3161 1948 3214 ita
1986 3177 2052 3215 ex
2084 3163 2135 3230 α
2177 3179 2354 3234 quam
2388 3163 2715 3218 seductoris
2746 3164 2835 3217 sui
2870 3165 3016 3218 facta
3056 3163 3374 3219 laudabat?
3404 3163 3565 3220 Unde
3596 3165 3743 3221 bene
3779 3181 3883 3236 per

347 3259 684 3316 collectione
717 3256 1004 3309 bonorum
1057 3252 1342 3318 omnium,
1383 3252 1483 3303 illa
1516 3251 1829 3305 electorum
1872 3250 2052 3304 innu-

345 3347 638 3406 merabilis
670 3341 1019 3398 universitas
1050 3341 1329 3411 expletur.
1365 3339 1529 3393 Hunc
1554 3355 1807 3410 namque
1829 3355 2049 3393 annum

344 3440 610 3510 perfecta:
655 3430 1048 3488 multitudinis
1094 3430 1276 3485 Isaias
1323 3429 1615 3501 praedicat,
1653 3429 1851 3484 dicens
1885 3444 1899 3482 :
1931 3429 2054 3498 Spi-

340 3527 480 3583 ritus
512 3525 729 3580 Domini
763 3537 926 3592 super
960 3536 1064 3588 me,
1105 3535 1164 3572 eo
1195 3519 1335 3590 quod
1374 3521 1596 3573 auxerit
1633 3534 1717 3573 me
1748 3518 2002 3573 Dominus
2029 3534 2049 3570 :

340 3620 412 3675 ad
442 3614 889 3672 annuntianilum
916 3613 1217 3665 mansuetis
1247 3609 1399 3663 misit
1434 3625 1537 3678 me,
1571 3614 1628 3664 ut
1661 3608 1903 3665 mederer
1921 3624 2047 3664 eon-

337 3708 516 3763 tristis
547 3705 727 3769 corde,
769 3713 819 3757 et
857 3701 1208 3772 praedicarem
1248 3702 1474 3770 captivis
1519 3699 1948 3768 indulgentiam,
2001 3702 2050 3752 et

336 3799 539 3854 clausis
559 3795 911 3865 apertionem,
934 3800 990 3845 ut
1021 3788 1378 3860 praedicarem
1399 3805 1607 3843 annum
1631 3789 1705 3860 (b)
1726 3789 2051 3859 placabilem

339 3887 558 3942 Domini
594 3881 746 3954 (lsai.
779 3897 890 3947 Lm,
927 3883 996 3948 1).
1029 3880 1234 3933 Annus
1274 3880 1432 3932 enim
1484 3877 1785 3948 placabilis
1820 3875 2050 3932 Domini

343 3975 709 4048 pradicatur,
727 3986 860 4025 cuin
878 3969 1069 4023 futura
1087 3967 1248 4038 plebs
1272 3966 1530 4022 fidelium
1555 3966 1813 4021 veritatis
1829 3965 2050 4020 lumine

345 4061 696 4120 illustranda
729 4058 1080 4132 prmdicitur.
1123 4056 1272 4121 Quid
1313 4072 1444 4111 vero
1478 4073 1576 4127 per
1607 4055 1752 4124 dies,
1787 4054 1896 4110 nisi
1933 4055 2049 4110 sin-

343 4155 490 4228 gulae
535 4167 781 4225 quaeque
829 4151 1146 4205 electorum
1192 4155 1452 4213 mentes;
1495 4147 1633 4217 quid
1668 4162 1768 4217 per
1801 4161 2047 4210 menses,

342 4243 456 4300 nisi
493 4239 890 4312 multiplicata:
921 4254 1115 4294 eorum
1161 4235 1453 4304 Ecclesia,
1485 4252 1612 4307 qua:
1646 4251 1819 4290 unam
1853 4235 2051 4289 catho-

339 4334 515 4389 licam
542 4332 780 4396 t‘aciunt,
807 4328 1196 4400 designatur?
1233 4325 1332 4381 Illa
1353 4341 1489 4397 ergo
1525 4343 1634 4380 nox
1666 4341 1779 4380 non
1813 4340 2050 4395 compu-

342 4427 495 4477 tetur
525 4419 583 4472 in
620 4420 840 4473 'diebus
889 4419 1046 4485 anni,
1099 4434 1203 4473 nec
1255 4422 1592 4472 numeretur
1622 4416 1680 4471 in
1714 4417 2046 4482 mensibus;

345 4510 482 4581 quia
515 4508 787 4575 antiquus
819 4507 1000 4561 hostis
1032 4507 1316 4578 superbire
1347 4525 1469 4562 suae
1502 4508 1754 4563 tenebris
1786 4523 2044 4579 pressus,
2081 4538 2127 4604 Β

343 4600 659 4656 adventum
683 4595 914 4666 quidem
952 4595 1353 4668 Redemptoris
1383 4599 1683 4669 conspicit,
1708 4597 1808 4653 sed
1839 4612 2049 4668 nequa-

347 4703 524 4763 quam
559 4688 627 4742 ad
661 4685 891 4742 veniam
923 4700 1057 4740 cum
1088 4684 1284 4741 electis
1325 4686 1495 4742 redit.
1528 4687 1671 4742 Hinc
1713 4686 1869 4742 enim
1904 4684 2049 4740 scri-

345 4786 509 4852 ptum
541 4779 630 4831 est
655 4792 666 4829 :
694 4775 972 4845 Nusquam
1000 4775 1148 4828 enim
1179 4775 1396 4845 angelos
1428 4777 1811 4847 apprehendit,
1843 4775 1935 4832 sed
1964 4791 2049 4830 se-

343 4883 468 4924 men
501 4863 728 4920 Abrahz
759 4861 1120 4935 apprehendit
1150 4864 1330 4932 (Hebr.
1365 4881 1425 4930 ιι,
1481 4866 1587 4936 16).
1623 4866 1746 4936 [Hec
1777 4865 1910 4936 Xll.]
1954 4863 2048 4920 ld-

345 4959 496 5015 circo
530 4969 784 5026 namque
835 4953 1180 5024 Redemptor
1228 4956 1427 5006 noster
1476 4971 1589 5008 non
1641 4954 1902 5026 angelus,
1949 4954 2048 5010 sed

345 5048 522 5105 homo
553 5046 742 5102 factus
773 5049 880 5111 est,
914 5045 1053 5115 quia
1085 5043 1190 5098 hoc
1224 5041 1422 5114 procul
1463 5043 1640 5098 dubio
1674 5044 1800 5100 fieri
1829 5044 2048 5112 debuit,

344 5137 495 5208 quod
521 5134 795 5201 remedit;
822 5141 880 5188 ut
903 5138 959 5188 et
981 5131 1273 5203 perditum
1299 5130 1570 5198 angelum
1597 5149 1711 5189 non
1735 5134 2051 5205 apprehen-

346 5225 536 5279 dendo
561 5224 868 5291 desereret,
900 5227 957 5279 et
987 5221 1284 5280 hominem
1307 5222 1364 5277 in
1389 5222 1702 5295 semetipso
1723 5224 2049 5296 apprehen-

346 5311 536 5366 dendo
569 5318 883 5384 repararet.
905 5313 1055 5384 [Vet.
1078 5313 1195 5382 XL]
1217 5315 1470 5369 Possunt
1498 5315 1674 5368 etiam
1709 5313 1832 5370 dies
1856 5312 1915 5368 hi
1948 5313 2050 5385 qui

409 5551 598 5634 (a)”Ita
627 5555 762 5606 Mss.
791 5553 1059 5634 potiores.
1085 5558 1146 5611 In
1180 5558 1326 5615 Utic.
1361 5560 1431 5614 ad
1465 5563 1788 5634 marginem
1821 5565 2053 5618 notatur

344 5622 650 5706 mani/pste,
685 5639 860 5706 quam
893 5622 1200 5706 lectionem
1235 5632 1483 5706 amplexi
1505 5622 1656 5706 sunt
1689 5633 1942 5706 Vulgati.

419 5696 494 5766 (b)
517 5692 674 5748 Unus
700 5694 927 5761 Bhem.,
951 5697 1064 5752 duo
1088 5698 1311 5770 Remig.
1333 5692 1396 5755 et
1418 5703 1542 5760 Val.
1575 5704 1681 5770 CL,
1720 5692 2046 5777 placa-bilem

2160 3252 2400 3308 Paulum
2434 3252 2648 3307 dicitur
2679 3270 2690 3308 :
2727 3252 2962 3319 Scimus,
3011 3255 3139 3323 quia
3188 3255 3330 3308 nihil
3379 3263 3455 3308 est
3499 3254 3749 3314 idolum;
3780 3255 3877 3310 sed

2161 3359 2279 3414 qua
2352 3342 2639 3397 immolant
2695 3348 2900 3412 gentes,
2958 3343 3246 3399 daemoniis
3313 3344 3601 3398 immolant
3651 3344 3697 3415 (l
3748 3343 3878 3399 Cor.

2159 3449 2282 3500 vm,
2307 3433 2381 3504 4).
2408 3433 2512 3499 Qui
2537 3449 2671 3502 ergo
2705 3432 2994 3488 idolorum
3029 3434 3381 3489 venerationi
3406 3431 3683 3488 substrati
3705 3438 3879 3503 sunt,

2161 3525 2298 3595 quid
2353 3524 2508 3578 aliud
2543 3539 2718 3594 quam
2761 3523 2945 3578 noctis
2988 3524 3258 3579 tenebras
3300 3523 3730 3578 laudaverunt?
3759 3525 3869 3578 Sed

2160 3629 2291 3670 ecce
2313 3614 2436 3684 jam
2469 3615 2784 3679 cernimus,
2820 3613 2954 3681 quia
2992 3629 3104 3667 nox
3143 3611 3244 3667 illa
3277 3629 3390 3667 non
3422 3629 3550 3667 esse
3581 3612 3754 3666 laude
3787 3611 3874 3667 di-

2159 3719 2275 3775 gna
2315 3702 2703 3773 cognoscitur,
2749 3717 2880 3755 cum
2917 3703 3040 3770 jam
3073 3718 3106 3756 a
3136 3703 3430 3771 redempta
3476 3701 3734 3756 humano
3766 3717 3878 3772 ge-

2161 3810 2296 3848 nere
2324 3792 2612 3847 idolorum
2644 3793 2933 3846 veneratio
2967 3792 3348 3860 reprobatur;
3381 3797 3437 3847 et
3467 3790 3732 3846 solitaria
3766 3807 3882 3845 nox

2159 3883 2529 3952 relinquitur,
2576 3884 2714 3952 quia
2761 3898 2890 3936 cum
2946 3887 3220 3937 damnato
3260 3886 3522 3953 apostata
3554 3880 3761 3953 spiritu
3793 3883 3868 3935 ad

2159 3979 2452 4029 tormenta
2485 3989 2598 4028 non
2630 3973 2766 4028 itur.
2801 3972 3078 4043 Sequitur
3109 3990 3123 4028 :

2828 4060 3060 4117 CAPUT
3117 4060 3209 4116 IX.

2228 4150 2404 4206 Vens.
2437 4152 2487 4205 8.
2539 4181 2606 4190 —
2647 4150 2971 4206 Maledicant
3007 4153 3059 4206 ei
3099 4152 3196 4221 qui
3235 4149 3571 4206 maledicunt
3611 4149 3878 4222 diei,qui

2156 4239 2342 4312 parati
2371 4243 2496 4294 sunt
2523 4239 2787 4294 suscitare
2823 4240 3143 4294 Leviathan.

2234 4329 2316 4384 14.
2347 4331 2386 4384 Α
2430 4328 2646 4384 Christo
2695 4329 2814 4398 ejus
2868 4329 3086 4384 malitia
3124 4330 3244 4400 jam
3293 4328 3630 4392 destruitur;
3661 4329 3717 4384 in
3751 4332 3868 4399 ﬁne

2156 4417 2350 4473 mundi
2395 4419 2641 4488 potentia
2683 4419 3087 4488 exstinguetur.
3136 4449 3203 4459 —
3253 4417 3315 4473 In
3355 4417 3730 4474 translatione
3760 4435 3877 4474 ve-

2157 4509 2264 4564 teri
2307 4507 2385 4564 ita
2435 4524 2548 4563 non
2589 4507 2838 4575 dicitur;
2878 4506 3002 4568 sed,
3037 4506 3319 4563 Maledicat
3366 4522 3509 4574 eam,
3555 4509 3657 4579 qui
3703 4509 3882 4565 male-

2160 4598 2300 4654 dixit
2339 4598 2506 4664 diem,
2540 4596 2636 4668 qui
2665 4606 2919 4668 capturus
2965 4605 3042 4652 est
3087 4596 3363 4666 grandem
3412 4606 3607 4653 cetum.
3649 4597 3876 4662 Quibus

2157 4689 2354 4745 verbis
2401 4697 2592 4759 aperte
2643 4689 2972 4744 ostenditur
3010 4689 3162 4758 quod
3195 4693 3450 4743 asancto
3491 4690 3611 4744 viro
3653 4687 3713 4744 in
3759 4689 3874 4744 ﬁne

2161 4778 2368 4835 mundi
2399 4782 2643 4835 ventura
2681 4778 3021 4834 Antichristi
3065 4778 3308 4849 perditio
3351 4778 3710 4849 previdetur.
3745 4777 3880 4833 Ma-

2161 4869 2354 4940 lignus
2395 4884 2649 4940 namque
2698 4868 2960 4939 spiritus,
3011 4869 3108 4938 qui
3158 4884 3260 4939 per
3311 4866 3578 4923 meritum
3613 4885 3726 4923 nox
3768 4875 3882 4932 est,

2161 4961 2312 5016 diem
2347 4976 2408 5015 se
2440 4959 2496 5014 in
2534 4959 2733 5014 mundi
2769 4959 2883 5015 {ine
2931 4958 3193 5024 simulat,
3224 4974 3358 5013 cum
3391 4974 3453 5014 se
3485 4959 3646 5029 quasi
3679 4957 3873 5013 Deum

2161 5048 2500 5103 hominibus
2532 5051 2802 5117 ostentat,
2848 5063 2980 5102 cum
3033 5046 3355 5102 claritatem
3389 5046 3499 5101 sibi
3529 5045 3868 5102 Divinitatis

2159 5136 2440 5193 fallaciter
2467 5137 2688 5202 tribuit,
2722 5140 2777 5191 at
2810 5152 2868 5192 se
2899 5153 3075 5207 supra
3094 5152 3265 5193 omne
3296 5137 3450 5207 quod
3484 5137 3632 5191 Deus
3665 5136 3752 5191 vel
3785 5135 3869 5190 di-

2159 5226 2329 5297 citur,
2371 5226 2458 5283 vel
2501 5227 2732 5293 colitur,
2773 5225 3018 5285 extollit.
3056 5227 3288 5282 Noctem
3329 5225 3506 5297 igitur
3547 5225 3867 5293 maledicit,

2161 5315 2259 5386 qui
2305 5315 2597 5372 maledicit
2644 5316 2837 5386 diem;
2891 5316 3028 5386 quia
3071 5315 3167 5371 ille
3217 5332 3372 5372 nunc
3418 5316 3545 5387 ejus
3581 5315 3868 5372 malitiam

2161 5570 2515 5767 Ποῷυλοιίιὶᾳ.
2551 5639 2783 5708 Rbem.,
2809 5641 2941 5712 quia
2986 5639 3353 5724 destructione
3383 5645 3673 5722 perpetua.
3714 5638 3870 5696 Non-

2164 5727 2241 5767 nu
2269 5711 2331 5767 11.
2375 5727 2509 5767 cum
2553 5711 2721 5767 Corb.
2767 5712 2983 5767 Germ..
3021 5712 3116 5767 aut
3162 5711 3519 5767 districtionis
3565 5719 3858 5767 peruetus.

2164 5711 2331 5783 nulli,
2375 5727 2509 5770 cum
2553 5711 2721 5770 Corb.
2767 5711 2983 5780 Germ,
3021 5712 3116 5785 qui
3162 5711 3519 5770 districtionis
3563 5719 3858 5784 perpetua.
