4134 6174
231 240 339 299 615

1138 234 1552 299 MORALIUM
1600 234 1750 296 LIB.
1797 233 1902 296 IV.
1953 265 2026 275 —
2075 231 2151 293 IN
2198 234 2369 297 CAP.
2415 235 2496 298 Ill
2540 237 2610 298 B.
2659 237 2825 300 JOB.

3634 245 3754 307 646

227 375 488 440 destruit,
535 374 630 446 qui
674 372 1065 429 illustrations
1115 374 1393 428 adventus
1440 373 1530 428 sui
1571 377 1711 426 tunc
1757 370 1931 426 etiam
1963 372 2018 437 Α
2045 384 2167 423 sum
2184 376 2455 438 premunt.
2487 375 2688 430 —Sed
2715 375 2872 432 hunc
2899 378 3205 435 Leviathan
3229 378 3392 436 electi
3413 383 3751 453 angelorum

225 467 540 538 potentiam
575 465 702 533 ejus
738 463 1095 519 fortitudinis
1126 466 1475 535 exstinguet.
1511 462 1672 517 Unde
1705 466 1760 516 et
1784 461 1930 515 bene

224 555 637 624 subiungitur:
673 555 781 621 Qui
810 560 1070 623 capturus
1100 557 1174 607 est
1218 553 1484 622 grandem
1514 556 1707 606 cetum.
1743 549 1932 618 Hujus

225 648 376 705 enim
412 648 518 703 ceti
571 648 844 701 fortitudo
891 647 948 700 in
1006 645 1173 716 aquis
1225 645 1472 714 Capitur.
1523 645 1662 715 quia
1710 641 1932 712 antiqui

232 737 413 792 hostis
446 737 703 791 versutia
734 735 1010 805 baptismi
1047 740 1413 790 sacramento
1458 737 1784 803 superatur.

301 827 382 881 15.
419 825 596 880 Electi
627 825 810 894 angeli
840 826 957 889 eius
996 825 1109 880 doli
1155 825 1405 879 tenebras
1448 824 1605 878 nobis
1655 822 1930 878 indicant.

235 947 297 958 ——
327 917 437 971 Sed
474 914 632 986 quod
660 914 1037 969 translatione
1067 914 1242 968 veteri
1288 914 1357 968 de
1390 920 1623 968 auctore
1669 913 1935 968 omnium

239 1003 464 1071 dicitur,
484 1002 978 1059 hoctranslatione
997 1003 1124 1072 hac,
1147 1019 1275 1074 quae
1289 1005 1356 1057 ad
1387 1018 1491 1058 nos
1512 1017 1580 1056 ex
1604 1001 1837 1056 Hebraeo
1851 1005 1940 1056 est

238 1093 598 1164 Arabicoque
637 1108 905 1148 sermone
934 1093 1209 1157 derivata,
1240 1094 1309 1148 de
1340 1091 1542 1148 electis
1569 1092 1697 1160 ejus
1719 1091 1938 1159 angelis

242 1187 596 1239 memoratur
618 1182 872 1253 (Consule
908 1197 1034 1253 quae
1063 1181 1306 1236 diximus
1337 1182 1370 1236 l.
1415 1198 1580 1247 xxxv,
1631 1197 1748 1252 cap.
1785 1182 1936 1236 olim.

238 1275 318 1340 13,
344 1274 415 1330 ad
452 1290 590 1330 vers.
627 1274 694 1328 14
741 1289 787 1330 c.
837 1274 942 1328 ult.
981 1272 1021 1327 ι.
1071 1274 1233 1346 Job.).
1279 1279 1357 1328 De
1391 1274 1478 1328 his
1510 1289 1761 1343 namque
1793 1272 1939 1328 dici-

239 1371 358 1420 tur:
401 1363 728 1420 Haledicant
784 1366 834 1418 ei
874 1362 973 1435 qui
1018 1363 1356 1419 maledicunt
1403 1363 1528 1418 diei.
1590 1363 1734 1434 [Rea
1778 1362 1937 1432 XllI.]

241 1454 395 1510 Diem
429 1472 489 1510 se
537 1456 751 1526 quippe
791 1454 901 1509 iste
950 1454 1295 1526 superbiens
1346 1455 1590 1524 spiritus
1647 1459 1940 1508 ostentare

237 1545 406 1600 etiam
439 1545 720 1615 angelicis
755 1544 1136 1615 potestatibus
1159 1543 1364 1609 voluit,
1397 1559 1529 1598 cum
1561 1559 1620 1598 se
1644 1559 1821 1612 super
1843 1559 1941 1596 ca-

239 1639 390 1689 teros
420 1633 586 1704 quasi
622 1636 677 1687 in
715 1635 972 1703 potentia
1003 1633 1323 1688 divinitatis
1344 1632 1662 1700 extollens;
1699 1636 1780 1686 tot
1812 1637 1942 1703 post

2040 458 2283 528 spiritus
2311 478 2466 517 nunc
2492 464 2546 517 in
2575 471 2743 532 puteo
2768 469 2959 539 abyssi
2989 470 3252 525 clausum
3277 479 3566 541 premunt.
3597 474 3755 531 Unde

2042 547 2327 617 scriptum
2373 556 2508 605 est:
2559 553 2677 607 Vidi
2728 557 2999 626 angelum
3047 557 3452 614 descendentem
3496 561 3561 615 de
3600 563 3752 632 caelo,

2045 634 2332 692 habentem
2362 641 2567 695 clavem
2591 643 2798 714 abyssi,
2830 653 2879 699 et
2915 653 3170 702 catenam
3197 665 3455 718 magnam
3489 654 3544 704 in
3585 666 3755 706 manu

2042 743 2140 783 sua
2171 745 2190 782 :
2240 737 2292 783 et
2347 733 2707 801 apprehendit
2758 735 3046 792 draconem
3091 746 3393 808 serpentem
3441 744 3751 812 antiquum,

2045 820 2139 889 qui
2167 827 2249 874 est
2292 821 2539 877 diabolus
2569 830 2624 877 et
2676 824 2934 893 Satanas,
2967 834 3017 882 et
3066 829 3260 898 ligavit
3299 848 3420 886 eum
3457 848 3555 902 per
3583 849 3755 889 annos

2043 910 2215 974 mille,
2247 919 2300 965 et
2346 916 2494 967 misit
2535 930 2658 969 eum
2701 917 2756 970 in
2791 919 3053 987 abyssum
3104 920 3347 990 (Apocal.
3395 938 3486 987 xx,
3522 927 3566 989 ί,
3622 926 3656 976 2
3703 931 3756 978 et

2045 1001 2202 1071 seq.).
2237 1001 2415 1064 Quem
2449 1007 2644 1060 tamen
2679 1005 2733 1061 in
2774 1007 2981 1061 mundi
3029 1008 3143 1064 (ine
3170 1011 3239 1064 ad
3290 1013 3578 1082 apertiora
3626 1029 3755 1068 cer~

2046 1089 2266 1144 tamina
2295 1098 2585 1159 revocant,
2615 1100 2673 1149 et
2706 1099 2887 1152 totum
2921 1103 3123 1153 contra
3157 1115 3264 1154 nos
3286 1100 3344 1154 in
3375 1100 3499 1156 suis
3534 1101 3751 1157 viribus

2048 1178 2328 1234 relaxant.
2373 1180 2534 1237 Unde
2565 1187 2621 1237 et
2665 1183 2784 1240 illic
2830 1202 3059 1241 rursum
3110 1187 3391 1256 scriptum
3442 1195 3575 1245 est:
3619 1194 3758 1248 Cum

2049 1271 2303 1339 completi
2330 1271 2542 1340 fuerint
2574 1274 2725 1330 mille
2760 1278 2920 1345 anni,
2950 1278 3191 1332 solvetur
3215 1278 3445 1334 Satanas
3466 1280 3649 1351 (lbid.,
3677 1284 3757 1349 7).

2049 1358 2148 1414 Ille
2179 1361 2331 1415 enim
2363 1367 2627 1431 apostata
2657 1366 2922 1435 angelus,
2956 1368 3101 1438 quia
3134 1367 3211 1422 ita
3252 1371 3518 1424 conditus
3551 1370 3755 1434 fuerat,

2048 1453 2113 1501 ut
2143 1449 2476 1519 angelorum
2502 1454 2724 1508 caeteris
2749 1454 3076 1524 legionibus
3107 1457 3408 1523 emineret,
3437 1460 3515 1513 ita
3547 1476 3756 1531 super-

2049 1535 2259 1590 biendo
2282 1539 2611 1608 succubuit,
2640 1546 2701 1594 ut
2724 1557 2876 1596 nunc
2896 1543 3172 1597 stantium
3190 1545 3528 1615 angelorum
3552 1546 3757 1602 ditioni

2049 1627 2376 1681 substratus
2435 1628 2558 1696 sit;
2619 1638 2909 1700 quatenus
2967 1633 3055 1686 vel
3108 1649 3264 1687 nunc
3322 1636 3390 1688 ad
3447 1635 3755 1691 utilitatem

245 1739 310 1778 se
342 1724 413 1778 ad
445 1722 734 1778 interitum
769 1722 1025 1792 legiones
1059 1723 1253 1777 traxit,
1277 1723 1386 1777 Sed
1420 1723 1476 1776 hi
1511 1723 1811 1789 nimirum,
1842 1722 1936 1793 qui
1969 1739 2017 1805 Β
2052 1722 2310 1770 nostram
2343 1717 2426 1772 eis
2459 1719 2934 1774 ministrantibus
2966 1721 3243 1792 religatus
3279 1723 3468 1789 lateat,
3497 1724 3582 1778 vel
3618 1731 3759 1780 tunc

238 1809 300 1867 in
331 1817 561 1867 auctore
599 1829 703 1867 suo
727 1811 932 1866 humili
965 1813 1138 1866 corde
1165 1813 1562 1881 perstiterunt,
1594 1827 1728 1866 cum
1760 1811 1938 1867 errori

235 1901 362 1973 ejus
393 1908 623 1956 noctem
663 1902 850 1955 inesse
897 1900 1318 1968 conSpicerent,
1367 1900 1520 1955 diem
1566 1899 1841 1955 claritatis
1871 1900 1942 1954 il-

241 1993 356 2049 lius
375 1994 444 2047 de
461 1992 793 2062 semetipsis
810 1990 1057 2045 humilia
1078 1992 1382 2046 sentiendo
1406 1991 1811 2046 calcaverunt:
1840 1991 1940 2061 qui

242 2098 394 2138 nunc
426 2081 595 2136 nobis
627 2082 743 2136 doii
775 2081 901 2150 ejus
933 2081 1204 2135 tenebras
1233 2080 1510 2149 indicant,
1543 2084 1597 2136 et
1641 2097 1815 2151 quam
1866 2081 1943 2136 sit

242 2171 398 2226 illius
429 2170 804 2240 despicienda
835 2170 969 2224 ﬂeta
1010 2168 1266 2238 claritas,
1313 2170 1728 2226 demonstrant.
1771 2169 1939 2225 Dica-

240 2267 337 2316 tur
367 2277 502 2332 ergo
534 2261 606 2314 de
639 2259 943 2314 tenebrosa
989 2265 1173 2326 nocte,
1207 2276 1332 2331 quae
1372 2259 1642 2314 humanae
1692 2259 1944 2314 inﬁrmi-

241 2352 377 2406 tatis
417 2350 615 2407 oculos
669 2350 924 2406 claudit:
968 2350 1294 2405 Maledicunt
1342 2350 1414 2418 ei,
1472 2353 1566 2420 qui
1603 2350 1945 2405 maledicunt

238 2443 368 2508 diei,
403 2441 459 2495 id
491 2446 599 2507 est,
634 2438 718 2493 illi
752 2439 920 2494 electi
966 2439 1210 2508 spiritus
1257 2439 1468 2495 erroris
1512 2440 1638 2509 ejus
1679 2440 1946 2496 tenebras

236 2533 320 2603 (ιι)
337 2529 668 2585 damnando
688 2528 1055 2594 denuntient,
1071 2529 1167 2599 qui
1190 2529 1649 2597 magnitudinem
1667 2529 1946 2586 claritatis

243 2621 407 2678 illius
433 2621 551 2690 jam
579 2621 649 2674 ab
681 2619 915 2675 exordio
948 2619 1136 2673 lictam
1171 2619 1387 2674 vident.
1413 2620 1564 2674 Bene
1587 2629 1781 2674 autem
1806 2622 1946 2675 sub-

241 2710 409 2766 ditur
441 2725 454 2762 :
489 2709 588 2777 Qui
614 2710 800 2778 parati
827 2719 954 2763 sunt
984 2710 1254 2763 suscitare
1289 2708 1600 2763 Leviathan.
1637 2709 1944 2764 Leviathan

237 2801 464 2872 quippe
507 2798 921 2868 interpretatus
961 2797 1177 2852 dicitur
1206 2798 1673 2853 additamentum
1725 2815 1945 2853 eorum.

242 2893 499 2957 Quorum
533 2887 775 2955 scilicet,
810 2889 922 2944 nisi
959 2887 1304 2944 hominum?
1338 2889 1508 2944 Recte
1549 2898 1740 2944 autem
1791 2890 1948 2944 addi-

243 2985 566 3036 tamentum
623 2994 823 3034 eorum
871 2979 1106 3041 dicitur,
1158 2978 1296 3048 quia
1347 2984 1652 3049 postquam
1702 2979 1947 3049 primam

2053 1805 2122 1861 ad
2157 1807 2555 1875 probationem
2611 1813 2869 1863 nostram
2919 1810 3003 1865 eis
3053 1810 3469 1879 relaxantibus,
3521 1817 3656 1870 totis
3700 1831 3759 1871 se

2055 1903 2254 1950 contra
2287 1912 2393 1950 nos
2427 1896 2553 1951 suis
2585 1897 2808 1952 viribus
2839 1899 3069 1954 solutus
3093 1907 3373 1956 exerceat.
3401 1903 3544 1967 Quia
3584 1903 3762 1976 igitur

2060 1985 2115 2039 hi
2146 1984 2309 2039 electi
2341 1988 2580 2056 spiritus
2621 1989 2934 2057 superbum
2968 1998 3292 2061 apostatam
3335 1996 3757 2064 comprimunt,

2057 2075 2158 2146 qui
2194 2077 2446 2131 humiles
2479 2078 2632 2132 hunc
2666 2080 2829 2149 sequi
2858 2079 3192 2149 noluerunt,
3219 2083 3483 2153 ipsisque
3506 2086 3755 2141 admini-

2055 2166 2385 2220 strantibus
2408 2167 2754 2233 disponitur,
2781 2173 2843 2221 ut
2863 2170 2935 2223 ad
2961 2170 3340 2225 intentionem
3365 2174 3548 2242 aperti
3574 2183 3758 2230 certa-

2059 2250 2233 2307 minis
2279 2254 2666 2309 destruendus
2707 2256 2975 2310 funditus
3035 2259 3385 2330 quandoque
3435 2273 3753 2330 revocetur,

2058 2341 2287 2397 dicatur
2337 2349 2489 2398 recte
2525 2360 2538 2397 :
2585 2344 2685 2411 Qui
2727 2349 2912 2410 parati
2949 2353 3078 2400 sunt
3123 2351 3387 2403 suscitare
3434 2351 3752 2408 Leviathan.

2058 2430 2200 2496 Quia
2232 2436 2424 2486 tamen
2457 2432 2642 2486 hostis
2691 2433 2941 2488 callidus
2976 2438 3046 2489 ad
3090 2443 3288 2507 aperta
3323 2437 3468 2494 bella
3511 2443 3756 2496 necdum

2059 2521 2375 2576 suscitatus
2407 2527 2515 2587 est,
2550 2527 2837 2592 quomodo
2857 2527 3245 2594 quorumdam
3272 2537 3490 2583 mentes
3515 2546 3624 2585 nox
3647 2531 3760 2586 ista

2058 2627 2216 2667 nunc
2247 2611 2492 2666 latenter
2521 2612 2808 2676 obscuret,
2842 2613 3120 2668 insinuet.
3153 2619 3427 2687 Sequitur
3457 2635 3470 2673 :

2411 2701 2642 2757 CAPUT
2673 2701 2719 2755 Χ
2749 2703 2884 2773 [νει.
2917 2705 3060 2765 x111.
3095 2708 3215 2760 Rec.
3248 2707 3397 2779 XIV].

2127 2792 2299 2848 Vens.
2333 2793 2388 2847 9.
2423 2823 2490 2832 -—
2521 2793 2954 2850 Obtenebrentur
2981 2797 3159 2853 stella
3189 2798 3438 2867 caligine
3472 2804 3610 2867 ejus.

2130 2883 2215 2939 17.
2270 2882 2461 2941 Stellae
2504 2884 2802 2955 aliquando
2857 2890 3053 2953 sancti,
3113 2888 3410 2958 aliquando
3458 2891 3764 2963 hypocrita:

2051 2973 2112 3028 in
2147 2973 2452 3043 Scripturis
2500 2973 2786 3029 dicuntur.
2836 2977 3258 3045 Hypocritarum
3306 2979 3404 3033 tua:
3431 2982 3766 3036 obscuratur

245 3068 478 3139 culpam
513 3068 666 3123 mala
695 3067 1065 3138 suggestione
1098 3066 1314 3132 intulit,
1358 3067 1506 3122 hanc
1536 3067 1792 3138 quotidie
1842 3085 1948 3123 au-
1980 3054 2023 3122 C
2061 3073 2246 3130 aperto
2275 3079 2480 3119 errore.
2512 3095 2580 3104 —-
2612 3064 2672 3118 In
2696 3065 2991 3136 Scriptura
3023 3083 3188 3121 sacra
3211 3068 3506 3124 stellarum
3531 3074 3766 3128 nomine

250 3173 383 3230 gere
433 3156 800 3228 gravioribus
851 3154 1322 3225 persuasionibus
1373 3172 1485 3210 non
1554 3155 1802 3212 desistit.
1857 3157 1950 3213 Vel

249 3250 405 3304 certe
436 3261 540 3316 per
577 3242 1083 3314 exprobrationem
1135 3241 1448 3298 Leviathan
1486 3254 1718 3300 vocatus
1750 3252 1855 3313 est,
1891 3245 1948 3299 id

251 3342 359 3402 est,
393 3333 857 3390 additamentum
889 3331 1191 3387 hominum
1224 3333 1435 3386 dictus.
1472 3332 1577 3387 Eos
1613 3350 1861 3404 namque
1891 3335 1950 3390 in

248 3424 519 3498 paradiso
540 3421 902 3478 immortales
925 3423 1137 3492 reperit
1160 3440 1171 3482 :
1199 3422 1296 3476 sed
1320 3420 1682 3477 divinitatem
1715 3423 1953 3480 immor-

249 3515 472 3572 talibus
513 3514 659 3568 111
717 3511 1130 3582 promittendo,
1181 3511 1348 3580 quasi
1400 3511 1482 3566 eis
1539 3510 1748 3581 aliquid
1802 3513 1955 3568 ultra

246 3620 429 3676 quam
461 3607 622 3658 erant
652 3618 714 3658 se
756 3602 969 3657 addere
1018 3601 1350 3671 spopondit.
1395 3601 1503 3655 Sed
1551 3601 1689 3655 dum
1745 3602 1952 3657 blande

245 3711 364 3750 non
407 3693 600 3748 habita
631 3707 691 3746 se
733 3691 1001 3746 daturum
1045 3689 1357 3760 perhibuit,
1408 3688 1617 3744 callide
1663 3693 1718 3744 et
1755 3690 1952 3747 habita

246 3783 550 3840 subtraxit.
574 3784 648 3853 (ὁ)
677 3782 835 3837 Unde
861 3785 917 3834 et
942 3781 1211 3834 eumdem
1240 3778 1549 3833 Leviathan
1575 3779 1653 3834 ita
1678 3781 1952 3850 prepheta

247 3874 531 3928 describit
561 3871 796 3925 dicens:
834 3869 1008 3940 Super
1047 3868 1341 3924 Leviathan
1371 3875 1680 3938 serpentem
1723 3877 1947 3936 vectem,

243 3979 414 4034 super
442 3964 746 4018 Leviathan
775 3964 1077 4032 serpentem
1120 3963 1431 4015 tortuosum
1461 3959 1611 4030 (Isai.
1665 3976 1840 4029 xxvn,
1873 3961 1946 4032 1).

247 4053 562 4109 Leviathan
595 4050 808 4122 quippe
838 4049 947 4105 iste
979 4049 1033 4104 in
1069 4065 1158 4114 eo,
1204 4050 1359 4120 quod
1391 4064 1452 4104 se
1484 4049 1695 4105 addere
1729 4049 1949 4106 homini

247 4142 590 4214 spopondit,
641 4140 924 4195 tortuosis
955 4139 1022 4193 ad
1056 4155 1190 4194 eum
1239 4138 1470 4195 sinibus
1514 4138 1783 4210 irrepsit;
1821 4141 1952 4210 quia

247 4235 392 4289 dum
428 4230 574 4287 falso
606 4228 992 4300 impossibilia
1034 4228 1322 4299 promisit,
1371 4245 1500 4284 vere
1549 4235 1606 4285 et
1655 4231 1952 4300 possibilia

247 4322 515 4380 sustulit.
547 4321 684 4392 [νει.
733 4319 866 4391 XII.)
914 4319 1296 4383 Quaerendum
1329 4336 1462 4375 vero
1511 4319 1680 4375 nobis
1725 4326 1811 4376 est
1850 4339 1952 4378 cur

2061 3153 2375 3224 aliquando
2406 3159 2737 3210 sanctorum
2761 3156 3010 3224 justitia,
3045 3174 3172 3228 quae
3214 3159 3271 3212 in
3309 3161 3484 3228 hujus
3514 3163 3641 3216 vitae
3674 3168 3767 3218 te-

2061 3240 2260 3296 nebris
2291 3243 2460 3310 lucet,
2494 3243 2805 3312 aliquando
2839 3259 2967 3298 vero
3004 3247 3430 3315 hypocritarum
3475 3248 3629 3303 ﬁctio
3661 3252 3763 3304 de-

2062 3335 2439 3397 monstratur,
2480 3332 2580 3403 qui
2615 3333 2765 3387 bona
2795 3349 2920 3404 quae
2963 3334 3204 3399 faciunt,
3237 3336 3307 3389 ad
3361 3337 3764 3408 percipiendas

2059 3419 2260 3475 laudes
2292 3421 2628 3476 hominibus
2658 3424 2992 3477 ostendunt.
3030 3423 3086 3478 Si
3111 3425 3264 3479 enim
3301 3432 3451 3481 recte
3483 3427 3760 3497 viventes,

2060 3510 2239 3566 stellae
2272 3527 2385 3565 non
2419 3518 2632 3576 essent,
2670 3529 3035 3583 nequaquam
3071 3514 3284 3568 Paulus
3326 3516 3634 3588 discipulis
3675 3521 3765 3574 di-

2060 3606 2214 3656 ceret
2247 3618 2258 3654 :
2292 3602 2354 3654 In
2387 3601 2567 3655 medio
2587 3606 2832 3657 nationis
2861 3620 3050 3673 prava?
3071 3615 3121 3658 et
3151 3622 3437 3675 perversae,
3466 3610 3614 3664 inter
3635 3627 3764 3680 quos

2061 3692 2251 3745 lucetis
2280 3693 2417 3745 sicut
2451 3692 2753 3747 luminaria
2786 3695 2841 3746 in
2873 3694 3071 3748 mundo
3102 3695 3332 3765 (Philip.
3369 3715 3430 3765 ιι,
3467 3699 3574 3766 15).
3612 3700 3765 3754 Rur—

2059 3797 2207 3844 sum,
2242 3780 2285 3833 si
2321 3781 2467 3834 inter
2497 3796 2594 3835 eos
2635 3781 2732 3850 qui
2785 3786 2942 3836 recta
2983 3799 3154 3853 agere
3189 3783 3469 3846 videntur,
3523 3789 3762 3858 quidam

2059 3872 2129 3927 de
2170 3869 2394 3924 actione
2443 3887 2549 3924 sua
2604 3870 3044 3927 retributionem
3096 3872 3308 3927 favoris
3354 3876 3593 3930 humani
3647 3894 3762 3932 non

2059 3960 2401 4028 qumrerent,
2433 3973 2795 4028 nequaquam
2827 3957 3028 4014 stellas
3065 3959 3321 4016 Joannes
3365 3978 3532 4018 ruere
3563 3981 3595 4017 a
3641 3981 3762 4019 cce-

2057 4047 2297 4103 lestibus
2319 4046 2558 4116 videret,
2589 4047 2791 4102 dicens
2826 4063 2837 4102 :
2871 4048 3020 4103 Misit
3045 4048 3209 4104 draco
3238 4051 3489 4117 caudam,
3516 4062 3567 4108 et
3589 4056 3762 4108 traxit

2058 4139 2280 4193 tertiam
2341 4141 2553 4207 partem
2603 4137 2889 4192 stellarum
2944 4139 3130 4207 (Apoc.
3191 4156 3286 4205 xu,
3349 4142 3425 4210 4).
3487 4143 3763 4200 Draconis

2058 4228 2213 4283 enim
2245 4227 2428 4282 cauda
2476 4225 2780 4282 stellarum
2836 4244 2966 4297 pars
3002 4228 3282 4296 trahitur,
3332 4233 3468 4300 quia
3507 4238 3765 4289 extrema

2059 4316 2434 4388 persuasione
2452 4317 2793 4371 Antichristi
2810 4317 3046 4387 quidem
3069 4317 3168 4388 qui
3188 4317 3456 4374 videntur
3470 4320 3658 4377 lucere
3673 4340 3766 4377 ra-

245 4414 352 4484 qui
385 4417 712 4482 serpentem
755 4410 996 4473 dixerat,
1038 4413 1487 4479 tortuosumque
1517 4408 1670 4465 illico
1702 4412 1951 4482 subjun-
1983 4426 2030 4489 ι)
2063 4407 2313 4479 pieutur.
2337 4405 2372 4460 I
2393 4406 3284 4476 I2Stellasnamqueinterram
3306 4411 3648 4478 trahere,est
3668 4430 3767 4470 eos

241 4517 419 4574 gens,
451 4498 796 4570 interposuit
827 4504 1067 4564 vectem,
1095 4498 1205 4552 nisi
1234 4497 1375 4552 forte
1399 4499 1554 4568 quod
1579 4499 1636 4552 in
1662 4502 1953 4571 serpentis

242 4589 593 4649 tortitudine
612 4588 763 4643 ﬂuxa
778 4587 1072 4655 mollities,
1091 4588 1147 4641 iu
1165 4591 1320 4641 vecte
1345 4593 1537 4642 autem
1556 4592 1645 4643 est
1662 4589 1730 4658 (ε)
1745 4591 1956 4645 duritia

245 4677 582 4749 rigiditatis.
617 4676 682 4731 Ut
713 4691 849 4747 ergo
891 4674 1048 4730 hunc
1077 4679 1134 4728 et
1164 4675 1375 4730 durum
1405 4674 1683 4746 signaret,
1710 4680 1765 4731 et
1797 4678 1952 4732 mol-

247 4772 369 4828 lem
392 4774 701 4836 ;etvectem
720 4765 1494 4836 nominat,(d)etserpentem
1509 4807 1520 4818 .
1537 4765 1729 4822 Durus
1743 4767 1956 4838 quippe

247 4866 309 4919 et
341 4875 444 4931 per
475 4857 780 4923 malitiam,
816 4855 1011 4911 mollis
1042 4871 1142 4926 per
1164 4855 1578 4911 blandimenta.
1611 4859 1805 4912 Vectis
1826 4873 1957 4928 ergo

250 4951 493 5014 dicitur,
527 4947 667 5020 quia
706 4961 889 5018 usque
921 4946 991 5000 ad
1018 4961 1217 5000 necem
1252 4945 1535 5015 percutit;
1569 4961 1811 5016 serpens
1853 4964 1959 5003 au-

248 5046 401 5107 tem,
436 5040 575 5110 quia
606 5053 666 5093 se
699 5053 799 5107 per
829 5036 1076 5092 insidias
1110 5034 1359 5090 molliter
1393 5036 1461 5105 (e)
1495 5034 1770 5090 infundit.

329 5130 419 5185 16.
453 5127 739 5184 Diabolum
770 5126 926 5182 electi
956 5124 1283 5196 angelorum
1314 5127 1371 5177 in
1398 5130 1564 5194 puteo
1593 5124 1778 5194 abyssi
1800 5124 1960 5180 clau-

323 5365 418 5434 (a)
458 5361 541 5416 Ita
570 5359 797 5425 Rbem.,
832 5353 1537 5436 Gorh.__Gerr_i_1..,UR_emig.,
1568 5354 1788 5436 qumﬂ
1833 5356 1961 5436 Elo-

242 5427 432 5520 ι-ὶέεε.ζ
458 5447 606 5513 quos
638 5434 967 5520 seqpuntur
985 5429 1119 5520 γει.
1154 5429 1301 5483 Edit.
1325 5427 1506 5482 Paris.
1533 5430 1590 5482 et
1619 5427 1794 5482 Basil.
1828 5428 1959 5484 Coc.

245 5506 367 5568 Alii
402 5500 697 5572 deinceps,
723 5500 1087 5557 damnandos.

328 5579 409 5651 (lg)
451 5573 700 5651 In_Mss_.
749 5572 1048 5651 Norman,
1099 5571 1424 5651 _Vindocin.,
1456 5571 1676 5651 Germ,
1707 5569 1958 5651 legitur:

252 5641 420 5725 Unde
448 5654 500 5725 et
524 5646 779 5725 Dominus
806 5648 1058 5725 eumdem
1092 5647 1171 5725 ita
1200 5660 1295 5725 per
1331 5643 1658 5725 piophetam
1687 5641 1957 5698 describit.

255 5725 327 5782 In
366 5721 517 5777 Utic.
553 5717 711 5792 prius
741 5716 1037 5789 legebatur
1067 5721 1127 5772 ut
1151 5721 1239 5771 est
1270 5715 1326 5770 in
1368 5715 1574 5769 Editis.

2066 4496 2166 4566 qui
2192 4495 2460 4549 videntur
2489 4494 2686 4550 studio
2716 4495 2847 4550 vitae
2878 4495 3128 4552 caelestis
3150 4497 3450 4568 inhaerere,
3484 4517 3552 4556 ex
3574 4518 3769 4557 amore

2065 4589 2292 4639 terreno
2325 4584 2630 4654 iniquitate
2660 4586 2838 4654 aperti
2864 4586 3074 4641 erroris
3099 4585 3407 4644 involvere.
3435 4590 3582 4646 Sunt
3606 4608 3768 4646 nam-

2066 4689 2178 4744 que
2209 4672 2472 4727 nonnulli
2507 4672 2604 4743 qui
2636 4678 2769 4728 ante
2801 4673 3088 4732 humauos
3111 4678 3310 4733 oculos
3349 4679 3507 4735 velut
3538 4683 3768 4751 magnis

2066 4761 2340 4833 operibus
2367 4761 2592 4828 lucent;
2627 4763 2728 4817 sed
2762 4763 2898 4833 quia
2939 4764 3056 4820 haec
3097 4767 3223 4836 ipsa
3253 4783 3426 4836 opera
3472 4785 3504 4823 a
3553 4771 3767 4822 mundo

2066 4851 2240 4907 corde
2272 4867 2385 4906 non
2420 4850 2725 4921 prodeunt.
2759 4852 2912 4922 capti
2945 4852 3004 4908 in
3029 4854 3270 4910 occultis
3293 4856 3766 4926 cogitationibus,

2068 4940 2254 4997 noctis
2285 4940 2462 5010 hujus
2491 4940 2747 4996 tenebris
2776 4941 3196 5010 obscurantur;
3222 4943 3321 5013 qui
3353 4960 3501 5013 saepe
3542 4959 3608 4998 ea
3639 4961 3766 5016 quae

2070 5031 2287 5085 mundo
2333 5029 2504 5084 corde
2553 5045 2668 5083 non
2715 5031 2953 5097 faciunt,
3008 5034 3182 5085 etiam
3242 5046 3418 5100 opera
3468 5032 3764 5087 amittunt.

2067 5118 2215 5184 Quia
2244 5133 2380 5190 ergo
2404 5134 2516 5174 nox
2546 5118 2852 5188 praevalere
2881 5118 3254 5190 permittitur,
3289 5120 3516 5188 quando
3541 5123 3597 5175 et
3618 5120 3771 5177 inter

2168 5360 2216 5421 c)
2247 5355 2310 5410 In
2341 5353 2550 5418 Editis,
2583 5351 2808 5406 duritiae
2838 5353 3117 5420 rigiditas.

2165 5427 2219 5497 d)
2243 5426 2304 5479 In
2329 5429 2467 5479 Mss.
2496 5423 2697 5478 Norm.
2720 5427 2777 5477 et
2798 5422 3089 5494 plerisque
3114 5424 3348 5497 legitur,
3373 5429 3425 5480 et
3447 5430 3768 5484 tortuosum.

2070 5502 2138 5553 Et
2157 5496 2315 5567 intra
2349 5498 2668 5567 :Atortuosus
2691 5498 3038 5567 autem,quia
3077 5513 3132 5551 se
3154 5513 3249 5567 per
3269 5496 3500 5554 insidias
3522 5500 3773 5556 molliter

2070 5566 2337 5640 infundit.
2371 5565 2520 5640 Utic.
2554 5570 2863 5640 utramque
2885 5565 3056 5623 habet
3084 5565 3413 5624 lectionem.

2141 5640 2214 5712 (e)
2226 5638 2527 5713 Secundus
2544 5636 2888 5713 Compend.,
2906 5656 3007 5712 pro
3022 5641 3292 5713 infundit,
3310 5641 3498 5711 habet,
3519 5644 3768 5713 inﬂectit.

2074 5708 2162 5771 Ita
2184 5708 2360 5770 etiam
2395 5708 2740 5786 Longipont.
