4134 6174
328 249 445 315 647

1593 227 1876 290 SANCTI
1917 229 2296 292 GREGORII
2340 229 2583 291 MAGNI

3727 243 3853 303 648

331 397 486 454 bona
509 404 681 462 opera
708 380 895 440 cordis
916 375 1159 434 intentio
1185 367 1780 462 minimemundatur,
1805 369 2035 462 dicatur
2064 368 2120 435 Α
2149 366 2358 422 tionem
2394 366 2615 462 faciunt
2643 366 2855 462 laudis,
2882 368 3001 438 jam
3034 366 3336 438 praemium
3371 369 3442 425 ab
3467 368 3724 431 humano
3753 391 3859 432 ore

330 494 518 545 recte:
552 460 631 552 la)
679 476 1042 535 Obscurentur
1070 468 1241 524 stellae
1284 465 1516 534 caligine
1547 462 1662 532 ejus
1684 481 1713 552 ,-r
1734 460 1808 530 (b)
1829 460 1894 552 id
1928 469 2030 529 est,

332 584 534 635 contra
561 551 658 628 eos
685 569 782 640 qui
817 571 950 621 ante
982 562 1267 616 humanos
1294 555 1492 610 oculos
1513 552 1670 623 quasi
1707 551 1873 605 bonis
1906 566 2040 620 ope-

333 669 498 723 ribus
513 662 842 733 splendent,
867 653 1086 709 malitia
1107 646 1330 717 antiqui
1355 643 1536 698 hostis
1559 645 1805 696 obscura
1825 657 2037 710 praeva-

333 755 487 821 leat;
520 732 571 806 et
604 750 732 814 hoc,
764 744 916 817 quod
952 745 1084 796 ante
1107 737 1368 791 humana
1398 732 1612 799 iudicia
1636 732 2034 821 sumpserant,

336 818 534 900 lumen
551 839 740 894 laudts
755 836 1068 904 deponant.
1094 823 1352 891 Caligine
1374 822 1591 892 quippe
1614 819 1796 874 noctis
1821 818 2034 872 obscu-

337 938 557 993 rantur,
591 943 722 984 cum
757 938 957 978 eorum
991 919 1108 971 vita
1139 922 1339 987 aperto
1387 927 1578 966 errore
1621 908 2033 974 confunditur;

335 1028 400 1080 ut
435 1019 710 1075 nimirum
754 1013 894 1068 tales
937 1012 1110 1065 etiam
1149 1007 1288 1061 foris
1331 1005 1386 1058 in
1436 1003 1659 1056 actione
1699 1003 2032 1068 appareant,

334 1110 536 1186 quales
566 1107 720 1178 apud
753 1100 1102 1171 semetipsos
1136 1098 1294 1151 intus
1337 1092 1532 1148 divino
1573 1105 1773 1162 parere
1815 1087 2035 1159 judicio

334 1219 449 1259 non
483 1198 820 1255 formidant.
855 1190 1128 1260 Sequitur
1168 1203 1182 1241 :

833 1279 1060 1337 CAPUT
1092 1276 1166 1331 χι
1199 1274 1346 1348 [νει.
1372 1273 1538 1341 XIV].

404 1381 546 1437 Isin.
581 1376 862 1446 Exspectet
894 1372 1088 1438 lucem,
1120 1374 1170 1422 et
1200 1380 1310 1432 non
1340 1362 1540 1429 videat,
1575 1376 1674 1417 nec
1703 1367 1882 1415 ortum
1914 1375 2035 1413 sur-

331 1473 510 1544 gentis
540 1481 781 1523 aurorae.

408 1565 491 1618 18.
528 1559 771 1615 Christus
800 1568 924 1608 cum
955 1550 1105 1603 bonis
1137 1562 1250 1600 una
1283 1551 1364 1599 est
1401 1557 1648 1611 persona.
1693 1547 1746 1595 et
1789 1537 2039 1594 diabolus

333 1669 447 1709 una
480 1667 603 1705 cum
647 1644 909 1715 reprobis.
960 1641 1061 1707 Qui
1107 1652 1276 1705 prava
1325 1639 1519 1704 agunt,
1578 1638 1678 1685 aut
1735 1637 1882 1686 recta
1929 1645 2038 1683 non

332 1749 481 1798 recto
529 1737 706 1802 corde,
756 1729 1052 1787 mercedem
1101 1737 1372 1782 aeternam
1425 1724 1640 1791 [rustra
1694 1725 1937 1789 δραι-απτ.
1970 1749 2039 1759 —-
2073 1744 2116 1810 Β

335 1835 394 1889 In
431 1826 734 1898 Evangelia
764 1822 993 1876 Veritas
1018 1816 1190 1871 dicit:
1230 1817 1334 1884 Ego
1355 1829 1477 1866 sum
1508 1813 1608 1866 lux
1635 1811 1833 1864 mundi
1855 1809 2038 1880 (Joan.

335 1938 454 1986 vm,
491 1919 602 1985 12).
637 1915 794 1969 Sicut
837 1916 1025 1964 autem
1059 1906 1242 1960 isdem
1294 1903 1646 1971 Redemptor
1695 1903 1890 1954 noster
1925 1912 2042 1952 una

331 2023 579 2082 persona
610 2008 696 2060 est
727 2016 858 2057 cum
886 1993 1334 2067 congregatione
1365 1991 1686 2057 bonorum;
1721 1989 1844 2059 ipse
1881 2003 2041 2042 nam-

332 2079 446 2173 que
486 2103 659 2167 caput
706 2098 794 2147 est
823 2090 1105 2161 corporis,
1129 2092 1186 2139 et
1217 2101 1320 2139 nos
1353 2083 1531 2153 hujus
1557 2079 1764 2151 capitis
1798 2095 2036 2173 corpus;

331 2170 412 2247 ita
443 2187 722 2257 antiquus
755 2182 945 2236 hostis
975 2196 1092 2233 una
1122 2191 1369 2248 persona
1399 2177 1487 2228 est
1516 2188 1651 2226 cum
1684 2175 1897 2226 cuncta
1918 2170 2035 2225 colo

327 2279 571 2336 lectione
620 2274 1021 2344 reproborum,
1057 2268 1194 2338 quia
1233 2269 1358 2336 ipse
1400 2267 1484 2318 eis
1542 2261 1610 2316 ad
1663 2261 2036 2332 iniquitatem

331 2371 501 2443 quasi
533 2375 702 2434 caput
736 2361 1095 2434 praeminet,
1124 2356 1206 2411 illi
1240 2365 1432 2410 autem
1476 2353 1612 2407 dum
1647 2353 1741 2443 ad,
1766 2365 2039 2443 persuasa

328 2440 682 2516 deserviunt,
707 2452 863 2507 velut
884 2450 1259 2520 subjunctum
1294 2443 1468 2514 capiti
1499 2458 1706 2512 corpus
1732 2440 2032 2496 inhaerent.

327 2548 484 2615 Quod
519 2560 655 2616 ergo
687 2542 758 2596 de
791 2541 895 2594 hac
928 2543 1114 2602 nocte,
1147 2536 1201 2590 id
1227 2539 1316 2589 est
1347 2534 1588 2602 antiquo
1613 2530 1778 2585 hoste
1799 2529 2031 2596 dicitur,

326 2639 558 2710 dignum
591 2641 676 2690 est
707 2637 772 2688 ut
799 2631 865 2686 ad
901 2644 1113 2698 corpus
1135 2628 1280 2696 ejus.
1314 2623 1372 2678 id
1399 2629 1485 2678 est
1511 2623 1580 2677 ad
1607 2622 1839 2710 iniquos
1867 2635 2035 2691 quos-

325 2707 458 2798 que,
491 2722 802 2778 derivetur.
837 2717 982 2783 Quia
1004 2715 1183 2786 igitur
1214 2711 1567 2780 Redemptor
1601 2707 1838 2798 humani
1867 2721 2029 2798 gene-

324 2795 402 2870 ris
435 2814 532 2866 lux
563 2819 672 2876 est,
714 2808 850 2878 quid
884 2811 974 2859 est
1005 2803 1156 2874 quod
1191 2801 1263 2855 de
1295 2801 1403 2854 hac
1436 2801 1602 2852 nocte
1634 2795 1848 2851 dicitur
1880 2811 1892 2850 :
1927 2796 2030 2850 Ea:-

2139 463 2500 527 receperunt,
2534 458 2779 514 Veritate
2824 463 3153 524 attestante,
3188 477 3315 530 qua:
3357 465 3438 518 ait
3473 480 3487 519 :
3525 466 3696 522 Amen
3725 468 3848 524 dico

2141 550 2304 615 vobis,
2364 556 2685 619 receperunt
2730 548 3025 604 mercedem
3085 552 3240 606 113
3301 568 3459 608 suam
3517 555 3729 625 (Matth.
3774 575 3856 624 vt,

2139 639 2293 709 2,5).
2349 639 2452 695 Ubi
2482 644 2538 694 et
2591 639 2737 694 bene
2794 639 3110 695 subditur:
3173 641 3279 696 Nec
3332 650 3519 699 ortum
3573 652 3860 718 surgentis

2141 743 2374 783 aurorae.

2213 818 2362 891 [γει.
2406 819 2542 890 XV.]
2594 820 2677 873 19.
2730 819 2975 873 Ecclesim
3024 821 3083 873 in
3129 820 3334 889 iudicio
3385 825 3678 881 novissimo
3733 828 3851 884 cla-

2143 910 2363 963 ritatem
2385 925 2493 963 non
2521 909 2808 965 videbunt.
2842 938 2909 949 —
2938 911 3161 965 Aurora
3201 911 3422 984 quippe
3454 915 3711 972 Ecclesia
3760 917 3853 972 di-

2143 999 2315 1065 citur,
2348 1016 2474 1070 quae
2505 1016 2537 1055 a
2570 1005 2938 1069 peccatorum
2971 1016 3213 1056 suorum
3246 1005 3500 1059 tenebris
3543 1007 3613 1060 ad
3655 1007 3848 1063 lucem

2138 1088 2380 1160 justitia:
2414 1095 2798 1157 permutatur.
2836 1090 2999 1146 Unde
3031 1095 3086 1144 et
3112 1090 3262 1147 hanc
3289 1108 3542 1164 sponsus
3568 1097 3626 1151 in
3651 1096 3854 1154 Canti-

2143 1195 2344 1235 corum
2394 1179 2614 1233 cantico
2654 1179 2920 1248 miratur,
2963 1179 3161 1235 dicens
3197 1199 3209 1235 :
3251 1185 3384 1252 Quae
3427 1191 3507 1239 est
3554 1188 3681 1256 ista,
3733 1204 3858 1259 qua

2139 1267 2497 1339 progreditur
2551 1271 2709 1340 quasi
2767 1284 2968 1324 aurora
3026 1285 3353 1342 consurgens
3405 1273 3557 1344 (Can.
3608 1293 3683 1343 vn,
3736 1279 3795 1346 9)
3826 1277 3858 1333 τ

2143 1356 2318 1422 Quasi
2350 1373 2560 1412 aurora
2590 1357 2807 1428 quippe
2838 1356 3150 1415 electorum
3183 1361 3369 1433 surgit
3409 1363 3680 1432 Ecclesia,
3715 1381 3851 1437 quas

2143 1447 2440 1518 pravitatis
2484 1446 2741 1517 pristinae
2779 1447 3049 1503 tenebras
3077 1448 3310 1519 deserit,
3351 1456 3408 1507 et
3438 1467 3564 1508 sese
3610 1455 3670 1509 in
3723 1457 3858 1512 novi

2146 1536 2382 1591 luminis
2427 1537 2707 1609 fulgorem
2742 1538 3041 1594 convertit.
3082 1542 3145 1595 In
3198 1540 3298 1596 illa
3329 1542 3505 1613 igitur
3546 1544 3693 1614 luce,
3733 1561 3856 1615 qua

2145 1626 2201 1680 in
2237 1626 2483 1682 districti
2509 1628 2726 1696 judicis
2758 1629 3008 1683 adventu
3045 1635 3425 1697 monstratur,
3459 1649 3670 1705 corpus
3692 1636 3864 1692 dam-

2146 1716 2268 1771 nati
2301 1715 2489 1772 hostis
2519 1721 2699 1771 ortum
2742 1719 3031 1788 surgentis
3073 1735 3295 1775 aurora:
3327 1737 3442 1777 non
3494 1724 3684 1791 videt;
3720 1726 3856 1796 quia

2152 1823 2283 1861 cum
2316 1807 2616 1862 districtus
2640 1809 2820 1877 judex
2865 1809 2934 1862 ad
2970 1810 3413 1866 retributionem
3448 1816 3687 1881 venerit,
3743 1817 3861 1870 ini-

2153 1914 2306 1969 quus
2339 1898 2588 1969 quisque
2629 1914 2872 1953 suorum
2905 1900 3152 1972 caligine
3203 1903 3543 1958 meritorum
3589 1921 3862 1978 pressus,

2152 1993 2374 2059 quanta
2412 1986 2670 2042 claritate
2711 1993 2913 2043 sancta
2957 1989 3203 2045 Ecclesia
3243 1991 3299 2045 in
3343 1991 3627 2048 internum
3659 1995 3858 2053 cordis

2149 2077 2348 2132 lumen
2373 2084 2597 2150 surgat,
2620 2078 2870 2149 ignorat.
2897 2079 3058 2133 Tunc
3083 2096 3329 2151 namque
3350 2081 3664 2139 electorum
3684 2101 3856 2142 mens

2148 2166 2207 2221 in
2242 2165 2424 2222 altum
2458 2166 2698 2236 rapitur,
2732 2174 2797 2222 ut
2827 2167 3146 2224 divinitatis
3186 2169 3366 2226 radiis
3400 2171 3759 2242 illustratur;
3796 2179 3857 2231 et

2151 2271 2260 2326 quo
2292 2258 2420 2326 ejus
2453 2267 2711 2327 respectu
2748 2257 3136 2326 perfunditur,
3171 2275 3236 2314 eo
3269 2261 3422 2316 ultra
3452 2277 3511 2316 se
3533 2264 3720 2332 gratia
3755 2279 3855 2319 co-

2147 2357 2418 2400 ruscante
2457 2345 2819 2401 sublevatur.
2851 2347 3013 2402 Tunc
3055 2355 3259 2404 sancta
3289 2349 3546 2406 Ecclesia
3572 2351 3648 2422 (ε)
3681 2351 3856 2423 plena

2147 2451 2354 2491 aurora
2387 2435 2468 2505 fit,
2511 2451 2645 2490 cum
2697 2436 3071 2492 mortalitatis
3119 2446 3291 2510 atque
3339 2438 3680 2509 ignorantia
3731 2458 3850 2498 sua

2143 2526 2418 2582 tenebras
2443 2526 2703 2580 funditus
2737 2526 2976 2583 amittit.
3013 2528 3073 2582 ln
3099 2527 3322 2598 judicio
3349 2545 3485 2601 ergo
3519 2531 3708 2585 adhuc
3737 2549 3850 2587 au-

2144 2632 2274 2671 rora
2295 2623 2402 2685 est,
2436 2617 2537 2671 sed
2568 2616 2626 2670 in
2654 2633 2829 2686 regno
2853 2616 2976 2672 dies
3000 2639 3014 2684 ;
3043 2619 3181 2689 quia
3201 2620 3450 2690 etsijam
3475 2637 3605 2676 cum
3630 2626 3853 2677 restau-

2143 2707 2365 2761 ratione
2411 2721 2720 2776 corporum
2761 2708 2957 2762 videre
2996 2707 3194 2765 lumen
3242 2708 3301 2764 in
3328 2709 3551 2779 judicio
3591 2710 3852 2779 inchoat,

2138 2797 2268 2863 ejus
2301 2801 2491 2850 tamen
2522 2811 2714 2851 Visum
2749 2795 2976 2867 plenius
3017 2797 3076 2852 in
3117 2813 3294 2869 regno
3326 2804 3719 2856 consummat.
3753 2802 3858 2856 Or-

321 2908 526 2975 spectet
559 2902 755 2966 lucem,
778 2901 829 2951 et
857 2910 968 2949 non
997 2892 1179 2946 videat
1210 2908 1230 2946 :
1264 2889 1376 2944 nisi
1409 2889 1557 2958 quod
1593 2891 1732 2941 sunt
1757 2885 2029 2941 nonnulli
2136 2890 2234 2940 tus
2265 2885 2464 2957 itaque
2494 2902 2717 2941 aurora;
2739 2894 2828 2941 est
2856 2888 3155 2943 exordium
3180 2889 3552 2945 clarescentis
3575 2890 3844 2948 Ecclesiae

324 2995 423 3066 qui
457 2993 657 3055 ﬁdem,
691 3003 865 3059 quam
898 2983 1168 3055 operibus
1199 2982 1532 3045 destruunt,
1574 2981 1860 3066 tenerese
1901 2992 2028 3032 ser—
2135 2992 2308 3047 quem
2359 2977 2553 3033 videre
2597 2977 2827 3048 reprobi
2867 2983 3185 3049 nequeunt,
3247 2980 3380 3051 quia
3436 2998 3467 3036 a
3527 2987 3845 3053 conspectu

321 3065 594 3139 monibus
624 3072 987 3133 ostendunt?
1015 3072 1095 3128 De
1127 3070 1340 3142 quibus
1373 3084 1471 3176 per
1501 3066 1736 3165 l’aulum
1769 3065 2017 3121 dicitur:
2048 3107 2093 3176 Ο
2133 3066 2384 3176 districti
2419 3067 2635 3168 judicia
2665 3067 2949 3176 malorum
2974 3085 3219 3176 's‘uo‘rum
3269 3070 3528 3141 pondere
3555 3069 3631 3126 ad
3677 3076 3853 3128 tene-

323 3173 427 3240 Qui
462 3168 792 3236 conﬁtentur
835 3179 891 3218 se
936 3176 1094 3216 nosse
1131 3160 1322 3222 Deum,
1371 3155 1539 3228 [actis
1589 3161 1775 3209 autem
1815 3161 2016 3224 negant
2049 3155 2092 3176 “'
2132 3157 2266 3213 bras
2298 3158 2480 3227 pressi
2513 3157 2945 3228 pertrahuntur.
2974 3158 3137 3215 Unde
3168 3165 3320 3216 recte
3351 3177 3454 3233 per
3484 3161 3838 3233 prophetam

318 3260 443 3332 (Tit.
475 3275 515 3323 ι,
552 3256 661 3326 16).
695 3253 761 3308 Hi
803 3251 1079 3306 nimirum
1121 3255 1218 3302 aut
1251 3261 1426 3317 prava
1455 3247 1596 3299 sunt
1625 3259 1760 3332 quae
1785 3243 2020 3332 faciunt,
2131 3246 2384 3302 dicitur:
2421 3247 2663 3302 Tollatur
2705 3249 2910 3315 impius
2934 3265 3004 3304 ne
3040 3249 3220 3304 videat
3266 3250 3499 3318 gloriam
3545 3254 3646 3308 Dei
3676 3251 3836 3322 (Isai.

320 3330 421 3403 aut
452 3349 607 3400 recta
635 3356 813 3413 opera
842 3355 956 3394 non
992 3343 1145 3392 recto
1175 3335 1347 3391 corde
1366 3335 1681 3388 sectantur.
1717 3330 1840 3386 Non
1867 3331 2022 3386 enim
2130 3353 2284 3403 xxvi,
2320 3336 2404 3404 10,
2449 3351 2552 3392 sec.
2604 3336 2775 3408 LXX).
2809 3337 2954 3393 Hinc
3011 3345 3096 3394 est
3144 3339 3294 3407 quod
3351 3339 3423 3396 de
3473 3339 3584 3395 hac
3628 3357 3844 3398 aurora

318 3437 390 3492 de
421 3434 540 3489 suis
571 3430 844 3503 operibus
878 3424 1290 3482 retributiones
1317 3432 1640 3493 perpetuas,
1673 3421 1773 3477 sed
1806 3421 2019 3476 transi-

317 3527 500 3583 torios
533 3525 750 3579 favores
782 3521 1088 3593 quaerunt;
1123 3521 1178 3573 et
1209 3524 1398 3572 tamen
1421 3513 1558 3586 quia
1589 3513 1757 3584 quasi
1789 3517 2022 3568 sanctos

317 3615 540 3672 laudari
575 3629 632 3668 se
665 3612 933 3675 audiunt,
976 3623 1106 3663 esse
1147 3622 1208 3662 se
1259 3606 1539 3660 veraciter
1585 3607 1821 3659 sanctos
1864 3601 2019 3658 arbi-

314 3710 582 3771 trantur;
618 3707 674 3760 et
703 3705 921 3773 quanto
945 3715 1006 3754 se
1027 3714 1095 3753 ex
1117 3695 1435 3751 multorum
1462 3693 1846 3749 aestimatione
1875 3691 2020 3747 irre-

313 3792 740 3867 prebensibiles
789 3792 1020 3861 putant,
1074 3791 1238 3842 tanto
1297 3784 1448 3839 diem
1507 3781 1754 3838 districti
1809 3781 2019 3852 judicii

312 3884 574 3942 securius
604 3883 963 3952 exspectant.
1002 3885 1076 3934 De
1105 3877 1321 3948 quibus
1353 3874 1499 3930 bene
1531 3887 1634 3944 per
1680 3872 2017 3942 prophetam

309 3975 559 4032 dicitur:
601 3973 702 4029 Vae
730 3969 1164 4025 desiderantibus
1191 3968 1334 4022 diem
1365 3965 1585 4020 Domini
1616 3964 1794 4032 (Amos
1819 3978 1870 4026 v,
1908 3963 2020 4031 18).

310 4065 535 4130 Quibus
569 4063 772 4116 beatus
804 4058 910 4114 Job
939 4056 1196 4112 debitam
1229 4054 1576 4111 sententiam
1611 4051 1843 4122 profert,
1873 4067 2018 4120 pras-

309 4152 555 4209 dicentis
583 4149 797 4217 studio,
848 4165 963 4202 non
1013 4144 1265 4218 optantis
1315 4148 1442 4198 voto
1473 4143 2018 4214 dicenszExspectet

309 4242 504 4308 lucem,
536 4243 587 4294 et
617 4255 728 4294 non
761 4237 956 4294 videat.
992 4235 1115 4292 Nox
1145 4236 1360 4307 quippe
1401 4232 1521 4300 illa,
1555 4231 1819 4288 videlicet
1849 4237 2016 4290 tene—

309 4330 518 4384 brosus
547 4327 753 4394 hostis,
786 4327 845 4381 in
895 4324 1176 4381 membris
1221 4322 1344 4378 suis
1393 4321 1582 4377 lucem
1615 4325 1927 4392 exspectat,
1961 4330 2018 4378 et

2131 3443 2234 3500 per
2259 3425 2632 3482 Psalmistam
2679 3427 2893 3483 dicitur
2927 3443 2941 3482 :
2987 3427 3287 3484 Abseondes
3325 3443 3410 3484 eos
3439 3429 3510 3501 (Γ)
3541 3432 3601 3484 in
3653 3431 3845 3490 abdito

2127 3518 2312 3573 vultus
2342 3517 2440 3581 tui,
2483 3533 2516 3571 a
2556 3517 2973 3574 conturbatione
3019 3518 3304 3574 hominum
3338 3520 3510 3590 (Psal.
3557 3537 3692 3586 xxx,
3723 3524 3842 3594 21).

2128 3607 2361 3666 Electus
2393 3607 2545 3663 enim
2580 3610 2828 3679 quisque
2860 3607 2918 3662 in
2944 3607 3168 3677 judicio
3201 3625 3301 3679 per
3321 3609 3615 3666 internum
3647 3611 3841 3668 visum

2128 3700 2186 3754 in
2232 3699 2394 3755 vultu
2440 3697 2772 3754 Divinitatis
2821 3698 3224 3766 absconditur,
3273 3699 3412 3756 dum
3456 3701 3842 3773 reproborum

2128 3790 2269 3848 foris
2323 3793 2550 3846 caecitas
2601 3789 2866 3843 districta
2914 3788 3417 3846 animadversione
3447 3790 3695 3861 justitiee
3747 3809 3842 3850 re-

2128 3881 2296 3953 pulsa
2324 3879 2614 3935 turbatur.

2198 3970 2285 4026 20.
2348 3967 2658 4040 Hypocritae
2722 3966 3000 4038 iustorum
3063 3982 3230 4039 opera
3299 3983 3408 4024 non
3475 3968 3837 4028 intentionem

2125 4065 2424 4126 cernentes,
2454 4058 2626 4112 lucem
2656 4072 2841 4113 eorum
2873 4073 2980 4113 non
3016 4057 3215 4114 vident.
3253 4089 3317 4099 --
3347 4059 3510 4124 Quod
3543 4061 3713 4115 etiam
3753 4062 3829 4116 ad

2127 4163 2383 4218 praesens
2414 4162 2530 4200 non
2562 4146 3038 4202 inconvenienter
3067 4147 3411 4219 accipimus,
3445 4149 3490 4203 si
3522 4148 3837 4205 simulato-

2126 4253 2255 4293 rum
2290 4237 2461 4292 corda
2491 4235 2763 4291 subtilius
2796 4237 3166 4308 indagamus.
3201 4239 3554 4310 Arrogantes
3580 4255 3843 4312 namque

2126 4333 2181 4384 et
2212 4329 2520 4400 hypocrita:
2569 4328 2855 4384 bonorum
2898 4328 3045 4384 facta
3073 4328 3326 4385 exterius
3355 4329 3666 4402 aspiciunt,
3699 4347 3840 4387 eos-

310 4433 424 4472 non
457 4416 628 4481 videt,
661 4415 797 4488 quia
827 4415 908 4469 vel
944 4414 1001 4469 hi
1036 4413 1136 4485 qui
1169 4413 1337 4468 fidem
1380 4413 1506 4466 sine
1551 4410 1822 4480 Operibus
1872 4412 2014 4467 reti-
2042 4403 2092 4469 D
2126 4435 2237 4490 que
2267 4419 2325 4474 in
2375 4417 2542 4474 factis
2572 4416 2695 4473 suis
2743 4415 2968 4473 laudari
3007 4418 3080 4472 ab
3112 4417 3449 4474 hominibus
3480 4426 3836 4491 agnoscunt,

308 4508 468 4571 nent,
494 4519 628 4559 cum
662 4519 763 4574 pro
794 4503 995 4558 eadem
1030 4503 1141 4557 fide
1172 4503 1227 4556 in
1257 4506 1518 4557 extremo
1543 4500 1765 4572 judicio
1804 4499 2013 4556 salvari

306 4611 368 4653 ο
399 4608 570 4667 posse
601 4593 922 4658 conﬁdunt,
955 4607 1090 4663 spes
1116 4607 1316 4646 eorum
1351 4591 1744 4659 frustrabitur,
1783 4595 1852 4656 (c)
1876 4591 2013 4663 quia

306 4685 456 4742 hanc
485 4682 726 4737 vivendo
755 4679 1016 4737 demoliti
1047 4685 1206 4748 sunt,
1241 4695 1415 4752 quam
1443 4680 1773 4735 conﬁtendo
1805 4683 2010 4736 tenue-

305 4779 459 4844 runt,
492 4773 582 4829 vel
606 4772 665 4828 hi
698 4772 795 4845 qui
828 4788 930 4844 pro
953 4769 1212 4826 humana
1243 4770 1411 4827 laude
1435 4771 1494 4826 in
1517 4771 1668 4826 bona
1694 4771 1920 4827 actione
1951 4788 2013 4828 se

303 4866 600 4927 exhibent,
617 4865 911 4920 incassum
934 4861 1014 4933 (d)
1031 4859 1335 4916 aveniente
1353 4860 1546 4930 judice
1569 4862 2009 4919 retributionem

301 4957 584 5015 bonorum
610 4970 850 5028 operum
885 4955 1162 5025 sperant;
1188 4952 1328 5023 quia
1349 4952 1489 5006 dum
1516 4951 1635 5007 haec
1666 4953 1728 5009 in
1758 4958 2012 5009 ostenta-

372 5157 454 5227 (a)
502 5155 663 5212 Unus
709 5153 932 5224 Remig.
979 5159 1033 5208 et
1084 5151 1211 5207 Val.
1252 5149 1357 5216 CL,
1403 5148 1824 5206 obtenebrentur
1869 5153 2006 5208 stel-

302 5226 395 5292 lae,
425 5232 534 5281 etc.

372 5296 451 5366 (b)
477 5296 576 5366 Sic
621 5297 812 5365 Corb.,
859 5296 1075 5363 Germ.,
1132 5294 1407 5366 Norman.
1465 5309 1687 5366 omnes,
1733 5293 2002 5360 Vindoc.,

301 5365 544 5424 Val.'Cl.
580 5369 651 5421 At
676 5369 802 5422 Coo.
837 5374 892 5422 et
930 5367 1027 5422 alii
1078 5365 1444 5429 recentiores,
1491 5383 1523 5420 a
1558 5365 1697 5421 Mss.
1733 5366 2001 5422 receden-

301 5444 385 5492 tes
420 5453 432 5490 :
464 5436 521 5490 id
551 5445 631 5491 est
660 5453 746 5492 eos
785 5440 995 5507 qui.....
1029 5439 1319 5494 obscurare
1346 5438 1669 5501 praevaleat.

373 5507 443 5578 (ι’)
477 5509 540 5562 In
575 5507 1647 5580 Exousisprieﬂgiturvoxmale,quain
1667 5509 1802 5565 Mss.
1837 5508 2003 5581 igno-

299 5584 479 5635 ratur.
516 5581 693 5652 Porro
723 5585 926 5652 contra
955 5593 1052 5652 eos
1075 5581 1172 5650 qui
1205 5583 1373 5635 fidem
1408 5583 1534 5636 sine
1556 5582 1831 5652 Operibus
1861 5581 2001 5636 reti-

298 5650 578 5707 nentesin
600 5650 1087 5719 extremojudicio
1101 5666 1163 5705 se
1192 5653 1498 5708 salvandos
1515 5650 1642 5710 esse
1676 5652 1998 5719 confidunt,

298 5721 568 5795 specialis
599 5727 682 5776 est
713 5718 1021 5790 Augustini
1061 5725 1341 5781 tractatus
1370 5723 1442 5781 de
1471 5723 1610 5782 Fide
1637 5728 1695 5783 et
1723 5718 2019 5797 operibus

2125 4522 2441 4580 eorumque
2475 4506 2700 4564 celebre
2735 4523 2945 4563 nomen
2973 4507 3280 4576 mirantur,
3306 4511 3363 4565 et
3382 4509 3537 4580 quod
3565 4526 3670 4581 pro
3684 4511 3839 4567 bene

2123 4598 2298 4668 gestis
2327 4597 2532 4652 laudes
2581 4596 2911 4667 suscipiant
2954 4597 3197 4665 vident;
3232 4599 3328 4655 sed
3364 4609 3582 4669 quanto
3634 4602 3834 4659 studio

2120 4688 2352 4743 easdem
2386 4685 2589 4742 laudes
2638 4685 2884 4758 fugiant,
2935 4703 3049 4742 non
3099 4687 3318 4744 vident.
3364 4690 3576 4761 Aperta
3623 4705 3828 4746 eorum

2121 4794 2296 4849 opera
2338 4777 2746 4846 considerant;
2790 4777 2890 4832 sed
2932 4777 3088 4849 quod
3137 4778 3262 4835 sola
3311 4794 3412 4850 spe
3443 4779 3653 4835 intima
3701 4779 3830 4836 haec

2117 4872 2450 4937 operentur,
2481 4866 2771 4938 ignorant.
2797 4866 2901 4932 Qui
2924 4867 3080 4923 enim
3104 4885 3238 4924 vera
3269 4868 3397 4925 luce
3420 4868 3660 4939 iustitia
3685 4869 3834 4926 clari

2115 4962 2277 5020 sunt.
2310 4956 2472 5029 prius
2503 4972 2536 5013 a
2573 4956 2828 5013 tenebris
2860 4956 3099 5014 internas
3131 4956 3476 5016 intentionis
3511 4960 3835 5015 immutan-

2114 5158 2256 5209 tom.
2288 5153 2439 5228 Vill,
2473 5171 2529 5228 p.
2564 5153 2686 5210 165.
2720 5153 3113 5228 (Retraham.
3141 5156 3243 5222 XL,
3267 5156 3369 5213 col.
3406 5156 3554 5228 197.)
3579 5156 3836 5214 Eosdem

2115 5228 2330 5282 refutat
2360 5226 2467 5280 lib.
2500 5226 2572 5280 de
2601 5231 2727 5282 octo
2755 5225 2987 5281 Dulcitii
3021 5229 3257 5293 (tuast,
3301 5229 3354 5293 1,
3387 5233 3442 5284 et
3475 5225 3638 5284 alibi.

2185 5296 2266 5374 (d)
2308 5296 2369 5352 In
2420 5297 2587 5374 φοι-ἱ),
2638 5297 2856 5374 Germ.,
2903 5298 3142 5354 Vindoc.
3194 5300 3419 5356 omnib.
3465 5304 3522 5356 et
3572 5299 3829 5374 Remig.,

2113 5367 2347 5440 legitur,
2379 5368 2704 5424 adveniente
2727 5369 2932 5439 judice.

2184 5441 2258 5512 (ε)
2287 5441 2459 5508 Editi,
2490 5441 2650 5511 plene
2679 5457 2902 5512 aurora.

2184 5514 2254 5582 (γ’)
2323 5512 2446 5588 Duo
2495 5512 2724 5588 Rhem.,
2765 5511 2972 5588 _Corb._A
2998 5511 3192 5588 Germ.
3241 5519 3321 5588 et_
3366 5530 3529 5588 unus
3569 5513 3826 5588 Remig.,

2107 5583 2402 5639 ahscondes
2458 5599 2550 5639 eos
2594 5586 2651 5639 in
2721 5583 3049 5640 abscondito.
3108 5584 3192 5640 lta
3248 5585 3424 5642 etiam
3483 5585 3612 5643 Vet.
3672 5583 3828 5646 Edit.

2109 5655 2291 5712 Paris.
2327 5664 2380 5710 et
2409 5654 2582 5712 Basil.
