4134 6174
250 273 369 339 649

1173 270 1603 335 MOHALIUM
1650 268 1795 330 LIB.
1840 263 1944 326 IV.
1989 294 2070 309 —
2114 263 2190 325 IN
2235 266 2403 332 CAP.
2450 273 2531 334 IlI
2576 274 2644 337 B.
2693 275 2857 337 .lOB.

3604 380 3605 383 γ
3656 291 3777 353 650

250 434 368 499 tur,
404 433 469 487 ut
492 430 908 489 obscuritatem
937 427 1097 485 intus
1127 431 1363 487 terrente
1381 427 1755 504 appetitionis
1789 422 1955 495 plene
1982 399 2041 470 Α-
2071 423 2300 495 spiritui
2336 431 2499 500 quasi
2527 432 2691 489 lucra
2730 434 2898 492 nobis
2957 436 3187 495 dedisse
3234 440 3443 511 fuerat,
3467 444 3515 500 si
3559 446 3774 505 damna

250 523 547 591 deserant,
588 528 641 578 et
695 521 870 577 corda
899 537 1006 577 sua
1054 521 1127 576 ad
1177 537 1439 593 supernas
1498 519 1644 576 lucis
1681 515 1967 575 desideria

258 613 518 686 perfecte
559 615 921 680 convertant,
970 626 1043 666 ne
1082 625 1213 666 cum
1267 611 1394 667 aliis
1441 614 1726 683 apparent
1766 606 1965 671 lucidi,

255 706 642 778 sibimetipsis
663 705 785 761 sint
811 704 1060 761 obscuri.
1093 706 1445 775 Arrogantes
1468 719 1604 775 ergo
1626 704 1764 774 quia
1784 702 1969 757 bono—

255 815 391 855 rum
429 798 579 855 facta
622 796 1013 855 considerant,
1056 802 1108 850 et
1142 796 1317 851 corda
1366 812 1481 851 non
1527 798 1796 866 pensant,
1827 789 1970 845 imi—

256 892 461 944 tantur
483 886 639 942 unde
668 883 898 941 laudari
931 882 1071 938 foris
1103 883 1353 953 valeant,
1380 900 1495 939 non
1537 883 1691 937 unde
1712 881 1872 936 intus
1895 877 1967 935 ad

254 976 496 1051 justitiaa
545 975 745 1031 lumen
793 976 1077 1045 surgant:
1110 976 1167 1027 et
1213 972 1380 1045 quasi
1427 977 1622 1029 ortum
1672 968 1968 1042 surgentis

267 1082 486 1124 aurora
513 1065 712 1121 videre
744 1063 1031 1127 nesciunt,
1064 1061 1199 1133 quia
1246 1061 1631 1118 intentionem
1685 1058 1969 1130 religiosae

264 1157 480 1215 mentis
508 1154 882 1212 considerare
922 1155 1332 1210 contemnunt.

334 1246 472 1318 [νει.
522 1244 677 1315 XVI.]
724 1245 813 1299 21.
863 1242 1056 1300 Iudaea
1100 1241 1300 1297 Christi
1348 1242 1614 1298 venientis
1670 1244 1720 1295 et
1777 1238 1967 1294 Eccle-

262 1336 366 1395 sia,”
397 1335 678 1392 nascentis
704 1333 883 1389 lucem
900 1349 1009 1389 non
1028 1332 1189 1389 vidit.
1222 1363 1290 1374 —
1312 1334 1508 1387 Potest
1528 1330 1703 1386 etiam
1726 1331 1969 1386 sanctus

258 1428 369 1497 vir,
402 1425 586 1499 gratia
616 1422 941 1497 pr0phetici
964 1423 1209 1495 spiritus
1250 1425 1481 1494 plenus,
1530 1420 1746 1477 Judssm
1798 1419 1971 1490 perii-

259 1517 419 1575 diam
445 1516 826 1585 Redemptore
857 1512 1124 1571 veniente
1158 1511 1515 1584 conspicere,
1567 1511 1815 1582 ejusque
1855 1525 1971 1564 cae-

263 1607 459 1665 citatis
480 1607 699 1662 damna
720 1619 821 1675 per
850 1604 1024 1659 verba
1039 1602 1162 1658 haec
1185 1602 1348 1673 quasi
1371 1618 1441 1662 ex
1487 1601 1742 1671 optantis
1781 1597 1971 1672 quali-

267 1702 393 1755 tate
420 1695 783 1769 prophetare,
819 1697 881 1749 ut
928 1693 1109 1748 dicat:
1172 1694 1451 1764 Exspectet
1508 1692 1706 1757 lucem,
1759 1698 1811 1747 et
1856 1705 1970 1745 non

2074 530 2189 569 non
2212 515 2531 608 intulisset.
2553 522 2646 578 Sic
2664 540 2770 580 nos
2788 525 3528 603 delatronibusloquimur,
3549 536 3627 607 (b)
3645 539 3779 608 quia

2073 604 2316 676 captivis
2340 609 2464 665 suis
2496 611 2717 668 donant
2745 614 2949 679 vitam,
2984 617 3035 672 si
3054 634 3166 674 non
3195 619 3563 678 abstulerint.

2144 695 2233 750 23.
2260 697 2481 755 Sensus
2514 717 2787 758 MORALIS.
2819 734 2889 746 —
2936 706 3099 761 Libet
3139 707 3257 763 haec
3297 710 3366 764 ab
3410 711 3782 772 inchoatione

2076 790 2351 857 repetere,
2386 795 2563 861 atque
2603 808 2670 847 ex
2706 808 2771 849 eo
2803 796 2958 865 quod
3017 798 3077 852 in
3134 814 3242 855 usu
3301 805 3603 872 praesentis
3652 806 3781 862 vita;

2076 878 2565 947 recognoscimus,
2628 881 2918 938 moraliter
2985 888 3314 943 retractare.
3375 891 3523 960 [Vet.
3582 895 3779 967 XVII.)

2076 963 2408 1024 BeatusJob
2467 971 2868 1040 considerans,
2920 979 3229 1047 postquam
3288 981 3570 1038 amentis
3627 963 3780 1041 statu

2076 1057 2381 1114 succubuit
2402 1076 2581 1127 genus
2596 1061 2945 1129 humanum,
2969 1070 3189 1137 quanta
3208 1067 3267 1123 in
3291 1069 3463 1127 rebus
3484 1076 3780 1146 prosperis

2077 1143 2291 1202 ﬁducia
2321 1149 2680 1219 sublevetur,
2712 1153 2799 1209 vel
2832 1158 3053 1225 quanta
3082 1170 3152 1212 ex
3182 1157 3443 1216 adversis
3467 1143 3783 1231 perturba—

2078 1237 2236 1294 tione
2260 1240 2588 1312 frangatur,
2622 1243 2693 1298 ad
2725 1243 2916 1312 illum,
2949 1262 3123 1317 quem
3167 1248 3377 1306 habere
3414 1251 3474 1307 in
3515 1256 3784 1324 paradiso

2077 1329 2289 1399 potuit,
2322 1330 2937 1392 incommutabilitatis
2967 1340 3187 1394 statum
3212 1345 3402 1398 mente
3425 1344 3693 1415 recurrit,
3726 1354 3784 1402 et

2077 1418 2462 1475 mortalitatis
2482 1420 2716 1494 lapsum
2748 1439 2849 1494 per
2879 1440 3155 1498 prospera
3176 1428 3419 1487 adversa
3441 1432 3787 1501 variantem,

2078 1524 2259 1580 quam
2291 1511 2710 1583 despicabilem
2733 1520 3013 1585 cerneret,
3043 1516 3445 1578 maledicendo
3477 1523 3791 1584 declaravit

2078 1596 2312 1656 dicens:

2568 1693 2800 1750 CAPUT
2832 1698 2964 1753 x111
2996 1697 3137 1768 [Rec.
3170 1701 3298 1771 XV].

258 1787 467 1855 videat,
514 1801 611 1841 nec
666 1792 848 1841 ortum
896 1782 1170 1854 surgentis
1225 1797 1467 1840 aurorae.
1495 1782 1699 1839 Judsea
1754 1781 1969 1853 quippe
2002 1786 2049 1851 Β
2154 1778 2330 1834 Vsus.
2365 1780 2420 1834 3.
2453 1782 2658 1837 Pereat
2690 1784 2805 1840 dies
2844 1785 2905 1841 in
2949 1803 3058 1857 qua
3112 1796 3274 1845 natus
3330 1806 3472 1859 sum,
3502 1796 3555 1848 et
3600 1809 3711 1852 nox
3733 1797 3790 1851 in

259 1878 456 1934 lucem
476 1874 848 1946 exspectavit,
902 1878 957 1929 et
996 1888 1110 1929 non
1140 1872 1317 1939 vidit;
1349 1872 1484 1944 quia
1517 1870 1759 1927 humani
1804 1885 1975 1941 gene-

256 1966 344 2021 ris
406 1965 847 2035 Redemptorem
911 1965 1225 2017 venturum
1276 1960 1514 2033 quidem
1575 1959 1974 2032 pr0phetando

259 2054 575 2121 sustinuit,
606 2054 707 2109 sed
754 2051 1081 2107 venientem
1140 2049 1383 2105 minime
1418 2050 1716 2121 cognovit;
1751 2052 1807 2104 et
1832 2064 1976 2119 quos

257 2146 337 2201 ad
369 2160 533 2216 spem
555 2142 785 2214 aperuit
815 2144 972 2196 114
1012 2140 1219 2197 mentis
1240 2138 1455 2207 oculos,
1489 2141 1559 2196 ad
1608 2139 1973 2211 praesentiam

257 2234 415 2290 lucis
447 2231 675 2288 clausit.
714 2230 848 2296 Quae
879 2236 932 2286 et
963 2229 1254 2300 surgentis
1277 2244 1497 2283 aurorae
1530 2235 1715 2283 ortum
1750 2244 1865 2283 non
1897 2229 1977 2282 vi-

262 2324 382 2380 dit:
417 2321 554 2393 quia
584 2320 821 2376 inﬁrma
851 2319 948 2374 illa
978 2323 1194 2375 sanctas
1217 2318 1482 2373 Ecclesia:
1528 2318 1847 2389 primordia
1878 2331 1973 2371 ve-

257 2413 460 2470 nerari
494 2409 844 2480 contempsit
867 2410 1156 2480 ;dumque
1193 2408 1345 2463 hanc
1371 2406 1704 2462 labefactari
1741 2421 1974 2461 suorum

254 2501 555 2560 mortibus
582 2499 842 2566 credidit,
868 2499 939 2554 ad
973 2514 1096 2570 quae
1144 2497 1313 2553 fortia
1352 2496 1701 2568 perveniret,
1738 2496 1973 2566 ignora-

250 2594 367 2650 vit.
401 2591 515 2647 Sed
547 2590 684 2661 quia
707 2590 777 2645 de
821 2587 1160 2644 infidelibus
1210 2586 1479 2657 loquens,
1524 2585 1713 2656 iniqui
1766 2584 1973 2656 capitis

250 2677 815 2746 membrainnotuit,
850 2678 924 2733 ad
954 2678 1149 2749 ipsum
1174 2692 1406 2732 rursum
1436 2675 1775 2746 iniquorum
1798 2680 1974 2746 caput

247 2771 439 2828 verba
468 2768 777 2839 convertit,
810 2767 1045 2825 dicens:

921 2894 1151 2951 CAPUT
1180 2893 1298 2950 XII.

330 3010 506 3065 Vens.
543 3007 630 3062 10.
661 3036 730 3046 -—
762 3006 903 3073 Quia
933 3020 1045 3060 non
1084 3004 1356 3059 conclusit
1404 3003 1551 3057 ostia
1594 3000 1818 3069 ventris,
1878 3002 1975 3072 qui

248 3099 499 3174 portavit
531 3112 637 3159 me,
671 3110 766 3151 nec
794 3092 1033 3150 abstulit
1054 3092 1206 3148 mala
1235 3094 1303 3148 ab
1333 3090 1506 3149 oculis
1534 3092 1691 3147 meis.

328 3226 426 3277 2'2.
464 3218 759 3276 Paradisus
801 3217 1034 3272 humani
1086 3219 1300 3287 generis
1367 3226 1575 3283 uterus,
1634 3217 1792 3285 cuius
1838 3216 1983 3271 ostia

254 3327 491 3384 serpens
521 3311 752 3379 aperuit.
785 3338 855 3349 —~
885 3307 1043 3373 Quod
1078 3305 1389 3375 unicuique
1447 3304 1753 3361 hominum
1785 3308 1984 3361 venter

256 3410 357 3462 est
386 3399 613 3468 matris,
646 3398 755 3454 hoc
787 3396 1054 3452 universo
1085 3396 1343 3451 humano
1383 3394 1576 3465 generi
1633 3394 1847 3450 exstitit
1881 3394 1983 3451 ha-

258 3491 481 3547 bitatio
512 3488 612 3545 illa
626 3486 1149 3557 summaparadisi.
1184 3487 1263 3539 Ex
1286 3485 1409 3554 ipsa
1429 3499 1677 3554 namque
1699 3484 1769 3555 (a)
1796 3483 1983 3554 proles

260 3580 520 3639 humani
550 3577 782 3651 generis
808 3576 967 3632 velut
996 3591 1061 3631 ex
1091 3584 1288 3631 ventre
1337 3573 1569 3645 prodiit,
1615 3578 1672 3628 et
1710 3573 1880 3645 quasi
1912 3573 1983 3628 ad

252 3673 624 3730 incrementa
655 3670 934 3737 corporis,
968 3667 1052 3721 sic
1077 3666 1148 3721 ad
1185 3668 1505 3736 augmenta
1524 3662 1859 3735 propaginis
1893 3663 1980 3717 fo-

260 3778 369 3819 ras
401 3758 714 3815 emanavit.
750 3755 831 3811 Ibi
864 3756 1163 3825 conceptio
1197 3763 1397 3810 nostra
1427 3752 1664 3821 coaluit,
1697 3752 1799 3808 ubi
1822 3752 1983 3824 origo

261 3848 585 3906 hominum
608 3845 785 3901 homo
817 3842 1043 3915 primus
1064 3842 1365 3897 habitavit.
1397 3841 1507 3897 Sed
1552 3841 1724 3912 hujus
1764 3840 1983 3896 ventris

259 3937 425 3996 ostia
464 3951 700 4006 serpens
756 3932 1000 4005 aperuit,
1064 3932 1203 4003 quia
1229 3929 1607 4001 persuasione
1664 3928 1876 3985 callida
1922 3928 1983 3983 in

255 4026 446 4085 corde
488 4022 742 4079 hominis
784 4020 1126 4077 mandatum
1178 4019 1409 4075 caeleste
1457 4017 1741 4074 dissolvit.
1795 4017 1985 4087 Hujus

255 4115 498 4175 ventris
530 4112 683 4169 ostia
704 4127 941 4183 serpens
972 4108 1216 4182 aperuit,
1269 4109 1406 4180 quia
1449 4110 1675 4164 munita
1713 4106 1984 4179 supernis

262 4203 516 4264 monitis
538 4202 795 4259 claustra
827 4199 1038 4255 mentis
1067 4196 1301 4270 irrupit.
1327 4198 1573 4254 Sanctus
1604 4197 1783 4269 igitur
1813 4196 1903 4256 vir
1924 4196 1984 4252 in

264 4312 451 4371 pcena
495 4308 671 4364 quam
703 4289 927 4357 tolerat,
961 4288 1033 4345 ad
1065 4287 1296 4359 culpam
1347 4288 1559 4345 mentis
1590 4286 1786 4345 oculos
1806 4288 1985 4344 redu-

266 4390 385 4443 cat.
423 4382 627 4439 Doleat
655 4380 786 4448 hoc,
820 4379 971 4449 quod
1005 4378 1314 4433 tenebrosa
1344 4394 1478 4447 nox,
1515 4377 1572 4433 id
1611 4383 1719 4446 est,
1760 4374 1986 4447 antiqui

2087 1884 2206 1938 quae
2236 1868 2440 1923 dictum
2471 1876 2567 1939 est,
2605 1871 2896 1944 Conceptus
2925 1884 3001 1931 est
3029 1877 3205 1934 homo.

2154 1956 2247 2011 25.
2284 1959 2409 2013 Deis
2447 1963 2525 2015 est
2549 1966 2901 2032 prosperitas,
2932 1982 3047 2022 nos:
3094 1968 3401 2026 tribulatio.
3434 1974 3534 2029 Dei
3588 1977 3795 2045 peccati

2086 2045 2391 2112 delectatio,
2415 2064 2527 2103 ηοω
2557 2050 2775 2108 caecitas
2806 2056 3031 2111 mentis.
3055 2087 3125 2097 —
3155 2057 3330 2120 Quasi
3361 2060 3482 2116 dies
3522 2065 3789 2135 quaedam

2086 2138 2194 2201 est,
2228 2152 2359 2191 cum
2392 2137 2801 2211 mundihujus
2828 2146 3184 2214 prosperitas
3226 2148 3460 2204 arridet.
3514 2150 3623 2207 Sed
3672 2152 3795 2209 dies

2086 2224 2197 2279 iste
2229 2224 2283 2279 in
2317 2230 2541 2281 noctem
2574 2229 2809 2297 desinit,
2844 2232 2979 2301 quia
3009 2250 3161 2305 saepe
3192 2237 3520 2307 temporalis
3552 2257 3791 2310 prospe-

2087 2314 2225 2370 ritas
2257 2316 2323 2369 ad
2356 2316 2751 2375 tribulationis
2773 2323 3045 2380 tenebras
3065 2326 3350 2396 perducit.
3376 2327 3543 2385 Hunc
3562 2347 3796 2402 prospe-

2088 2404 2270 2460 ritatis
2304 2406 2454 2461 diem
2491 2409 2774 2478 propheta
2806 2412 3162 2483 despexerat,
3186 2432 3321 2471 cum
3350 2417 3611 2476 dicebat:
3645 2422 3798 2477 Diem

2086 2495 2326 2548 hominis
2350 2510 2462 2549 non
2489 2498 2796 2569 concupiui,
2840 2509 2899 2556 tu
2928 2506 3035 2557 scis
3065 2504 3290 2574 (Jerem.
3320 2524 3461 2572 xvu,
3496 2510 3603 2578 16).
3633 2510 3797 2566 Hanc

2086 2582 2478 2641 tribulationis
2502 2590 2729 2643 noctem
2754 2594 3043 2659 postremo
3069 2591 3492 2654 incarnationis
3514 2614 3631 2653 suas
3650 2604 3799 2656 tem-

2086 2688 2224 2744 pore
2253 2688 2571 2744 passurum
2610 2692 2673 2733 se
2703 2676 2988 2735 Dominus
3006 2682 3331 2750 nuntiabat,
3355 2702 3489 2741 cum
3506 2704 3607 2758 per
3630 2689 3798 2744 Psal—

2086 2762 2319 2818 mistam
2350 2764 2523 2833 quasi
2552 2781 2620 2821 ex
2649 2769 2942 2837 praeterito
2989 2770 3240 2828 diceret:
3273 2778 3452 2846 Usque
3488 2776 3558 2833 ad
3588 2782 3796 2834 noctem

2084 2850 2477 2923 increpuerunt
2506 2869 2590 2910 me
2646 2871 2804 2912 renes
2827 2858 2937 2913 mei
2984 2860 3134 2931 (Psal
3166 2878 3259 2931 xv,
3305 2863 3385 2934 7).
3444 2864 3641 2922 Potest
3690 2884 3793 2922 au-

2084 2943 2202 2996 tem
2236 2957 2339 3013 per
2376 2942 2556 3012 diem,
2606 2945 2828 3015 peccati
2869 2947 3196 3017 delectatio,
3235 2968 3338 3021 per
3377 2956 3607 3010 noctem
3664 2970 3798 3011 vero

2088 3030 2316 3087 caecitas
2343 3032 2557 3089 mentis
2581 3033 2853 3106 intelligi,
2894 3053 2999 3108 per
3031 3056 3210 3110 quam
3240 3041 3492 3098 sehomo
3510 3043 3802 3113 patiturin

2007 3096 2050 3163 Ο
2089 3120 2273 3194 culpas
2317 3124 2743 3193 perpetratione
2773 3096 3113 3197 “prosterni.
3174 3096 3803 3204 Optat—igi'tur-perire

2093 3210 2269 3281 diem,
2306 3215 2368 3268 ut
2389 3228 2563 3267 omne
2593 3215 2748 3285 quod
2792 3215 3043 3271 blandiri
3084 3218 3254 3291 culpa
3292 3220 3564 3289 cernitur,
3607 3223 3804 3294 vigore

2090 3300 2332 3373 justitiae
2358 3301 2775 3360 interveniente
2804 3305 3165 3363 destruatur.
3198 3308 3373 3380 Optat
3403 3311 3580 3367 etiam
3612 3312 3801 3384 perire

2094 3394 2345 3459 noctem,
2381 3396 2445 3446 ut
2465 3393 2617 3463 quod
2649 3397 2865 3449 caecata
2896 3410 3059 3451 mens
3090 3397 3267 3453 etiam
3317 3415 3417 3469 per
3457 3417 3807 3458 consensum

2094 3483 2404 3551 perpetrat,
2437 3482 2943 3539 animadversione
2976 3486 3331 3556 paenitentiae
3364 3489 3712 3562 exstinguat.

2170 3569 2312 3624 Illi
2346 3568 2436 3623 25.
2463 3568 2745 3639 Scriptura
2776 3572 2955 3627 tribus
2990 3573 3165 3629 modis
3208 3575 3487 3634 hominem
3534 3579 3800 3650 appellat.

2093 3658 2260 3713 Homo
2288 3673 2386 3727 per
2427 3657 2775 3715 voluntarias
2825 3665 3021 3717 mentis
3063 3666 3313 3721 tenebras
3342 3680 3383 3721 α
3432 3666 3795 3725 delectatione

2090 3750 2295 3819 peccati
2324 3749 2565 3818 rapitur.
2599 3749 2796 3805 —Sed
2839 3753 3217 3822 quaerendum
3258 3756 3420 3813 uocis
3453 3760 3540 3813 est
3579 3774 3686 3814 cur
3736 3759 3797 3814 in

2092 3837 2185 3892 die
2215 3840 2384 3893 homo
2423 3845 2595 3891 natus
2642 3838 2877 3905 dicitur,
2927 3841 2985 3896 in
3039 3847 3210 3898 nocte
3267 3849 3622 3917 conceptus?
3648 3848 3805 3902 Scri-

2092 3932 2258 3998 ptura
2289 3942 2455 3982 sacra
2483 3925 2669 3982 tribus
2702 3928 2889 3985 modis
2919 3929 3218 3987 hominem
3262 3934 3533 4004 appellat,
3580 3934 3805 3991 scilicet

2093 4014 2407 4085 aliquando
2438 4031 2541 4086 per
2581 4020 2875 4085 naturam,
2925 4018 3238 4091 aliquando
3270 4037 3372 4093 per
3401 4022 3658 4094 culpam,
3690 4023 3803 4079 ali-

2094 4106 2327 4177 quando
2359 4121 2462 4176 per
2490 4105 2911 4163 inﬁrmitatem.
2950 4111 3018 4181 (c)
3050 4112 3230 4167 Homo
3253 4112 3468 4184 quippe
3503 4130 3601 4185 per
3632 4118 3805 4171 natu-

2094 4212 2217 4251 ram
2249 4196 2483 4264 dicitur,
2509 4197 2658 4253 sicut
2706 4198 2990 4268 scriptum
3033 4205 3123 4258 est
3157 4218 3171 4256 :
3205 4203 3489 4259 Faciamus
3527 4204 3804 4261 hominem

2094 4286 2165 4342 ad
2196 4289 2494 4359 imaginem
2529 4296 2582 4345 et
2620 4287 3063 4347 similitudinem
3105 4298 3353 4349 nostram
3382 4294 3590 4364 (Cenes.
3624 4313 3663 4363 ι,
3687 4296 3806 4368 26).

2095 4382 2282 4433 Homo
2306 4394 2406 4448 per
2435 4377 2692 4449 culpam,
2725 4380 2877 4435 sicut
2907 4380 3189 4452 scriptum
3213 4387 3302 4439 est
3332 4400 3346 4440 :
3382 4385 3491 4456 Ego
3532 4385 3677 4453 dixi,
3720 4386 3812 4441 Dii

266 4475 472 4532 hostis
500 4472 752 4528 obscura
782 4468 1078 4543 suggestio
1110 4466 1379 4524 humanis
1420 4468 1717 4525 mentibus
1750 4468 1987 4534 intulit;
2029 4466 2064 4526 D
2097 4468 2245 4538 estis,
2273 4474 2325 4525 et
2353 4468 2466 4538 ﬁlii
2491 4470 2706 4524 Excelsi
2738 4485 2924 4527 omnes
2956 4491 2973 4537 ;
3006 4487 3099 4528 vos
3147 4482 3332 4530 autem
3378 4478 3516 4530 sicut
3567 4476 3813 4533 homines

275 4564 476 4622 doleat
504 4562 636 4629 hoc,
671 4560 822 4631 quod
854 4558 1214 4631 suggestioni
1245 4556 1467 4613 callidas
1520 4557 1778 4613 humana
1827 4574 1994 4614 mens
2100 4557 2421 4614 moriemini
2450 4558 2603 4629 (Psal
2634 4574 2821 4628 Lxxn,
2843 4560 2923 4628 6).
2970 4563 3050 4616 Ac
3106 4562 3154 4618 si
3186 4568 3383 4634 aperte
3415 4564 3571 4620 dicat
3601 4583 3614 4621 :
3650 4566 3814 4621 Sicut

270 4656 338 4713 in
373 4670 485 4712 sua
515 4650 854 4723 deceptione
884 4648 1200 4712 consensit,
1233 4653 1290 4704 et
1319 4648 1507 4705 dicat:
1541 4649 1681 4716 Quia
1728 4664 1835 4705 non
1866 4664 1997 4704 con-
2104 4647 2510 4718 delinquentes
2546 4647 2806 4705 ebibitis.
2845 4650 3010 4705 Unde
3053 4659 3108 4706 et
3167 4652 3381 4708 Paulus
3411 4653 3491 4709 ait
3522 4671 3534 4709 :
3571 4655 3713 4711 Cum
3742 4656 3816 4709 sit

271 4744 448 4801 clusit
479 4744 615 4799 ostia
646 4739 875 4805 ventris,
906 4739 1003 4810 qui
1029 4740 1268 4810 portavit
1298 4754 1405 4799 me,
1446 4754 1544 4793 nec
1582 4738 1809 4793 abstulit
1848 4738 1999 4793 mala
2106 4736 2253 4793 inter
2283 4752 2370 4793 vos
2398 4738 2543 4792 zelus
2557 4742 2610 4792 et
2640 4741 2932 4808 contentio,
2964 4756 3147 4796 nonne
3184 4743 3433 4798 carnales
3478 4746 3626 4810 estis,
3660 4753 3712 4798 et
3731 4760 3813 4799 sc-

274 4834 349 4889 ab
368 4831 550 4887 oculis
568 4828 863 4885 meis.Nec
886 4830 1110 4883 moveat
1131 4827 1286 4898 quod
1308 4843 1424 4883 non
1465 4825 1827 4883 conclusisse
1854 4842 2000 4899 que-
2104 4826 2344 4883 cundum
2376 4825 2657 4882 hominem
2685 4828 2983 4884 ambulatis
3012 4831 3031 4901 (
3059 4831 3091 4884 Ι
3111 4832 3230 4885 Cor.
3266 4847 3352 4898 Ill,
3386 4831 3481 4899 3)?
3502 4833 3578 4886 Ac
3621 4832 3670 4885 si
3718 4831 3819 4886 di-

288 4925 468 4991 ritur,
499 4936 674 4991 quem
718 4918 1021 4991 aperuisse
1070 4916 1325 4990 paradisi
1368 4917 1611 4988 januam
1663 4918 2002 4973 detestatur.

282 5018 412 5071 Non
445 5011 718 5068 conclusit
748 5009 904 5064 enim
936 5008 1096 5075 dicit,
1128 5008 1390 5079 aperuit;
1428 5012 1485 5063 et
1506 5007 1654 5063 mata
1683 5022 1791 5063 non
1818 5010 2006 5063 abstu-

2108 4921 2233 4974 cat:
2266 4916 2375 4983 Qui
2414 4917 2708 4973 discordes
2731 4922 2958 4975 mentes
2990 4919 3225 4985 ducitis,
3274 4935 3467 4975 nonne
3526 4919 3715 4975 adhuc
3746 4936 3816 4975 ex

2110 5006 2550 5078 reprehensibili
2583 5007 2949 5063 humanitate
2981 5009 3274 5079 peccatis?
3305 5008 3489 5063 IIomo
3522 5023 3622 5078 per
3660 5010 3819 5064 infir-

278 5103 379 5168 lit,
412 5100 709 5172 irrogavit.
735 5097 911 5163 Quasi
951 5098 1111 5154 enim
1150 5097 1424 5163 auferret,
1473 5096 1521 5151 si
1564 5097 1916 5166 quiesceret;
1951 5104 2007 5153 et
2114 5098 2374 5153 mitatem
2394 5097 2626 5164 dicitur,
2651 5098 2804 5152 sicut
2824 5096 3108 5167 scriptum
3140 5102 3253 5151 est:
3283 5096 3359 5168 (εἰ)
3384 5096 3701 5153 Μαιεάἱοιιιε
3731 5100 3823 5156 ho-

281 5190 464 5261 quasi
503 5187 825 5254 clauderet,
862 5187 912 5242 si
970 5187 1040 5242 ab
1103 5185 1432 5257 irruptione
1476 5188 1753 5241 cessaret.
1788 5186 2006 5242 Pensat
2113 5203 2220 5254 mo,
2244 5189 2342 5258 qui
2376 5203 2525 5259 spem
2552 5203 2714 5243 suam
2733 5188 2891 5257 ponit
2923 5187 2980 5239 in
3038 5185 3256 5240 homine
3314 5186 3538 5255 (Jerem.
3570 5203 3707 5257 xm,
3739 5190 3818 5260 5).

287 5293 556 5351 namque
588 5277 659 5333 de
691 5292 805 5349 quo
855 5275 1143 5349 loquitur,
1172 5278 1228 5332 et
1260 5274 1566 5346 perpendit
1616 5275 1771 5348 quod
1832 5291 2006 5348 pravo
2111 5278 2191 5334 Ac
2221 5277 2271 5334 si
2306 5284 2498 5349 aperte
2529 5276 2769 5342 diceret,
2801 5275 2861 5331 in
2892 5272 3253 5330 inﬁrmitate.
3278 5273 3463 5332 Homo
3485 5292 3621 5349 ergo
3644 5277 3703 5335 in
3726 5279 3819 5337 die

370 5468 774 5542 (a)Vindocin.
812 5471 870 5550 e_t
896 5483 1054 5550 unus
1088 5466 1314 5550 itemig.
1344 5467 1610 5550 :E§_ipsa
1642 5483 1882 5541 namque
1908 5469 2011 5525 hu-
2114 5486 2212 5541 per
2241 5478 2519 5525 naturam.
2555 5469 2789 5525 Primus
2803 5467 3244 5537 Vindoc.,homo
3266 5472 3467 5543 quippe
3486 5472 3547 5528 in
3577 5483 3642 5529 ea
3668 5483 3827 5545 parte

288 5540 530 5597 manum
562 5557 727 5609 genus
757 5542 928 5607 velut,
960 5544 1069 5595 etc.
1106 5541 1190 5594 Ita
1210 5540 1387 5595 etiam
1419 5540 1644 5596 Ebroic.

370 5614 448 5684 (b)
485 5612 730 5684 Plurimi
764 5612 998 5677 habent,
1030 5616 1160 5684 quia
1179 5613 1357 5682 captis
1384 5614 1518 5667 suis.

2118 5558 2214 5613 per
2238 5550 2523 5613 naturam.

2191 5612 2270 5683 (εἰ)
2327 5612 2499 5691 Deest
2546 5612 2700 5670 homo
2747 5613 2807 5670 in
2858 5613 3033 5671 duch.
3077 5613 3307 5684 Rhem.,
3360 5615 3608 5691 Remig,
3654 5617 3828 5673 Corb.

371 5684 444 5754 (c)
479 5683 867 5757 DuoiRhem”
912 5684 1053 5757 duo)
1090 5683 1342 5757 Remig.,
1388 5684 1557 5757 Corb.
1591 5685 1810 5757 Germ.,
1863 5702 2015 5743 unus
2124 5686 2336 5756 Germ,
2372 5685 2508 5757 lteg.

291 5756 578 5823 Vindoc.,
612 5756 767 5810 homo
804 5756 1007 5827 quippe
1034 5755 1091 5808 in
1123 5771 1189 5810 ea
1224 5757 1261 5826 (ἱ

625 5856 894 5917 ΡΑτιιοι.
946 5854 1177 5919 LXXV.

1345 5759 1429 5811 est
1468 5755 1527 5813 in
1572 5772 1737 5813 sacra
1785 5756 2019 5833 Script.)

3434 5861 3508 5920 21
