4134 6174
278 277 393 337 651

1546 269 1828 333 SANCTI
1874 264 2244 331 GREGORII
2291 269 2531 331 MAGNI

3678 279 3800 340 652

279 428 559 498 nascitur,
592 424 694 481 sed
718 423 779 479 in
822 425 994 479 nocte
1037 420 1387 493 concipitur,
1446 422 1584 493 quia
1614 435 1982 494 nequaquam
2016 400 2065 469 Α
2098 435 2200 492 per
2231 422 2577 495 Prophetam
2630 422 2844 478 dicitur
2875 440 2888 477 :
2925 423 3076 479 Beati
3126 438 3357 495 quorum
3384 426 3638 485 remissas
3674 432 3818 484 sunt

276 529 356 600 (a)
388 545 421 582 a
449 522 830 581 delectatione
862 520 1079 591 peccati
1097 520 1339 589 rapitur,
1364 518 1476 573 nisi
1500 520 1657 590 prius
1674 516 1984 588 pervolan-

274 618 455 674 tarias
488 614 702 669 mentis
734 610 1005 667 tenebras
1028 609 1376 665 inﬁrmatur.
1409 610 1555 665 Ante
1589 610 1744 664 enim
1794 623 1984 661 θέρους

279 705 340 760 in
372 709 563 758 mente
589 700 671 765 ﬁt,
704 702 759 754 et
812 696 1186 769 postmodum
1233 710 1295 750 se
1327 695 1584 766 reprobus
1615 692 1985 751 delectationi

280 793 627 852 substernit.
660 790 894 845 Dicatur
943 803 1107 859 ergo:
1153 793 1347 843 Pereat
1383 786 1500 843 dies
1556 791 1615 841 in
1669 803 1777 858 qua
1817 792 1985 841 natus

279 902 428 951 sum,
462 892 512 939 et
539 898 658 937 nos:
696 882 755 935 in
786 896 893 950 qua
922 877 1124 933 dictum
1174 881 1271 944 est,
1332 878 1626 946 Conceptus
1664 880 1739 932 est
1798 876 1986 931 homo:

280 974 339 1029 id
398 977 504 1042 est,
546 974 753 1043 pereat
788 968 1114 1032 delectatio,
1158 985 1284 1038 quas
1315 967 1373 1021 in
1424 968 1656 1038 culpam
1692 966 1986 1021 hominem

281 1063 496 1132 rapuit,
521 1066 721 1133 pereat
744 1059 978 1114 incauta
1011 1057 1222 1113 mentis
1245 1056 1579 1121 infirmitas,
1612 1072 1738 1127 quae
1799 1070 1987 1126 usque

280 1153 350 1207 ad
383 1152 651 1207 tenebras
682 1150 840 1221 pravi
871 1164 1193 1203 consensus
1223 1145 1540 1201 excecavit.
1585 1146 1767 1200 Homo
1827 1145 1984 1200 enim

279 1242 419 1297 dum
443 1240 847 1297 blandimenta
876 1236 1277 1292 delectationis
1317 1246 1483 1291 caute
1543 1252 1655 1291 non
1691 1233 1985 1305 perspicit,

279 1330 456 1385 etiam
488 1329 547 1385 in
572 1332 798 1384 noctem
833 1326 1208 1397 nequissimae
1233 1324 1675 1396 perpetrationis
1711 1323 1846 1378 ruit.
1880 1323 1985 1378 So-

277 1416 451 1473 lerter
479 1433 615 1489 ergo
640 1415 999 1488 vigilandum
1029 1419 1133 1479 est,
1168 1417 1233 1467 ut
1254 1428 1382 1468 cum
1424 1411 1678 1467 blandiri
1700 1409 1873 1482 culpa
1902 1410 1988 1465 in-

278 1504 472 1573 choat,
501 1508 568 1561 ad
603 1509 887 1576 quantum
921 1502 1226 1558 interitum
1265 1517 1429 1557 mens
1464 1500 1747 1566 trahatur,
1805 1514 1987 1571 agno-

278 1600 419 1654 scat.
455 1596 619 1652 Unde
649 1600 705 1651 et
727 1598 857 1665 apte
888 1593 1200 1657 subditur;

927 1691 1160 1748 CAPUT
1200 1690 1346 1747 XIV.

338 1785 515 1840 Vsus.
534 1785 586 1838 4.
621 1814 689 1824 -
722 1786 847 1839 Dies
886 1782 987 1836 illa
1017 1786 1273 1836 vertatur
1303 1783 1362 1836 in
1392 1778 1661 1835 tenebras.

345 1873 436 1927 26.
478 1872 860 1929 Delectationis
889 1872 1117 1925 initium
1165 1870 1491 1939 pmnitentias
1533 1867 1790 1923 lamentis
1819 1870 1985 1923 casti-

274 1962 536 2031 gandum.
570 1989 639 2000 -
671 1961 806 2016 Dies
855 1960 1073 2032 quippe
1123 1958 1181 2011 in
1230 1957 1498 2012 tenebras
1554 1956 1818 2023 vertitur,
1854 1972 1985 2013 cum

276 2051 445 2123 culpa
474 2051 533 2107 in
568 2052 695 2123 ipso
726 2049 1129 2107 delectationis
1179 2047 1434 2116 exordio,
1458 2048 1529 2102 ad
1571 2064 1745 2118 quem
1788 2048 1983 2119 perdi—

272 2142 453 2198 tionis
485 2142 661 2196 finem
697 2140 902 2210 rapiat,
934 2139 1184 2193 videtur.
1213 2140 1275 2193 In
1308 2138 1578 2193 tenebras
1616 2138 1769 2192 diem
1816 2137 1985 2192 verti-

272 2247 427 2290 mus.
462 2246 594 2285 cum
629 2228 1018 2299 nosmetipsos
1052 2226 1313 2281 districts
1354 2226 1684 2296 puuientes,
1715 2228 1842 2298 ipsa
1888 2227 1982 2281 de-

271 2319 602 2389 lectationis
643 2334 826 2388 pravzs
849 2316 1252 2372 blandimenta
1278 2332 1378 2385 per
1417 2316 1683 2371 districta
1708 2317 1983 2386 poeniten-

268 2409 363 2466 tia:
393 2409 654 2465 lamenta
683 2408 1039 2472 cruciamus,
1062 2421 1195 2461 cum
1220 2406 1409 2461 flendo
1431 2405 1796 2476 insequimur
1810 2408 1979 2478 quid-

272 2500 409 2572 quid
445 2499 506 2555 in
536 2502 706 2554 corde
737 2497 899 2553 taciti
936 2512 1003 2553 ex
1044 2496 1429 2551 delectatione
1472 2511 1801 2567 peccamus.
1834 2497 1983 2563 Quia

268 2588 429 2645 enim
464 2587 651 2643 fidelis
683 2585 925 2657 quisque
966 2584 1351 2656 cogitationes
1392 2584 1449 2640 in
1487 2584 1713 2655 judicio
1753 2585 1979 2657 exquiri

266 2677 570 2735 subtiliter
601 2692 714 2733 non
738 2677 985 2746 ignorat,
1013 2673 1185 2730 Paulo
1219 2678 1548 2741 attestante,
1591 2675 1689 2745 qui
1729 2674 1851 2729 ait:
1886 2676 1979 2729 In-

265 2774 351 2823 ter
376 2781 433 2822 se
462 2768 695 2822 invicem
716 2764 1115 2834 cogitationum
1145 2765 1547 2828 accusantium,
1571 2772 1667 2819 aut
1697 2764 1862 2819 etiam
1882 2762 1973 2819 de-

262 2856 610 2928 fendentium
638 2856 815 2925 (Rom.
849 2871 911 2915 ιι,
942 2854 1058 2924 15);
1112 2855 1495 2923 semetipsum
1532 2854 1817 2908 introrsus
1848 2852 1976 2907 dis—

266 2946 514 3010 cutiens,
548 2942 989 3014 antejudicium
1021 2942 1394 2998 vehementer
1437 2941 1749 3009 examinat,
1787 2944 1853 2996 ut
1888 2941 1973 2995 di-

2092 513 2433 582 iniquitates,
2464 519 2516 569 et
2548 529 2779 585 quorum
2809 516 2947 569 tecta
2975 518 3103 568 sunt
3152 523 3373 585 peccata
3412 517 3589 586 (Psal.
3647 535 3807 583 χχιι,

2092 603 2161 672 1).
2196 605 2342 667 Quia
2382 619 2519 675 ergo
2561 619 2734 659 omne
2772 606 2925 674 quod
2967 604 3203 675 tegitur,
3236 603 3397 660 velut
3435 605 3494 660 in
3550 610 3810 667 tenebris

2091 692 2445 761 occultatur;
2472 695 2529 749 in
2561 694 2655 749 die
2685 694 2926 749 extremi
2951 693 3160 763 judicii
3192 711 3304 751 non
3349 694 3673 753 illustratur
3709 698 3809 756 lu-

2093 783 2275 849 mine,
2312 785 2467 855 quod
2500 800 2613 839 non
2672 784 2986 840 discutitur
3028 784 3271 842 ultione.
3315 786 3497 841 Actus
3557 804 3813 858 namque

2100 877 2352 941 nostros,
2389 888 2537 943 quos
2570 877 2712 928 tunc
2749 875 2913 943 juate
2962 873 3166 944 punire
3205 872 3475 936 noluerit,
3519 875 3647 946 ipsa
3699 880 3815 934 sibi

2094 960 2292 1033 aliquo
2326 964 2497 1018 modo
2527 964 2717 1019 sciens
2736 962 2935 1017 divina
2968 962 3368 1019 misericordia
3390 967 3715 1022 abscondit.
3746 968 3816 1026 In

2093 1052 2314 1107 lumine
2345 1068 2478 1107 vero
2511 1052 2868 1115 ostenditur,
2910 1052 3193 1123 quidquid
3236 1058 3375 1107 tunc
3404 1054 3462 1107 in
3491 1064 3814 1127 conspectu

2093 1141 2353 1197 omnium
2378 1142 2834 1198 demonstratur.
2884 1142 2985 1196 Hic
3006 1157 3141 1210 ergo
3173 1142 3295 1196 dies
3325 1148 3577 1198 vertatur
3606 1145 3662 1201 in
3709 1150 3805 1200 te-

2094 1232 2327 1296 nebras,
2364 1235 2426 1284 ut
2451 1230 2909 1284 videlicetomne
2940 1228 3098 1302 quod
3121 1229 3541 1301 delinquimus,
3564 1249 3668 1288 nos
3702 1250 3812 1305 per

2094 1319 2498 1392 paenitentiam
2538 1320 2835 1375 feriamus.
2874 1320 3034 1373 llunc
3064 1318 3219 1373 diem
3258 1321 3531 1377 Dominus
3561 1339 3673 1377 non
3708 1339 3801 1378 re-

2093 1410 2307 1479 quirat,
2332 1414 2388 1465 et
2415 1408 2774 1465 luminenon
2804 1407 3100 1477 illustret;
3132 1413 3196 1464 ut
3226 1408 3453 1465 scilicet
3479 1410 3649 1467 nobis
3680 1413 3818 1468 cul-

2094 1515 2233 1571 pam
2267 1507 2529 1554 nostram
2564 1498 2927 1564 ferientibus,
2960 1497 3084 1569 ipse
3114 1498 3267 1555 hanc
3313 1500 3560 1556 extremi
3597 1501 3815 1571 judicii

2095 1587 2602 1644 animadversione
2632 1603 2751 1643 non
2786 1587 3065 1659 increpet.

2165 1678 2256 1733 28.
2292 1679 2574 1733 Paenitens
2604 1678 2752 1734 solus
2774 1679 2955 1735 locum
2983 1680 3215 1746 invenit,
3248 1694 3352 1750 quo
3388 1694 3443 1736 se
3477 1681 3587 1737 Deo
3612 1681 3814 1750 judici

2015 1752 2064 1817 B
2094 1766 2414 1822 abscondat.
2445 1799 2511 1810 —
2566 1768 2692 1838 Ipse
2737 1771 2931 1824 autem
2971 1768 3149 1838 judex
3204 1772 3486 1825 venturus
3541 1774 3649 1838 est,
3705 1772 3816 1843 qui

2099 1861 2311 1913 cuncta
2334 1864 2613 1928 penetret,
2646 1862 2861 1913 cuncta
2892 1857 3265 1928 perstringat.
3292 1859 3397 1923 Qui
3417 1857 3551 1928 quia
3589 1860 3817 1932 ubique

2098 1950 2205 2011 est,
2232 1945 2396 2001 locus
2428 1962 2543 2017 quo
2569 1946 2847 2017 fugiatur,
2880 1962 2995 2001 non
3027 1951 3130 2002 est.
3163 1945 3306 2018 [Vet.
3331 1947 3496 2018 XIX.]
3528 1948 3635 2003 Sed
3669 1950 3817 2020 quia

2098 2037 2474 2093 correctionis
2506 2045 2716 2094 nostrae
2738 2037 2973 2093 ﬂetibus
3004 2037 3287 2109 placatur,
3321 2038 3483 2095 solus
3506 2040 3577 2095 ab
3600 2039 3700 2096 illo
3732 2042 3819 2097 Io-

2097 2142 2229 2181 cum
2264 2126 2411 2197 fuge
2447 2127 2684 2189 invenit,
2708 2128 2806 2198 qui
2835 2136 2961 2199 post
2984 2132 3367 2197 perpetratam
3392 2128 3627 2198 culpam
3652 2147 3816 2187 nunc

2095 2231 2156 2271 se
2189 2216 2268 2287 (d)
2298 2217 2347 2271 ei
2379 2218 2435 2272 in
2472 2217 2811 2288 poenitentia
2828 2218 3153 2274 abscondit.
3179 2217 3339 2273 Unde
3372 2226 3427 2275 et
3448 2225 3580 2291 apte
3612 2220 3805 2277 adhuc

2096 2305 2166 2359 de
2200 2305 2307 2362 hoc
2337 2306 2738 2362 delectationis
2774 2307 2866 2361 die
2896 2307 3301 2379 subiungitur:

2542 2396 2775 2453 CAPUT
2809 2396 2940 2453 xvr
2971 2398 3117 2469 [Rec.
3153 2396 3356 2469 XVII].

2165 2486 2346 2542 Vsus.
2379 2487 2431 2542 5.
2466 2518 2528 2528 -
2558 2488 2865 2543 Obscurent
2887 2503 3013 2543 eum
3042 2490 3284 2544 tenebrae
3303 2494 3355 2544 et
3376 2488 3574 2545 umbra
3591 2492 3813 2546 mortis.

2164 2578 2250 2630 2‘.
2287 2576 2507 2632 Occulta
2563 2578 2660 2633 Dei
2682 2578 2921 2648 judicia,
2980 2577 3231 2648 quaedam
3270 2578 3505 2636 tenebras
3560 2585 3711 2634 sunt.
3742 2610 3817 2621 -—

2091 2666 2252 2721 Diem
2288 2666 2543 2733 profecto
2578 2666 2832 2721 tenebrm
2896 2667 3241 2732 obscurant,
3282 2668 3513 2736 quando
3567 2668 3822 2725 delecta-

2088 2756 2307 2811 tionem
2350 2756 2567 2810 mentis
2600 2754 2823 2810 inﬂicta
2855 2755 3487 2827 pmnitentiaalamenta
3519 2762 3820 2815 transver-

2089 2844 2311 2900 berant.
2342 2846 2600 2901 Possunt
2639 2847 2811 2900 etiam
2858 2862 2960 2918 per
3007 2846 3280 2903 tenebras
3318 2847 3545 2903 occulta
3566 2849 3803 2919 judicia

2087 2934 2399 3006 designari.
2426 2939 2488 2989 In
2512 2934 2637 2990 luce
2652 2951 2903 3005 namque
2921 2937 3076 3008 quod
3101 2936 3367 2993 videmus
3388 2938 3796 3009 agnoscimus;

267 3032 709 3102 strictusjudex
729 3047 795 3085 eo
811 3032 937 3101 jam
964 3030 1345 3101 tranquillius
1362 3030 1572 3098 veniat,
1605 3047 1721 3101 quo
1751 3031 1829 3098 (ὁ)
1854 3047 1975 3086 rea-
2006 3018 2049 3085 C
2090 3024 2148 3078 in
2183 3024 2436 3080 tenebris
2468 3041 2601 3080 vero
2636 3030 2737 3079 aut
2766 3025 3002 3081 omnino
3037 3026 3181 3081 nihil
3214 3027 3526 3094 cernimus,
3572 3033 3668 3084 aut
3699 3029 3805 3085 in—

266 3127 395 3178 tum
418 3136 612 3187 suum,
648 3136 821 3192 quem
872 3121 1157 3175 discutere
1207 3120 1443 3190 appetit,
1486 3120 1611 3189 jam
1656 3136 1757 3191 pro
1808 3120 1979 3193 culpa

271 3210 543 3282 punitum
577 3210 784 3266 cernit.
818 3209 981 3263 Unde
1012 3216 1066 3263 et
1088 3213 1239 3263 recte
1260 3208 1665 3278 subjungitur:

577 3305 810 3363 CAPUT
842 3308 947 3361 XV
976 3306 1114 3377 [νει.
1146 3306 1342 3373 XVIII,
1379 3306 1496 3360 Rec.
1529 3306 1677 3377 XVI].

339 3399 485 3454 IBID.
519 3426 587 3437 —
615 3399 735 3453 Non
764 3396 1014 3466 requirat
1043 3410 1168 3450 eum
1194 3397 1339 3450 Deus
1369 3394 1617 3464 desuper.

343 3487 433 3541 27.
467 3487 528 3543 Ut
555 3502 590 3541 a
620 3488 732 3541 Deo
762 3485 822 3538 in
866 3483 1075 3551 iudicio
1114 3499 1224 3541 non
1281 3483 1570 3555 puniatur.
1604 3514 1670 3524 —
1721 3484 1987 3555 Requirit

272 3575 427 3632 Deus
452 3573 910 3646 quaejudicando
941 3572 1216 3640 discutit;
1251 3589 1364 3627 non
1388 3572 1632 3644 requirit
1665 3588 1793 3644 quas
1816 3573 1985 3644 igno-

277 3665 493 3722 scendo
516 3666 575 3719 in
597 3679 704 3719 suo
728 3664 852 3734 jam
881 3661 1106 3733 judicio
1134 3660 1431 3733 impunita
1462 3661 1837 3734 derelinquit.
1883 3663 1985 3718 Hic

274 3755 474 3826 itaque
500 3754 648 3814 dies,
681 3753 736 3807 id
770 3756 878 3819 est,
910 3752 1031 3808 haec
1063 3751 1283 3823 peccati
1309 3751 1635 3821 delectatio,
1672 3769 1705 3807 a
1735 3750 1986 3808 Domino

276 3860 393 3902 non
426 3844 776 3915 requiratur,
797 3840 846 3897 ei
861 3841 1361 3897 animadversione
1384 3845 1709 3911 spontanea
1722 3842 1988 3914 punitur,

278 3931 450 3989 Paulo
493 3934 824 3998 attestante,
849 3930 947 3999 qui
980 3932 1092 3986 ait:
1141 3930 1203 3985 Si
1248 3932 1603 4001 nosmetipsos
1645 3930 1987 3998 diiudicare-

277 4039 420 4092 mus,
450 4037 562 4077 non
592 4023 783 4093 utique
802 4037 836 4075 a
868 4020 1098 4075 Domino
1120 4019 1504 4090 judicaremur
1525 4022 1573 4090 (Ι
1592 4022 1714 4076 Cor.
1757 4037 1836 4086 xi,
1878 4021 1988 4091 31).

280 4113 395 4170 Deo
427 4127 564 4182 ergo
597 4111 752 4165 diem
786 4115 1055 4166 nostrum
1099 4110 1406 4180 requirere,
1455 4114 1540 4164 est
1579 4116 1784 4165 contra
1824 4126 1991 4166 men-

279 4208 394 4258 tem
428 4206 684 4258 nostram
717 4198 1325 4269 subtiliterinjudicio
1354 4199 1426 4267 (c)
1470 4215 1642 4255 omne
1688 4200 1838 4269 quod
1917 4201 1988 4255 de

282 4292 456 4361 culpa
476 4290 801 4360 gratulatur
824 4289 1128 4361 indagare;
1152 4289 1208 4342 in
1234 4303 1345 4359 qua
1364 4288 1587 4343 scilicet
1614 4287 1989 4357 requisitions

283 4378 448 4432 illum
481 4383 622 4432 tunc
647 4380 907 4434 severius
940 4378 1204 4449 percutit,
1238 4395 1411 4450 quem
1430 4378 1541 4433 sibi
1563 4395 1718 4434 nunc
1752 4378 1991 4434 mollius

2090 3124 2245 3169 certo
2277 3113 2402 3168 visu
2430 3113 2772 3186 caligamus.
2800 3114 3041 3170 Occulta
3070 3115 3445 3187 ergojudicia
3466 3118 3633 3188 quasi
3648 3135 3806 3187 quaa-

2092 3203 2224 3258 dam
2262 3208 2394 3258 ante
2414 3204 2614 3259 oculos
2645 3209 2877 3260 nostros
2910 3205 3157 3260 tenebras
3181 3214 3339 3272 sunt,
3372 3206 3511 3275 quia
3542 3222 3811 3278 perscru-

2092 3292 2207 3348 tari
2240 3308 2613 3364 nequaquam
2655 3297 2922 3364 possunt.
2955 3292 3117 3349 Unde
3151 3297 3208 3348 et
3247 3295 3319 3351 de
3370 3294 3485 3351 Deo
3518 3297 3815 3368 scriptum

2092 3388 2180 3439 est
2216 3382 2439 3439 :Posuit
2477 3383 2737 3438 tenebras
2770 3384 3065 3440 latibulum
3095 3400 3261 3439 suum
3314 3387 3484 3455 (Psal.
3524 3404 3661 3456 xvu,
3696 3388 3814 3459 12).

2094 3472 2161 3528 Et
2182 3473 2321 3543 quia
2352 3472 2573 3528 absolvi
2602 3489 2718 3528 non
2753 3489 3068 3540 meremur,
3090 3476 3500 3546 agnoscimus:
3534 3478 3635 3532 sed
3661 3494 3813 3548 pras-

2094 3564 2361 3619 veniente
2384 3579 2489 3619 nos
2514 3563 2712 3619 divina
2755 3563 2965 3633 gratia,
2997 3580 3098 3635 per
3130 3566 3257 3636 ejus
3300 3564 3524 3635 judicia
3582 3566 3818 3624 occulta

2095 3652 2429 3707 liberamur.
2454 3651 2617 3707 Diem
2650 3651 2831 3723 igitur
2857 3654 3109 3709 tenebrae
3136 3655 3468 3725 obscurant,
3500 3671 3634 3711 cum
3669 3655 3816 3713 ﬂen-

2099 3744 2235 3798 dum
2273 3746 2485 3798 nostrae
2505 3741 2903 3798 delectationis
2933 3744 3235 3816 gaudium,
3268 3745 3339 3800 ab
3359 3744 3656 3816 illojustaa
3690 3747 3818 3803 ani-

2098 3830 2522 3887 madversionis
2553 3831 2717 3886 radio
2749 3831 3155 3891 inscrutabilia
3183 3836 3311 3905 ejus
3327 3835 3553 3904 judicia
3584 3837 3817 3892 miseri-

2099 3921 2347 3977 corditer
2367 3919 2681 3977 occultant.
2716 3923 2821 3977 Ubi
2841 3929 2898 3979 et
2928 3929 3058 3996 apte
3107 3924 3512 3995 subjungitur:
3547 3926 3610 3982 Et
3638 3942 3810 3981 num-

2102 4012 2204 4066 bra
2234 4014 2443 4067 mortis.

2171 4103 2321 4173 [Vet.
2357 4102 2481 4172 XX.)
2512 4102 2598 4157 30.
2638 4102 2832 4159 Umbra
2864 4104 3054 4158 mortis
3099 4103 3398 4175 triplieiter
3454 4105 3512 4159 in
3552 4104 3810 4172 Scriptu-

2100 4191 2180 4247 ris
2202 4194 2487 4261 accipitur.
2520 4222 2589 4232 —
2630 4195 2691 4248 In
2715 4193 3013 4264 Scriptura
3044 4194 3196 4249 enim
3220 4211 3384 4250 sacra
3417 4196 3626 4251 umbra
3650 4211 3819 4250 mor-

2102 4282 2176 4336 tis
2207 4280 2518 4350 aliquando
2536 4282 2750 4338 oblivio
2766 4285 3292 4356 mentisaccipitur,
3316 4285 3637 4355 aliquando
3676 4286 3817 4340 imi-

2102 4372 2240 4427 tatio
2271 4371 2509 4441 diaboli,
2545 4371 2859 4443 aliquando
2906 4389 3065 4430 mors
3111 4374 3326 4431 carnis.
3378 4374 3599 4431 Umbra
3647 4375 3817 4430 enim

285 4464 615 4538 pepercisse
680 4467 1080 4535 deprehendit.
1145 4469 1296 4523 Bene
1354 4474 1549 4523 autem
1602 4468 1894 4538 sequitur:
1924 4471 1990 4524 Et
2026 4470 2069 4534 D
2103 4460 2329 4523 mortis,
2361 4459 2572 4515 oblivio
2622 4462 2834 4517 mentis
2875 4461 3196 4533 accipitur;
3231 4464 3387 4534 quia,
3431 4470 3495 4518 ut
3541 4463 3823 4535 superius

286 4568 396 4609 non
426 4551 673 4609 illustret
703 4555 927 4610 lumine.
964 4558 1026 4611 In
1052 4557 1274 4625 judicio
1306 4573 1563 4629 namque
1595 4558 1877 4613 Dominus
1896 4575 1995 4629 ap-

288 4659 521 4715 parens,
562 4643 719 4700 “6
748 4661 920 4699 omne
950 4646 1105 4715 quod
1135 4649 1274 4700 tunc
1306 4648 1622 4718 redarguit,
1667 4647 1885 4703 lumine
1921 4648 1998 4703 il-

291 4736 523 4791 lustrat.
557 4736 730 4797 Quasi
756 4734 912 4789 enim
941 4735 1050 4789 sub
1082 4736 1334 4805 quadam
1364 4737 1718 4793 obscuritate
1748 4739 1997 4810 tegitur,

294 4824 579 4899 quidquid
626 4831 764 4879 tunc
793 4826 851 4880 in
894 4825 1234 4881 memoriam
1276 4826 1486 4892 iudicis
1509 4845 1624 4884 non
1684 4834 1998 4885 revocatur.

297 4916 592 4989 Scriptum
627 4915 841 4986 quippe
858 4919 975 4970 est:
1007 4915 1201 4970 Omnia
1226 4923 1405 4970 autem
1447 4932 1573 4987 quae
1616 4927 2003 4989 arguuntur,a

298 5007 505 5061 lumine
529 5002 1198 5076 mani/estanlur(Ephes.
1246 5020 1301 5069 v,
1357 5004 1470 5074 l3).
1519 5005 1671 5067 Quas
1734 5008 2003 5077 quaedam

297 5096 549 5153 tenebrm
581 5100 817 5169 peccata
847 5094 1252 5168 pmnitentium
1286 5094 1674 5163 abscondunt,
1699 5096 1771 5152 de
1792 5096 2007 5167 quibus

378 5325 456 5396 (a)
488 5325 762 5405 l_ta_Ms_s.,
798 5328 910 5405 nisi
934 5330 1106 5405 quod
1140 5329 1379 5405 Floriac.
1427 5330 1600 5405 habet
1642 5346 1677 5385 a
1725 5329 2011 5389 dilectione

301 5399 629 5472 peccati._ln
662 5399 902 5454 Excusis
934 5399 1162 5472 legitur,
1196 5401 1266 5457 ad
1295 5403 1725 5458 delectationem.

379 5468 459 5537 (b)
490 5467 841 5545 gbenienses
862 5478 915 5524 et
938 5467 1263 5543 Rémigiani
1282 5490 1507 5539 omnes,
1526 5474 1742 5545 quibus
1765 5489 2013 5531 consen-

306 5539 461 5594 tiunt
490 5542 711 5609 μυῖαι,
744 5555 846 5609 quo
874 5556 1031 5595 reum
1060 5539 1242 5601 su'um.

293 5671 301 5681 '
378 5609 451 5681 (c)
487 5608 992 5687 Repraasentgmus
1025 5614 1116 5668 hic
1148 5616 1593 5687 Manuscriptos,
1628 5634 1744 5672 non
1793 5625 2014 5674 veteres

305 5679 401 5756 aut
437 5679 789 5736 recentiores
812 5679 1114 5756 _Editiones
1143 5679 1631 5756 corruptissimas.
1666 5688 1797 5743 Coc.
1831 5698 1886 5745 et
1917 5690 2014 5745 alii

2105 4551 2378 4617 diximus,
2429 4551 2579 4606 sicut
2602 4568 2759 4608 mors
2799 4552 2907 4608 hoc
2938 4555 3085 4621 quod
3118 4552 3413 4614 interﬁcit,
3458 4554 3577 4625 agit
3609 4560 3676 4609 ut
3706 4570 3824 4610 non

2110 4639 2184 4694 sit
2216 4641 2270 4694 in
2305 4640 2458 4711 vita;
2491 4642 2572 4697 ita
2593 4646 2651 4698 et
2682 4641 2895 4697 oblivio
2931 4643 3036 4698 hoc
3058 4644 3214 4714 quod
3241 4643 3561 4715 intercipit,
3608 4644 3732 4716 agit
3763 4653 3830 4699 ut

2110 4745 2228 4786 non
2276 4730 2353 4784 sit
2394 4731 2448 4783 in
2504 4731 2799 4786 memoria.
2844 4730 3005 4787 Unde
3035 4735 3092 4786 et
3148 4736 3323 4800 recte,
3375 4732 3509 4802 quia
3550 4732 3828 4787 Joannes

2111 4820 2482 4874 Hebraeorum
2503 4819 2715 4891 pepulo
2750 4836 2906 4889 eum,
2940 4822 3109 4892 cujus
3140 4821 3305 4877 obliti
3338 4822 3588 4889 fuerant,
3630 4823 3820 4877 Deum

2113 4909 2429 4980 praedicare
2460 4910 2751 4975 veniebat,
2772 4926 2870 4981 per
2897 4910 3234 4968 Zachariam
3290 4911 3530 4967 dicitur:
3591 4912 3821 4967 Illumio

2113 5015 2251 5053 nare
2281 4998 2366 5054 his
2395 4998 2493 5069 qui
2519 4999 2579 5055 in
2609 5000 2841 5055 tenebris
2863 5005 2915 5056 et
2954 5006 3011 5055 in
3035 5002 3232 5055 umbra
3258 5003 3432 5056 moris
3453 5001 3635 5057 sedent
3657 5001 3675 5050 (
3682 5002 3823 5057 Luc.

2115 5088 2291 5159 1,79).
2326 5088 2386 5143 In
2421 5090 2630 5144 umbra
2676 5089 2831 5145 enim
2873 5091 3079 5147 mortis
3126 5091 3351 5156 sedere,
3409 5096 3498 5145 est
3555 5107 3587 5145 a
3636 5089 3833 5145 divini

2132 5320 2235 5375 ris.
2292 5320 2446 5376 1495.
2487 5320 2645 5376 Edit.
2683 5319 2863 5376 Basil.
2917 5320 3054 5375 1514
3099 5321 3158 5374 et
3208 5318 3389 5374 Paris.
3454 5320 3613 5386 1518,
3672 5333 3837 5373 omne

2160 5390 2262 5446 uod
2288 5391 2352 5447 de
2401 5393 2561 5462 culpa
2614 5392 2895 5460 gratulare
2946 5391 3246 5447 admissum
3312 5390 3713 5462 Emendantur
3764 5405 3835 5446 ex

2160 5408 2262 5446 uoa
2288 5408 2352 5447 ae
2401 5408 2561 5462 culpa
2614 5408 2895 5460 gratulare
2946 5408 3246 5447 admissum
3316 5408 3713 5446 emendantur
3764 5408 3835 5446 ex

2123 5408 2267 5520 itas.
2303 5480 2519 5535 magno
2551 5479 2864 5519 consensu.
2893 5463 3070 5535 Porro
3101 5462 3195 5535 hic
3222 5466 3367 5534 quod
3396 5461 3461 5516 de
3490 5462 3653 5531 culpa
3690 5477 3836 5532 gra-

2124 5536 2360 5599 tutatur,
2400 5534 2551 5589 idem
2574 5540 2665 5591 est
2695 5550 2761 5591 ac
2786 5534 2938 5605 quod
2971 5535 3039 5589 de
3062 5534 3235 5601 culpa
3266 5539 3498 5604 gratum
3522 5538 3629 5589 est.

2195 5606 2275 5677 (d)
2296 5606 2625 5676 Neglectam
2660 5607 2718 5661 in
2753 5604 2885 5677 aliis
2913 5606 3010 5660 Ed.
3040 5607 3300 5677 voculam
3348 5604 3837 5677 eiirevoeavimus

2124 5693 2191 5733 ex
2227 5676 2365 5734 Mss.
2400 5680 2569 5736 Corb.
2602 5682 2818 5745 Germ.,
2860 5676 3082 5749 Comp.,
3140 5676 3375 5743 Rhem.,
3406 5676 3654 5749 Remig.,
3716 5681 3831 5732 etc.

311 5752 604 5822 deinceps,
637 5750 991 5821 gratulamur
1018 5750 1340 5811 admissich
1375 5756 1457 5813 Ita
1485 5758 1658 5815 etiam
1707 5759 1854 5817 Edit.
1904 5761 2011 5817 Pa-
2114 5824 2117 5827 ἤ
