4134 6174
307 256 426 317 853

1224 261 1645 322 MORALIUM
1692 263 1839 324 LIB.
1889 266 1993 329 IV.
2040 298 2119 314 —
2161 267 2245 329 IN
2292 269 2468 329 CAP.
2518 267 2597 328 lll
2646 268 2715 327 B.
2760 267 2919 328 JOB.

3712 272 3830 330 654

308 391 529 448 amoris
547 390 755 447 notitia
775 390 834 446 in
856 390 1790 465 oblivione(a)lassescere.Umbra
1807 402 2011 457 mortis
2039 405 2100 471 Α
2127 403 2340 459 mentis
2374 405 2579 459 nostra
2611 400 2897 466 confusio,
2922 398 3104 471 caligo
3129 398 3478 455 nominatur.
3515 399 3658 458 Nam
3681 401 3833 459 sicut

307 482 557 538 imitatio
581 480 805 551 antiqui
840 481 1020 537 hostis
1044 483 1347 553 accipitur.
1383 485 1506 556 Ipse
1529 486 1685 542 enim
1706 488 1842 558 quia
1864 505 2014 545 mor-

311 579 424 627 tem
457 570 675 639 intulit,
711 587 869 626 mors
890 576 1140 638 vocatur,
1171 572 1396 628 Joanne
1426 579 1751 641 attestante,
1784 579 1880 649 qui
1909 582 2010 635 ait:

309 660 374 714 Et
395 675 592 714 nomen
622 657 712 713 illi
750 674 894 714 mors
928 660 1110 730 (Apoc.
1143 677 1216 725 vr,
1257 662 1330 728 8).
1366 664 1472 718 Per
1523 665 1786 722 umbram
1834 667 2017 736 igitur

309 749 519 804 mortis
560 750 688 819 ejus
718 747 968 804 imitatio
1013 750 1388 822 designatur;
1423 753 1558 824 quia
1597 755 1750 811 sicut
1808 758 2015 814 umbra

301 840 468 910 juxta
500 838 844 910 qualitatem
880 840 1138 910 corporis
1172 841 1441 909 ducitur;
1486 842 1566 897 ita
1613 846 1871 901 actiones
1903 848 2015 903 ini-

306 944 558 1000 quorum
611 928 680 984 de
715 928 908 998 specie
936 928 1286 987 imitationis
1323 935 1472 987 117
1528 935 1654 1004 ejus
1680 938 2011 1006 exprimun-

306 1023 418 1072 tur.
446 1017 610 1072 Unde
635 1028 785 1073 recte
817 1019 997 1074 Isaias
1019 1037 1147 1075 cum
1164 1021 1408 1092 gentiles
1432 1025 1676 1095 populos
1702 1027 1774 1097 (b)
1794 1027 1850 1082 in
1871 1029 2015 1083 anti-

306 1107 404 1179 qui
437 1107 626 1162 bostis
652 1114 912 1163 cerneret
943 1108 1274 1166 imitatione
1325 1112 1624 1182 defecisse,
1676 1132 1893 1188 eosque
1941 1119 2012 1174 ad

303 1196 423 1252 veri
454 1197 592 1252 solis
625 1202 818 1252 ortum
849 1214 1165 1270 resurgere,
1200 1217 1326 1272 quae
1360 1208 1514 1258 certo
1567 1204 1761 1261 futura
1815 1208 2014 1262 consi-

303 1285 491 1349 derat,
525 1286 693 1356 quasi
728 1303 795 1341 ex
827 1288 1133 1357 praeteritis
1153 1298 1370 1357 narrat,
1404 1291 1604 1347 dicens
1632 1310 1644 1347 :
1692 1295 2014 1352 Sedentibus

301 1379 361 1430 in
393 1377 627 1431 tenebris
668 1383 716 1432 et
763 1379 961 1432 umbra
991 1383 1206 1447 mortis,
1243 1381 1346 1435 lux:
1374 1392 1491 1439 orta
1518 1388 1594 1439 est
1625 1387 1703 1440 eis
1747 1387 1898 1457 (lsai.
1937 1406 2010 1458 tx,

303 1466 384 1535 2).
421 1464 634 1520 Umbra
667 1467 841 1521 etiam
871 1469 1076 1524 mortis
1109 1486 1264 1525 mors
1295 1474 1486 1528 carnis
1526 1475 1836 1546 accipitur;
1877 1479 2015 1548 quia

308 1554 462 1610 sicut
492 1571 626 1610 vera
658 1572 813 1612 mors
838 1561 948 1622 est,
991 1573 1106 1629 qua
1137 1560 1335 1615 anima
1363 1570 1661 1633 separatur
1692 1581 1724 1618 a
1751 1570 1886 1634 Deo,
1937 1568 2016 1622 ita

307 1643 520 1700 umbra
550 1644 754 1700 mortis
778 1650 884 1714 est,
905 1663 1022 1717 qua
1047 1663 1175 1703 caro
1209 1655 1516 1721 separatur
1546 1653 1616 1707 ab
1647 1655 1862 1710 anima.
1899 1655 2012 1712 Uu-

2122 492 2306 563 caligo
2330 491 2608 547 nebulosa
2640 490 2904 558 congerie
2935 490 3208 544 obscurat
3261 487 3435 554 diem,
3471 490 3546 544 ita
3569 491 3831 547 confusio

2123 581 2471 652 perturbatis
2503 579 2952 651 cogitationibus
2985 578 3287 633 obnubilat
3321 586 3592 634 mentem.
3624 580 3699 634 De
3718 597 3832 651 qua

2123 672 2198 741 (Γ)
2233 687 2333 741 per
2363 670 2672 740 quemdam
2707 668 2948 722 dicitur:
2988 669 3074 721 Est
3105 667 3355 737 confusio
3405 667 3676 723 adducens
3706 668 3832 737 glo-

2126 763 2269 815 riam
2299 761 2481 829 (Eccli.
2517 778 2593 826 1v,
2626 759 2736 828 ‘25).
2771 760 2912 814 Cum
2938 758 3094 812 enim
3128 758 3197 812 ad
3222 762 3477 812 mentem
3507 758 3654 813 male
3673 762 3836 829 gesta

2125 849 2454 921 paenitendo
2489 847 2838 913 reducimus,
2874 847 3031 918 gravi
3061 863 3192 901 mox
3242 861 3486 901 moerere
3535 847 3836 903 confundi-

2125 956 2276 1006 mur,
2311 939 2622 1010 perstrepit
2648 938 2706 991 in
2732 937 2925 991 animo
2957 936 3128 991 turba
3150 936 3594 1006 cogitationum,
3622 952 3835 991 mceror

2125 1027 2395 1094 conterit,
2430 1028 2689 1082 anxietas
2713 1027 2992 1094 devastat,
3029 1026 3085 1078 in
3118 1041 3437 1079 aerumnam
3472 1041 3637 1080 mens
3667 1025 3835 1080 verti-

2125 1123 2241 1184 tur,
2277 1122 2332 1172 et
2383 1118 2549 1188 quasi
2603 1117 2856 1187 quodam
2912 1113 3111 1169 nubilo
3158 1113 3426 1184 caliginis
3467 1114 3828 1171 obscuratur.

2124 1207 2253 1261 Haec
2285 1223 2538 1276 namque
2563 1206 2747 1274 caligo
2771 1203 3132 1258 confusionis
3165 1220 3360 1259 eorum
3389 1207 3637 1259 mentem
3672 1205 3828 1258 salu-

2123 1295 2305 1350 briter
2353 1299 2761 1367 oppresserat;
2814 1294 3030 1364 quibus
3081 1292 3294 1348 Paulus
3346 1293 3608 1348 dicebat:
3663 1294 3830 1360 Quem

2124 1388 2275 1441 enim
2321 1386 2566 1455 fructum
2604 1383 2871 1439 habuistis
2900 1387 3028 1436 tunc
3067 1383 3126 1437 in
3160 1383 3296 1450 illis,
3341 1385 3393 1436 in
3448 1383 3641 1454 quibus
3687 1398 3832 1438 nunc

2122 1475 2446 1532 erubescitis
2498 1476 2674 1546 (Rom.
2710 1493 2785 1541 v1,
2830 1474 2970 1545 21)?
3017 1474 3180 1528 Hunc
3228 1489 3357 1544 ergo
3409 1473 3625 1544 peccati
3675 1473 3831 1529 diem

2125 1566 2306 1636 caligo
2337 1570 2600 1635 occupet,
2635 1564 2689 1618 id
2724 1568 2833 1628 est,
2883 1563 3344 1618 blandimentum
3381 1563 3653 1632 nequitias
3686 1564 3833 1618 afﬂi-

2125 1655 2239 1710 ctio
2292 1655 2639 1724 pcenitentiaa
2693 1654 2867 1724 digno
2916 1669 3159 1707 mmrore
3209 1653 3523 1723 perturbet.
3560 1652 3721 1707 Unde
3779 1653 3836 1706 et

308 1734 382 1788 de
415 1740 562 1789 recte
594 1751 732 1791 voce
762 1744 1082 1807 martyrum
1113 1753 1213 1808 per
1246 1739 1588 1812 Prcpbetam
1623 1743 1874 1800 dicitur:
1908 1747 2014 1800 Hu-
2047 1779 2093 1843 Β
2127 1747 2258 1814 apte
2290 1742 2664 1814 subjungitur
2692 1760 2702 1795 :

307 1823 544 1878 miliasti
575 1840 672 1879 nos
702 1825 759 1879 in
784 1826 898 1882 loco
931 1825 1283 1900 a/ftictionis,
1306 1833 1354 1884 et
1388 1835 1661 1902 cooperuit
1692 1849 1786 1889 nos
1816 1835 2015 1890 umbra

303 1916 495 1968 mortis
525 1913 698 1986 (Psal.
730 1932 886 1984 XLIII,
923 1917 1033 1988 20).
1091 1918 1242 1982 Quos
1272 1921 1424 1975 enim
1456 1926 1679 1977 constat
1729 1940 1842 1978 non
1897 1925 2016 1996 spi-

305 2005 446 2072 ritu,
482 2007 584 2061 sed
616 2006 742 2062 sola
772 2024 944 2063 carne
981 2009 1143 2079 mori,
1170 2027 1542 2082 nequaquam
1563 2029 1624 2068 se
1646 2030 1778 2070 vera
1805 2021 2013 2082 morte,

304 2095 409 2150 sed
445 2095 656 2150 umbra
688 2097 893 2152 dicunt
924 2098 1132 2153 mortis
1164 2100 1394 2170 operiri.

374 2185 461 2238 3t.
497 2183 745 2239 Christus
777 2188 938 2242 unica
958 2198 1128 2243 morte
1158 2188 1430 2262 duplicem
1460 2192 1745 2248 hominum
1783 2200 2014 2250 mortem

303 2272 522 2329 delevit.
553 2305 621 2312 —
652 2274 802 2337 Quid
832 2279 921 2331 est
950 2292 1105 2348 ergo,
1138 2279 1288 2347 quod
1322 2279 1525 2336 beatus
1553 2272 1686 2347 Job,
1710 2283 1779 2337 ad
1806 2284 2011 2339 obscu-

309 2365 560 2420 randum
586 2365 740 2420 diem
775 2367 1456 2439 pravm(c)delectationis
1475 2372 2009 2442 postulatumbram

306 2455 541 2523 mortis;
573 2455 683 2510 nisi
717 2457 871 2528 quod
904 2459 974 2512 ad
998 2457 1245 2513 delenda
1263 2465 1497 2530 peccata
1518 2470 1647 2518 ante
1675 2464 1768 2517 Dei
1788 2463 2009 2532 oculos,

303 2543 405 2599 Dei
439 2548 495 2599 et
523 2543 831 2599 hominum
867 2546 1241 2602 mediatorem
1276 2550 1542 2620 requirit,
1566 2552 1666 2621 qui
1699 2552 1882 2608 solam
1907 2569 2009 2624 pro

305 2633 478 2689 nobis
510 2640 752 2689 mortem
787 2635 976 2690 carnis
997 2637 1412 2708 susciperet,et
1433 2656 1623 2694 veram
1653 2645 1893 2696 mortem
1922 2644 2013 2698 de-

302 2722 695 2790 linquentium
731 2725 1112 2796 perumbram
1147 2744 1263 2782 sum
1289 2729 1491 2784 mortis
1514 2729 1776 2786 deleret?
1799 2732 1883 2786 Ad
1905 2749 2010 2787 nos

304 2815 524 2886 quippe
554 2815 730 2882 venit,
764 2817 863 2888 qui
891 2817 949 2872 in
982 2823 1165 2875 morte
1187 2820 1425 2890 spiritus
1447 2822 1756 2892 carnisque
1778 2824 2009 2880 teneba-

307 2921 685 2972 mur;unam
728 2907 798 2962 ad
852 2923 955 2961 nos
1007 2923 1168 2963 suam
1207 2915 1448 2964 mortem
1499 2911 1725 2980 detulit,
1760 2917 1816 2966 et
1863 2914 2009 2968 duas

309 2999 568 3061 nostras,
601 3011 746 3066 quas
779 2997 1012 3068 reperit,
1047 2997 1236 3053 solvit.
1271 3000 1326 3055 Si
1353 3000 1507 3054 enim
1551 3001 1676 3072 ipse
1706 3007 2010 3074 utramque

301 3085 644 3156 susciperet,
670 3102 773 3141 nos
796 3104 828 3140 a
856 3087 1318 3143 nullaliberaret.
1336 3090 1444 3145 Sed
1469 3107 1645 3146 unam
1679 3092 2009 3148 misericor-

300 3176 452 3231 diter
484 3175 723 3245 accepit,
759 3176 989 3246 etjuste
1023 3182 1328 3249 utramque
1358 3179 1678 3237 damnavit.
1712 3182 2002 3253 Simplam

299 3282 467 3321 suam
504 3263 692 3334 duplaa
715 3271 928 3320 nostrae
956 3266 1216 3334 contulit,
1242 3273 1297 3323 et
1320 3269 1557 3338 duplam
1593 3277 1854 3326 nostram
1891 3288 2004 3326 mo-

299 3355 454 3409 riens
486 3353 734 3425 subegit.
770 3353 934 3410 Unde
964 3364 1016 3410 et
1049 3372 1162 3410 non
1213 3357 1507 3414 immerito
1540 3376 1655 3415 uno
1696 3363 1787 3415 die
1825 3361 1882 3415 in
1915 3378 2005 3416 se-

302 3444 503 3516 pulcro
535 3448 591 3498 et
623 3444 851 3500 duabus
885 3445 1156 3501 noctibus
1195 3446 1397 3518 jacuit,
1433 3448 1567 3518 quia
1600 3449 1866 3506 videlicet
1917 3452 2004 3504 lu-

302 3548 428 3587 cem
454 3549 564 3587 suae
597 3531 820 3604 simpla
847 3534 1074 3603 mortis,
1108 3535 1365 3591 tenebris
1398 3537 1591 3608 dupla:
1625 3543 1835 3593 nostra:
1861 3555 2011 3594 mor-

297 3620 372 3676 tis
406 3621 686 3692 adjunxit.
720 3621 826 3687 Qui
857 3639 992 3694 ergo
1021 3621 1204 3679 solam
1226 3641 1328 3695 pro
1349 3625 1517 3680 nobis
1549 3631 1794 3681 mortem
1819 3627 2009 3682 carnis

297 3712 541 3783 accepit,
573 3712 845 3768 umbram
881 3714 1086 3769 mortis
1119 3715 1376 3786 pertulit,
1400 3721 1456 3770 et
1477 3734 1507 3770 ει
1539 3717 1637 3772 Dei
1663 3719 1850 3773 oculis
1881 3719 2003 3773 cul-

301 3818 435 3872 pam
471 3818 643 3873 quam
680 3802 923 3859 fecimus
956 3803 1282 3859 abscondit.
1317 3804 1555 3859 Dicatur
1605 3806 1784 3878 igitur
1815 3819 2000 3862 recte:

298 3892 599 3947 Obscurenl
629 3908 752 3947 eum
788 3893 1031 3949 tenebrae
1059 3897 1108 3948 et
1138 3895 1340 3948 umbra
1373 3897 1586 3950 mortis.
1624 3899 1696 3950 Ac
1739 3897 1786 3951 si
1812 3902 2006 3965 aperte

298 3979 632 4034 diceretur:
670 3979 764 4035 ille
796 3987 1004 4048 veniat,
1039 3981 1138 4053 qui
1173 3988 1235 4036 ut
1267 3999 1299 4036 a
1330 3989 1511 4038 morte
1541 3984 1733 4039 carnis
1757 3992 1809 4039 et
1840 3984 2007 4056 spiri-

298 4073 394 4125 tus
409 4070 700 4125 debitores
721 4071 1197 4141 eripiat,mortem
1215 4072 1407 4128 carnis
1423 4091 1535 4128 non
1561 4074 1774 4129 debens
1800 4077 2001 4130 solvat.

297 4160 436 4232 [νει.
471 4161 635 4231 ΧΧ1.]
667 4160 777 4215 Sed
802 4161 939 4231 quia
962 4163 1188 4217 nullum
1215 4171 1515 4234 peccatum
1538 4164 1824 4220 Dominus
1849 4165 2004 4219 inul-

293 4255 422 4306 tum
458 4251 696 4316 relaxat,
721 4255 818 4305 aut
848 4252 999 4306 enim
1034 4269 1138 4308 nos
1164 4252 1266 4307 hoc
1294 4253 1483 4308 ﬂendo
1502 4253 1887 4324 insequimur,
1907 4257 2006 4309 aut

290 4338 417 4407 ipse
444 4338 889 4410 (d)judicando,
925 4344 1102 4395 restat
1136 4344 1198 4395 ut
1229 4343 1301 4396 ad
1339 4343 1802 4398 emendationem
1837 4360 2001 4399 suam

293 4443 707 4498 sempermens
731 4427 972 4484 solerter
988 4428 1339 4501 invigilet.ln
1355 4447 1466 4501 quo
1485 4447 1616 4498 ergo
1633 4431 1735 4486 sibi
1751 4432 2004 4505 quisque

297 4514 748 4572 misericorditer
791 4517 1089 4573 subveniri
1114 4520 1184 4589 (θ)
1222 4517 1573 4589 considerat,
1619 4521 1722 4575 hoc
1769 4538 2003 4577 necesse

295 4609 385 4661 est
409 4609 471 4659 ut
500 4604 788 4663 conﬁtens
823 4610 1027 4678 tergat.
1063 4606 1226 4663 Unde
1257 4612 1314 4663 et
1345 4613 1478 4680 apte
1505 4608 1922 4682 subjungitur:

912 4697 1154 4753 CAPUT
1200 4697 1369 4756 XVII.

370 4786 512 4840 Isto.
544 4816 610 4825 —
643 4785 872 4857 Occupet
903 4801 1026 4842 eum
1055 4788 1249 4858 caligo.

361 4875 453 4930 32.
481 4875 671 4931 Mentis
701 4876 1018 4948 paenitentis
1049 4877 1294 4933 salubris
1329 4879 1524 4951 caligo.
1573 4911 1637 4920 —
1668 4880 1815 4946 Quia
1845 4882 2002 4936 enim

289 4966 350 5022 in
383 4965 636 5039 caligine
665 4967 868 5023 oculus
901 4969 1296 5035 confunditur,
1330 4970 1460 5042 ipsa
1490 4971 2000 5043 perpmnitentiam

364 5092 442 5162 (a)
468 5094 532 5148 In
564 5093 668 5167 Ed.
699 5093 829 5149 Coc.
864 5103 914 5148 et
942 5094 1359 5167 aliisdeinceps
1391 5096 1622 5167 legitur,
1647 5099 1708 5153 in
1733 5098 2004 5152 oblivione

295 5163 574 5238 lutescere.
619 5164 853 5238 Veteres
886 5166 1178 5221 Editiones
1227 5163 1309 5238 uti
1361 5163 1562 5224 om'nes
1611 5163 1755 5238 pene
1797 5169 2000 5224 Manu-

296 5236 501 5310 scriptﬁi
539 5235 773 5310 habent,
809 5237 1116 5310 lassescere.
1152 5237 1362 5293 Belvac.
1400 5239 1570 5294 habet
1602 5235 1882 5310 languere.

368 5309 446 5377 (ὁ)
477 5309 559 5362 Ita
588 5308 760 5362 etiam
785 5325 986 5362 omnes
1011 5309 1174 5377 Mss,
1200 5310 1366 5364 Corb.
1399 5311 1588 5366 Germ.
1614 5318 1670 5366 et
1697 5308 1807 5366 vet.
1846 5312 1998 5368 Edit.

368 5309 446 5433 (ἓ
477 5309 559 5362 Ita
588 5309 760 5362 etiam
785 5325 986 5362 omnes
1011 5309 1174 5377 Mss,
1200 5310 1366 5364 Corb.
1399 5311 1588 5366 Germ.
1614 5318 1670 5366 et
1697 5309 1807 5366 vet.
1846 5312 1998 5368 Edit.

290 5379 358 5459 In
429 5379 889 5459 _il_ot.,_Romaua
910 5380 1049 5435 Sixti
1085 5382 1120 5434 V
1156 5388 1211 5436 et
1243 5381 1555 5450 Gussanv.,
1590 5383 1715 5454 lego
1745 5400 1758 5439 :
1798 5384 1871 5438 ab
1895 5401 1999 5438 an-

287 5452 440 5521 tiqui
469 5452 584 5504 host
596 5453 660 5513 is,
684 5456 794 5506 etc.

361 5521 437 5592 (c)
463 5525 545 5577 Ita
576 5539 777 5594 omnes
811 5523 1043 5590 Rbem.,
1091 5523 1337 5594 Remig,
1401 5525 1570 5581 Corb.
1605 5528 1820 5592 Germ.,
1875 5525 1998 5582 Bel-

287 5609 445 5660 vac.,
479 5593 733 5659 Ebroic.,
765 5600 900 5658 etc.,
933 5611 1036 5650 nec
1071 5612 1184 5650 non
1230 5593 1340 5652 vet.
1376 5597 1523 5652 Edit.
1556 5601 1627 5653 At
1667 5598 1812 5665 aliis,
1846 5601 2000 5653 diem

289 5679 483 5736 pravae
514 5665 848 5722 dilectionis.

368 5735 448 5807 (ά)
468 5736 642 5804 Editi,
666 5737 712 5793 si
744 5738 1086 5794 vetustiores
1101 5739 1376 5812 excipias,
1398 5741 1690 5811 iudicando
1725 5747 2000 5806 reservat;

2745 1832 2972 1888 CAPUT
3009 1830 3215 1885 XVIII.

2197 1927 2341 1981 lato.
2365 1958 2432 1965 —
2457 1924 2770 1980 lnvolvatur
2799 1921 3195 1977 amaritudine.

2191 2015 2283 2070 33.
2335 2013 2586 2068 Salubris
2632 2028 2830 2068 maeror
2859 2012 2922 2065 de
2973 2027 3145 2082 prava
3193 2009 3572 2064 delectatione.
3611 2042 3672 2049 —
3708 2009 3837 2064 Dies

2123 2104 2278 2160 enim
2313 2103 2700 2158 amaritudine
2749 2101 3083 2166 involvitur,
3137 2114 3269 2154 cum
3319 2100 3389 2154 ad
3443 2098 3834 2170 cognitionem

2123 2199 2316 2250 mente
2345 2194 2641 2256 redeunte,
2679 2191 2899 2262 peccati
2933 2189 3330 2244 blandimenta
3365 2190 3453 2242 ll
3473 2190 3518 2243 Β
3545 2189 3835 2242 cruciatus

2123 2283 2472 2357 poenitentia
2496 2291 2836 2353 sequuntur.
2864 2280 3025 2333 Diem
3046 2277 3434 2332 amaritudine
3459 2277 3831 2342 involvimus,

2120 2391 2254 2432 cum
2290 2389 2470 2441 pravae
2503 2371 2906 2426 delectationis
2939 2369 3239 2440 gaudium,
3265 2384 3393 2438 quae
3416 2366 3704 2438 supplicia
3736 2381 3834 2420 se-

2121 2468 2376 2535 quantur
2398 2461 2739 2531 aspicimus,
2773 2465 2827 2514 et
2858 2458 3079 2529 asperis
3112 2457 3219 2512 hoc
3255 2456 3482 2510 ﬂetibus
3503 2455 3832 2511 circumda-

2123 2569 2274 2609 mus.
2307 2551 2452 2616 Quia
2482 2550 2636 2604 enim
2695 2549 2799 2603 hoc
2833 2548 2981 2618 quod
3035 2547 3363 2611 involvitur,
3399 2561 3467 2600 ex
3497 2544 3677 2600 latere
3707 2560 3834 2599 om-

2123 2643 2211 2696 nis
2240 2641 2421 2712 partis
2453 2639 2730 2709 operitur,
2766 2635 2978 2690 involvi
3014 2635 3134 2689 dies
3166 2634 3554 2688 amaritudine
3580 2637 3829 2703 optatur,

2120 2735 2408 2802 quatenus
2449 2745 2575 2799 quae
2626 2725 2780 2781 mala
2830 2724 3166 2780 incorrectis
3210 2723 3538 2788 imminent,
3594 2738 3660 2776 ex
3710 2738 3831 2776 om-

2121 2823 2181 2874 ni
2213 2824 2373 2890 parte
2404 2818 2654 2889 quisque
2685 2814 3026 2884 conspiciat,
3061 2818 3116 2867 et
3148 2811 3459 2882 voluptatis
3505 2827 3622 2865 suae
3657 2811 3824 2865 lasci-

2118 2910 2270 2964 viam
2301 2907 2550 2962 tristitiaa
2577 2905 2848 2961 lamentis
2880 2907 3087 2973 tergat.

2190 2999 2280 3052 34.
2327 2998 2538 3065 Quanto
2587 2996 2763 3064 major
2806 3008 2919 3048 esse
2951 2991 3139 3046 debeat
3186 2989 3249 3044 de
3294 3004 3555 3044 consensu
3602 2987 3670 3041 ad
3711 2987 3830 3041 cul-

2120 3105 2270 3159 pam.
2303 3118 2371 3129 —
2404 3087 2514 3141 Sed
2574 3085 2620 3140 si
2664 3084 2836 3152 diem,
2892 3098 3066 3153 quam
3127 3079 3344 3150 peccati
3394 3077 3827 3134 delectationem

2119 3179 2394 3242 diximus,
2431 3181 2515 3232 tot
2547 3175 2746 3246 impeti
2781 3174 3051 3244 precibus
3081 3171 3434 3237 audivimus,
3469 3173 3532 3223 ut
3566 3166 3828 3223 videlicet

2111 3270 2541 3324 circumdantes
2581 3266 2752 3320 Iletus
2783 3264 3016 3334 expient
3060 3263 3348 3334 quidquid
3378 3259 3691 3316 delectatus
3727 3276 3827 3329 per

2113 3357 2529 3429 negligentiam
2564 3354 2797 3409 animus
2847 3351 3162 3422 delinquit,
3196 3353 3413 3421 quante
3460 3346 3826 3402 animadver-

2112 3450 2274 3504 sione
2308 3445 2654 3518 pmnitentize
2689 3443 2860 3513 hujus
2894 3441 3006 3495 diei
3048 3458 3157 3496 nox
3195 3440 3452 3495 ferienda
3479 3443 3584 3504 est,
3620 3435 3824 3492 videli-

2111 3543 2200 3594 cet
2233 3539 2354 3608 ipse
2381 3538 2500 3604 jam
2533 3549 2852 3588 consensus
2871 3533 2936 3584 ad
2965 3531 3195 3601 culpam
3219 3530 3245 3584 ‘l
3269 3530 3430 3584 Sicut
3453 3527 3607 3582 enim
3634 3529 3824 3581 mino-

2111 3629 2190 3682 ris
2227 3626 2407 3696 culpze
2455 3629 2561 3691 est,
2594 3639 2725 3678 cum
2780 3621 3091 3676 carnaliter
3124 3635 3288 3674 mens
3337 3619 3394 3672 in
3442 3617 3823 3672 delectatione

2112 3717 2356 3788 rapitur,
2419 3715 2516 3767 sed
2596 3717 2790 3766 tamen
2858 3708 3231 3764 delectationi
3310 3725 3427 3763 suis
3489 3723 3589 3778 per
3646 3705 3819 3776 spiri-

2109 3811 2231 3860 tum
2268 3803 2620 3867 reluctatur;
2657 3800 2732 3854 ita
2762 3798 3045 3869 gravioris
3076 3807 3126 3851 et
3163 3795 3341 3864 plena:
3374 3801 3462 3850 est
3525 3794 3821 3864 nequitia),

2111 3897 2179 3950 ad
2206 3892 2417 3962 peccati
2447 3891 2770 3945 illecebram
2794 3905 2905 3941 non
2924 3888 3105 3940 solum
3134 3886 3517 3940 delectatione
3544 3882 3822 3953 pertrahi,

2109 3984 2208 4038 sed
2235 3984 2408 4037 etiam
2441 3994 2729 4034 consensu
2767 3975 3051 4030 famulari.
3077 3975 3262 4028 Tanto
3295 3972 3563 4044 igitur(g)
3591 3971 3822 4025 arctiori

2113 4090 2284 4129 manu
2321 4070 2691 4143 pmnitentia,
2729 4083 2893 4122 mens
2943 4083 2973 4119 a
3025 4063 3344 4136 pollutione
3392 4061 3672 4132 tergenda
3712 4063 3820 4121 est,

2111 4168 2327 4235 quanto
2352 4179 2413 4217 se
2445 4176 2539 4230 per
2571 4171 2918 4215 consensum
2953 4153 3235 4226 conspicit
3286 4151 3576 4208 sordidius
3625 4147 3821 4219 inqui-

2108 4262 2325 4310 natam.
2350 4250 2512 4306 Unde
2543 4255 2598 4303 et
2627 4252 2759 4319 apte
2793 4245 3205 4316 subjungitur:

2749 4335 2981 4391 CAPUT
3040 4332 3178 4389 XIX.

2184 4433 2349 4488 Vsas.
2382 4431 2434 4484 6.
2469 4459 2535 4469 —
2566 4427 2779 4482 Noctem
2811 4425 2976 4480 illam
3008 4423 3315 4480 tenebrosus
3345 4421 3502 4478 turbo
3529 4418 3816 4491 possideat.

2185 4525 2272 4577 35.
2312 4523 2397 4577 Vis
2419 4518 2876 4589 rompunctionis.
2913 4548 2975 4555 —
3011 4514 3184 4580 Quasi
3218 4512 3374 4569 enim
3422 4512 3663 4584 quidam
3699 4515 3819 4565 tur-

2115 4615 2186 4669 bo
2220 4613 2582 4683 tempestatis
2611 4614 2698 4666 est
2721 4608 3045 4663 concitatus
3069 4606 3306 4676 spiritus
3351 4603 3637 4660 maeroris.
3671 4602 3818 4656 Nam

2117 4705 2256 4758 dum
2292 4705 2588 4773 peccatum
2624 4698 2867 4770 quisque
2901 4697 3050 4767 quod
3098 4693 3251 4762 fecit,
3301 4692 3578 4764 intelligit
3609 4710 3623 4760 ;
3676 4691 3817 4745 dum

2111 4791 2409 4865 pravitatis
2440 4805 2553 4844 sua:
2599 4787 2913 4858 nequitiam
2949 4783 3241 4840 subtiliter
3290 4786 3518 4851 pensat,
3576 4795 3818 4834 maerore

2111 4887 2366 4938 mentem
2408 4879 2650 4934 obnulat
2680 4881 2736 4931 et
2788 4875 2953 4946 quasi
2998 4889 3283 4930 concusso
3332 4885 3545 4926 serenas
3598 4866 3813 4921 laetitiis

2112 4983 2265 5036 aere,
2301 4981 2533 5022 omnem
2566 4965 2622 5020 in
2666 4980 2725 5020 se
2757 4961 3244 5034 tranquillitatem
3307 4957 3496 5012 cordis
3524 4954 3818 5025 poeniten-

2111 5098 2300 5150 restat.
2335 5093 2542 5149 Vocem
2578 5095 2836 5156 reservat,
2872 5104 2996 5159 quas
3048 5084 3332 5140 redundat
3379 5086 3435 5136 et
3485 5079 3543 5133 in
3594 5078 3816 5132 omnib.

2115 5167 2254 5223 Mss.
2290 5166 2475 5231 deest,
2508 5162 2918 5234 expunximus.

2185 5221 2255 5308 te)
2289 5237 2366 5291 Ex
2397 5221 2818 5308 capacem,
2862 5229 3128 5308 νίη-ςωρη,
3161 5221 3405 5308 Val.“C|.
3440 5222 3682 5308 Rb'emﬂ‘
3706 5221 3815 5304 Re:

2114 5293 2276 5374 mini,
2320 5306 2662 5373 Compend.,
2694 5293 2916 5377 prima
2961 5300 3227 5353 Editione
3275 5296 3454 5377 .Rorn.
3509 5293 3814 5377 Parisiensi

2116 5368 2273 5441 1495,
2317 5385 2372 5434 et
2419 5368 2544 5431 aliis
2583 5368 3034 5442 antiquioribus,
3085 5368 3816 5442 emettdavim_us_cateras

2111 5438 2286 5512 Εάιιζ,
2323 5453 2381 5504 in
2415 5448 2626 5518 quibus
2662 5438 2760 5516 pro
2790 5443 3115 5518 considerat,
3141 5441 3384 5518 legitur,
3418 5438 3707 5494 desiderat.

2184 5509 2556 5589 tfiPleri'que
2583 5509 2932 5572 ex'laudatis
2968 5514 3106 5570 Mss.
3141 5512 3376 5577 habent,
3409 5527 3509 5582 per
3530 5509 3814 5582 quemdam

2109 5595 2430 5664 sapientem.

2182 5665 2257 5736 (ρ)
2290 5659 2592 5726 Nonnulli,
2623 5659 2832 5718 acriori
2859 5674 3050 5713 manu.
