4134 6174
299 301 418 363 655

1563 282 1845 346 SANCTI
1891 279 2258 343 GREGORII
2307 283 2553 346 MAGNI

3710 292 3831 353 6‘56

295 438 392 497 tim
424 434 657 493 turbine
686 430 970 489 devastat.
1021 422 1145 481 Nisi
1195 421 1351 478 enim
1387 421 1896 491 recognoscentem
1947 432 2009 473 se
2044 418 2093 485 Α
2125 415 2212 473 nit
2243 420 2305 473 ut
2324 417 2565 477 virtutes
2595 421 2947 487 remuneret,
2982 416 3160 476 etiam
3190 430 3255 475 ea
3286 435 3413 493 quas
3436 420 3641 480 illicite
3671 429 3841 495 gesta

298 529 563 589 animum
595 526 707 581 iste
738 521 906 575 turbo
936 517 1280 578 contereret,
1320 526 1685 583 nequaquam
1733 507 2018 579 PrOpbeta

298 616 669 674 dixisset:ln
697 612 897 681 spiritu
927 603 1237 663 vehementi
1284 605 1526 658 conteres
1572 615 1738 655 naves
1789 598 2015 654 Tharsis

294 708 470 781 (Psal.
497 721 669 773 xcvu,
699 704 777 775 8).
810 698 1049 756 Tharsis
1087 695 1302 766 quippe
1331 691 1650 763 exploratio
1683 688 1875 781 gaudii
1918 687 2012 781 di-

299 777 466 855 citur.
519 797 668 869 [νει.
697 792 900 863 ΧΧ1[.]
950 788 1058 843 Sed
1117 800 1249 841 cum
1298 783 1605 838 vehemens
1656 777 2011 869 poenitentiae

299 866 546 960 spiritus
592 888 845 939 mentem
895 883 1160 949 occupat,
1202 889 1436 929 omnem
1468 871 1525 926 in
1556 887 1623 926 ea
1669 866 2013 960 exploratio-

299 958 430 1036 nem
462 970 935 1049 reprehensibilis
967 968 1159 1041 gaudii
1194 964 1510 1038 perturbat,
1537 966 1601 1016 ut
1634 958 1777 1015 nihil
1809 959 1864 1049 ei
1885 958 2011 1049 jam

298 1065 413 1122 nisi
443 1046 583 1121 ﬂere
616 1063 815 1128 libeat,
858 1056 1004 1115 nihil
1040 1056 1149 1117 nisi
1183 1054 1338 1125 quod
1370 1068 1433 1107 se
1463 1055 1677 1106 terrere
1710 1046 1895 1118 possit
1923 1048 2008 1099 at-

298 1155 509 1209 tendat.
546 1151 714 1208 Ponit
732 1162 988 1218 namque
1014 1148 1149 1199 ante
1168 1144 1368 1199 oculos
1394 1138 1554 1194 illinc
1586 1135 2007 1193 districtionem

290 1241 557 1314 iustitia,
584 1239 723 1295 hinc
754 1237 1026 1293 meritum
1059 1234 1244 1305 culpze
1280 1249 1294 1288 :
1327 1228 1612 1301 conspicit
1642 1242 1756 1298 quo
1780 1223 2010 1297 suppli-

299 1331 391 1388 cio
424 1331 598 1402 digna
615 1329 713 1395 sit,
736 1327 781 1384 si
797 1324 1087 1398 parcentis
1109 1322 1295 1395 pietas
1315 1320 1486 1385 desit,
1503 1335 1627 1389 quae
1661 1332 1758 1387 per
1780 1315 2011 1370 lamen-

297 1424 358 1477 ta
388 1418 699 1491 praesentia
720 1418 789 1472 ab
822 1420 1035 1470 aeterna
1064 1427 1265 1469 eruere
1297 1426 1467 1480 poena
1507 1405 1825 1463 consuevit.
1875 1402 2008 1473 Spi-

296 1511 446 1567 ritus
476 1524 611 1580 ergo
640 1507 963 1563 vehemens
994 1500 1232 1559 Tharsis
1265 1516 1440 1556 naves
1468 1496 1736 1565 conterit,
1761 1510 1896 1549 cum
1920 1493 2008 1548 vis

299 1596 772 1670 compunctionis
816 1594 1009 1651 valida
1040 1595 1265 1648 mentes
1304 1596 1535 1645 nostras
1579 1586 1713 1642 huic
1762 1583 2005 1650 mundo,

299 1687 466 1759 quasi
497 1685 645 1742 mari
677 1685 925 1751 deditas,
964 1681 1185 1739 salubri
1226 1684 1445 1735 terrore
1476 1674 1807 1733 confundit.
1851 1673 2011 1728 Dicat

297 1775 520 1848 igitur:
554 1774 773 1830 Noctem
812 1770 979 1827 illam
1022 1769 1334 1827 tenebrosus
1380 1767 1540 1822 turbo
1589 1763 1907 1835 possideat;
1947 1759 2004 1814 id

298 1869 411 1932 est,
445 1862 931 1936 perpetrationem
956 1860 1161 1932 culpas,
1196 1874 1311 1914 non
1354 1855 1756 1913 blandimenta
1790 1866 2009 1908 securae

301 1954 516 2026 quietis
548 1953 793 2019 foveant,
827 1951 927 2008 sed
959 1951 1050 2022 pie
1101 1947 1419 2005 desaeviens
1460 1944 1791 2002 amaritudo
1824 1942 2005 2015 poeni-

298 2043 495 2101 tentiae
528 2044 833 2114 irrumpat.

373 2134 465 2188 36.
498 2133 640 2201 Quid
668 2134 741 2188 sit
769 2132 1045 2204 possidere
1092 2137 1321 2197 noctem,
1355 2138 1405 2185 et
1446 2144 1480 2183 a
1521 2131 1677 2183 nocte
1719 2123 2007 2197 possideri.

298 2255 371 2268 -—
401 2222 717 2279 Sciendum
767 2236 897 2276 vero
928 2224 1037 2289 est,
1072 2220 1207 2291 quia
1248 2234 1381 2274 cum
1438 2224 1670 2289 peccata
1720 2213 2010 2285 impunita

298 2311 714 2383 relinquimus,
745 2328 776 2365 a
807 2314 974 2367 nocte
997 2310 1388 2381 possidemur;
1414 2322 1547 2362 cum
1579 2322 1712 2361 vero
1736 2303 1858 2359 hanc
1882 2302 2010 2357 ani-

300 2400 709 2459 madversione
761 2399 1114 2472 pmnitentiae
1173 2397 1518 2471 plectimus,
1569 2395 1850 2450 nimirum
1903 2408 2006 2447 nos

299 2494 551 2556 noctem,
584 2504 756 2560 quam
791 2489 1057 2559 fecimus,
1076 2488 1467 2559 possidemus.
1499 2484 1609 2541 Sed
1639 2489 1782 2539 tunc
1811 2497 2011 2554 pecca-

298 2583 425 2636 tum
458 2578 651 2635 cordis
681 2577 788 2634 sub
817 2578 974 2649 juris
1007 2578 1190 2634 nostri
1225 2575 1649 2649 possessionem
1691 2573 2007 2637 reducitur,

297 2669 347 2725 si
379 2685 513 2725 cum
547 2668 771 2739 incipit,
805 2668 1170 2739 reprimatur.
1208 2667 1370 2723 Unde
1394 2670 1451 2722 et
1482 2664 1677 2721 divina
1706 2680 1842 2720 voce
1868 2662 2008 2718 Cain

296 2776 475 2833 prava
522 2758 807 2832 cogitanti
858 2758 1109 2814 dicitur:
1144 2760 1202 2813 In
1255 2758 1471 2828 {oribus
1524 2763 1800 2828 peccatum
1857 2761 2012 2808 tuum

297 2848 499 2919 aderit,
524 2850 613 2905 sed
644 2848 742 2903 sub
775 2852 825 2901 te
853 2851 959 2903 erit
980 2850 1257 2919 appetitus
1286 2848 1426 2918 ejus,
1467 2855 1520 2902 et
1556 2854 1615 2901 tu
1641 2844 2011 2900 dominaberis

300 2939 455 2996 illius
485 2937 699 3009 (Cenes.
736 2936 904 3005 lV,7).
929 2938 989 2991 In
1022 2936 1244 2991 foribus
1272 2937 1489 3007 quippe
1505 2939 1807 3006 peccatum
1824 2932 2009 2998 adest,

301 3042 434 3084 cum
465 3028 523 3082 in
556 3025 998 3095 cogitationibus
1029 3025 1237 3096 pulsat.
1274 3025 1450 3095 Cujus
1489 3023 1783 3096 appetitus
1814 3022 2013 3076 subter

304 3119 414 3184 est,
431 3114 598 3187 eique
613 3114 782 3169 homo
798 3115 1151 3181 dominatur,
1172 3113 1221 3168 si
1244 3114 1432 3169 cordis
1456 3112 1718 3183 nequitia
1734 3112 2009 3180 inspecta,

308 3205 480 3261 cilius
512 3207 825 3276 prematur,
859 3207 915 3258 et
956 3202 1291 3274 priusquam
1338 3204 1408 3257 ad
1441 3201 1718 3257 duritiam
1770 3206 2012 3267 crescat,

311 3294 624 3352 reluctanti
656 3298 850 3349 mente
880 3294 1208 3364 subigatur.
1243 3292 1313 3348 Ut
1345 3309 1480 3365 ergo
1527 3290 1800 3346 delictum
1842 3306 2013 3345 suum

312 3384 488 3442 citius
546 3382 778 3438 animus
844 3382 1077 3452 sentiat,
1128 3382 1280 3437 119
1321 3389 1373 3438 et
1419 3381 1605 3452 culpae
1650 3379 2015 3452 tyrannidem

314 3474 426 3531 sub
464 3474 599 3545 jure
640 3488 746 3528 suo
786 3472 1118 3544 pmnitendo
1160 3473 1496 3544 restringat,
1535 3471 1763 3526 dicatur
1807 3473 1959 3525 recte
1998 3485 2012 3524 :

306 3565 527 3620 Noctem
557 3562 715 3618 illam
738 3561 1045 3619 tenebrosus
1075 3562 1229 3619 turbo
1257 3562 1546 3634 possideat.
1595 3564 1675 3616 Ac
1724 3561 1774 3616 si
1817 3562 2015 3632 aperte

309 3653 629 3710 diceretur:
664 3651 745 3708 Ne
769 3652 999 3723 captiva
1042 3668 1207 3708 mens
1250 3651 1435 3722 culpas
1486 3650 1723 3721 serviat,
1783 3649 2013 3722 culpam

312 3759 348 3798 a
386 3741 729 3812 pcenitentia
784 3740 1027 3797 liberam
1081 3758 1196 3797 non
1230 3740 1536 3811 relinquat.
1578 3741 1647 3795 Et
1694 3740 1832 3811 quia
1861 3739 2015 3811 quod

311 3831 503 3889 ﬂendo
533 3830 921 3902 insequimur,
956 3847 1323 3903 nequaquam
1356 3831 1527 3886 nobis
1550 3847 1582 3885 a
1602 3829 2017 3900 venturojudi-

311 3939 376 3982 ce
400 3923 506 3979 hoc
536 3921 709 3994 objici
744 3927 897 3979 certe
927 3939 1254 3993 speramus,
1289 3923 1436 3979 bene
1467 3922 1766 3978 subditur:

779 4012 1007 4070 CAPUT
1046 4014 1140 4070 XX
1180 4015 1319 4087 [Rea
1345 4014 1555 4084 XVIII].

388 4107 531 4164 Isin.
565 4136 633 4148 —
659 4107 771 4162 Non
803 4110 1142 4178 computetur
1178 4107 1239 4160 in
1271 4104 1456 4159 diebus
1485 4106 1644 4169 anni,
1694 4118 1793 4159 nec
1828 4115 2019 4157 nume-

315 4201 472 4256 retur
502 4198 560 4252 in
591 4196 891 4253 mensibus.

386 4288 475 4342 37.
510 4285 799 4353 Rogandus
838 4286 973 4340 Deus
1002 4301 1070 4340 ne
1090 4285 1241 4340 mala
1276 4299 1400 4356 quae
1428 4284 1713 4355 gessimus,
1744 4282 1803 4337 in
1809 4281 2024 4353 judicio

316 4376 473 4431 nobis
521 4373 880 4439 obiiciuntur.
932 4404 999 4415 —
1058 4374 1511 4430 llluminationis
1569 4378 1780 4429 nostra:
1838 4388 2027 4426 annus

316 4469 460 4520 tunc
493 4462 810 4533 perﬁcitur,
838 4465 1070 4534 quando
1089 4470 1406 4536 apparente
1436 4468 1647 4520 aeterno
1670 4464 1870 4535 judice
1890 4478 2025 4517 san-

2128 510 2263 561 sunt
2293 509 2654 578 examinans,
2683 509 2976 565 subtiliter
3008 514 3243 579 penset;
3302 527 3375 567 ne
3416 527 3548 569 cum
3611 531 3835 571 annum

2124 597 2393 668 complet,
2426 599 2596 654 etiam
2626 603 2852 655 noctem
2885 602 3167 656 numeret.
3196 600 3355 655 Dicat
3386 600 3581 673 itaque
3614 604 3685 660 de
3717 603 3831 660 hac

2124 690 2291 742 nocte
2317 705 2329 742 :
2362 692 2479 745 Non
2509 694 2861 759 computetur
2891 690 2947 742 in
2976 687 3160 743 diebus
3190 692 3344 757 anni,
3376 705 3477 747 nec
3506 702 3833 748 numeretur

2122 778 2179 831 in
2212 778 2505 833 mensibus.
2526 780 2603 833 Ac
2634 778 2683 834 si
2707 778 3037 834 districtum
3060 778 3322 849 judicem
3356 783 3835 848 exoret,dicens:

2121 865 2265 921 Cum
2300 867 2589 939 completo
2625 874 2838 924 sancta:
2872 867 3140 923 Ecclesiae
3173 876 3452 941 tempore,
3489 879 3747 929 extremo
3786 880 3842 930 te

2121 954 2373 1011 examini
2402 957 2765 1022 manifestas,
2798 956 2882 1011 sic
2904 956 3055 1011 dona
3072 972 3196 1027 quae
3219 958 3524 1013 contulisti
3556 975 3839 1017 remune-

2120 1064 2204 1114 ra,
2237 1052 2302 1102 ut
2334 1047 2484 1103 mala
2516 1066 2643 1121 quae
2677 1048 3076 1105 commisimus
3109 1066 3223 1105 non
3258 1051 3543 1121 requiras.
3570 1052 3631 1109 Si
3673 1053 3840 1108 enim

2119 1150 2234 1190 nox
2264 1134 2364 1190 illa
2392 1136 2451 1190 in
2483 1136 2690 1193 diebus
2720 1138 2858 1192 anni
2889 1140 3280 1209 computatur.
3316 1153 3489 1194 omne
3509 1140 3659 1209 quod
3704 1140 3841 1211 egi-

2119 1241 2273 1290 mus,
2299 1241 2366 1280 ex
2389 1227 2688 1298 pravitatis
2711 1231 2921 1283 nostras
2942 1227 3323 1283 aestimatione
3340 1228 3740 1284 confunditur.
3766 1230 3841 1285 Et

2119 1315 2239 1370 dies
2269 1315 2544 1372 virtutum
2569 1318 2694 1388 jam
2727 1334 2841 1373 non
2873 1317 3153 1385 lucent,si
3174 1317 3280 1374 hos
3309 1318 3367 1372 in
3390 1324 3700 1391 conspectu
3722 1323 3833 1377 tuo

2117 1420 2229 1460 ann
2241 1421 2335 1461 um
2351 1413 2715 1461 eratanostrte
2732 1404 2917 1462 noctis
2931 1407 3240 1462 tenebrosa
3253 1407 3514 1463 confusio
3530 1407 3836 1466 obscuret.

2188 1495 2323 1563 [νει.
2356 1496 2581 1567 ΧΧ111.]
2625 1496 2713 1550 38.
2747 1495 2872 1552 Ideo
2919 1496 3078 1550 nulla
3116 1495 3392 1567 impunita
3424 1497 3838 1569 relinquamus.

2116 1612 2185 1626 —
2211 1585 2321 1640 Sed
2355 1585 2405 1641 si
2437 1586 2508 1642 de
2539 1590 2706 1642 nocte
2738 1588 2935 1642 nostra
2966 1587 3179 1642 moveri
3204 1585 3277 1657 (a)
3301 1589 3439 1641 tunc
3484 1587 3837 1659 inquisitio-

2116 1690 2251 1731 nem
2286 1675 2581 1746 nolumus,
2600 1692 2949 1748 magnopere
2970 1692 3127 1733 nunc
3156 1677 3481 1732 curandum
3514 1684 3619 1743 est,
3641 1682 3705 1732 ut
3728 1694 3844 1736 nos

2118 1765 2176 1820 in
2209 1766 2332 1836 ejus
2363 1766 2684 1821 discutione
2712 1764 3062 1838 vigilemus;
3097 1781 3167 1821 ne
3198 1766 3468 1838 quaelibet
3499 1766 3668 1822 nobis
3700 1767 3837 1823 cul-

2120 1873 2191 1926 pa
2222 1856 2511 1926 impunita
2544 1860 2865 1925 remaneat,
2899 1872 2970 1911 ne
3002 1872 3167 1912 mens
3196 1872 3469 1927 perversa
3492 1857 3645 1929 quod
3669 1856 3833 1929 fecit,

2119 1944 2426 2000 defendere
2456 1946 2684 2013 audeat,
2712 1950 2769 2001 et
2799 1945 3186 2015 defendendo,
3208 1944 3481 2018 nequitiae
3500 1945 3828 2018 nequitiam

2118 2038 2418 2108 adjungat.
2455 2036 2615 2092 Unde
2645 2041 2701 2092 et
2731 2038 2874 2092 bene
2906 2036 3216 2093 subditur:

2579 2126 2811 2183 CAPUT
2854 2126 2979 2182 XXI
3019 2126 3163 2199 meo.
3198 2128 3361 2199 XIX].

2190 2218 2357 2274 Vens.
2391 2218 2446 2273 7.
2480 2248 2545 2259 —
2577 2218 2660 2273 Sit
2687 2234 2801 2273 ηοω
2831 2218 2930 2274 illa
2960 2219 3231 2284 solitaria,
3264 2234 3363 2275 nec
3382 2218 3547 2276 laude
3564 2219 3754 2291 digna.

2189 2309 2280 2365 39.
2339 2308 2505 2364 Nulla
2551 2308 2861 2364 excusando
2914 2323 3329 2378 exaggeremus.
3365 2338 3438 2350 —
3497 2308 3644 2365 Sunt
3687 2326 3840 2366 non-

2120 2397 2290 2463 nulli,
2317 2398 2414 2469 qui
2442 2415 2555 2453 non
2579 2398 2767 2454 solum
2793 2398 3390 2469 nequaquamdellent
3416 2400 3568 2468 quod
3592 2398 3835 2467 faciunt,

2119 2488 2219 2544 sed
2245 2488 2419 2543 etiam
2452 2488 2691 2544 laudare
2722 2493 2777 2544 et
2806 2488 3115 2546 defendere
3148 2505 3259 2545 non
3309 2490 3612 2545 desistunt.
3647 2490 3715 2545 Et
3746 2489 3832 2544 ni-

2121 2576 2335 2632 mirum
2388 2578 2529 2633 dum
2598 2578 2928 2633 defenditur
2974 2576 3170 2649 culpa,
3216 2578 3568 2650 geminatur.
3621 2578 3834 2634 Contra

2120 2668 2274 2738 quod
2308 2677 2459 2723 recte
2493 2684 2593 2739 per
2626 2669 2942 2738 quemdam
2990 2668 3239 2724 dicitur:
3270 2668 3536 2733 Peccasti,
3580 2685 3651 2726 ne
3687 2668 3833 2740 adji-

2119 2760 2230 2812 cias
2262 2756 2463 2813 iterum
2492 2758 2683 2828 (Eccli.
2718 2774 2833 2823 xxx,
2882 2758 2950 2826 1).
2984 2758 3293 2813 Peccatum
3334 2760 3552 2829 quippe
3596 2764 3835 2828 peccato

2120 2847 2339 2917 adjicit,
2371 2848 2470 2918 qui
2496 2848 2645 2904 male
2677 2857 2838 2919 gesta
2868 2847 3041 2902 etiam
3068 2847 3363 2916 defendit;
3397 2854 3453 2904 et
3485 2854 3714 2904 noctem
3739 2866 3834 2905 so-

2121 2937 2374 2993 litariam
2406 2955 2519 2993 non
2545 2938 2843 3008 relinquit,
2878 2938 2982 3009 qui
3012 2937 3195 3011 culpae
3227 2956 3345 2994 suae
3372 2938 3626 2995 tenebris
3655 2940 3834 2995 etiam

2123 3028 2444 3099 patrocinia
2466 3028 2821 3083 defensionis
2861 3029 3145 3100 actjungit.
3199 3028 3342 3084 Hinc
3374 3036 3478 3096 est,
3514 3030 3668 3101 quod
3703 3029 3835 3100 pri—

2124 3131 2255 3170 mus
2278 3116 2449 3171 homo
2481 3116 2551 3171 de
2581 3116 2794 3171 erroris
2826 3118 2915 3171 sui
2960 3121 3127 3173 nocte
3168 3118 3509 3189 requisitas,
3559 3118 3833 3175 eamdem

2128 3210 2351 3261 noctem
2381 3221 2508 3261 esse
2527 3205 2846 3261 solitariam
2868 3206 3090 3275 noluit;
3125 3207 3262 3279 quia
3289 3208 3428 3263 dum
3452 3209 3835 3279 requisitione

2124 3298 2195 3352 ad
2232 3296 2629 3367 paenitentiam
2665 3302 2988 3368 vocaretur,
3025 3297 3077 3353 ei
3118 3298 3476 3353 adminicula
3505 3300 3840 3355 excusatio-

2125 3384 2217 3440 nis
2248 3385 2535 3455 adjunxit,
2570 3387 2802 3443 dicens:
2836 3388 3053 3456 Mulier,
3077 3404 3241 3458 quam
3271 3388 3476 3443 dedisti
3497 3388 3573 3459 (b)
3596 3387 3844 3442 mihiso—

2124 3476 2287 3543 ciam,
2322 3476 2473 3531 dedit
2503 3477 2643 3531 mihi
2681 3477 2747 3531 de
2805 3476 2977 3549 ligno,
3018 3482 3071 3533 et
3110 3477 3319 3533 comedi
3342 3477 3555 3548 (Cenes.
3590 3494 3677 3544 ιιι,
3710 3480 3835 3549 12);

2126 3564 2348 3621 scilicet
2378 3582 2648 3623 excessus
2680 3568 2771 3622 sui
2804 3566 3009 3624 vitium
3042 3568 3100 3622 in
3131 3570 3428 3623 auctorem
3458 3568 3705 3624 latenter
3744 3569 3834 3623 in—

2126 3662 2425 3727 torquens,
2464 3672 2531 3712 ac
2562 3657 2608 3713 si
2640 3656 2890 3713 diceret:
2923 3658 3005 3712 Tu
3050 3657 3415 3714 occasionem
3452 3656 3831 3727 delinquendi

2126 3745 2451 3818 praebuisti,
2484 3746 2583 3817 qui
2620 3746 2923 3802 mulierem
2958 3746 3188 3802 dedisti.
3214 3746 3359 3802 Hinc
3398 3750 3506 3815 est,
3539 3748 3695 3818 quod
3720 3748 3832 3803 bu-

2120 3836 2220 3907 jus
2250 3836 2460 3892 erroris
2490 3853 2686 3891 ramus
2708 3833 2767 3892 in
2801 3837 3059 3893 humano
3089 3853 3298 3909 genere
3332 3854 3399 3892 ex
3430 3835 3531 3892 illa
3548 3852 3703 3892 nunc
3738 3854 3841 3894 us—

2130 3941 2242 3996 que
2275 3925 2465 3980 radice
2496 3926 2650 3981 120
2683 3925 3062 3996 protrahitur,
3116 3930 3177 3980 ut
3218 3926 3371 3996 quod
3425 3924 3574 3981 male
3623 3926 3841 3997 agitur,

2129 4016 2319 4071 adhuc
2350 4017 2524 4071 etiam
2559 4016 2923 4070 defendatur.
2960 4016 3125 4071 Dicat
3146 4031 3311 4084 ergo:
3347 4015 3438 4071 Sic
3466 4031 3576 4072 ηοω
3603 4015 3703 4070 illa
3730 4030 3839 4068 so-

2132 4106 2344 4172 litaria,
2375 4122 2475 4159 nec
2507 4104 2667 4159 laude
2690 4105 2877 4176 digna.
2910 4106 2988 4160 Ac
3028 4105 3076 4160 si
3111 4113 3305 4176 aperte
3325 4109 3542 4174 exoret,
3588 4104 3788 4159 dicens
3815 4118 3832 4159 :

2132 4195 2331 4265 Culpa,
2360 4210 2537 4265 quam
2572 4194 2831 4260 fecimus,
2855 4196 2979 4250 sola
3011 4202 3330 4265 remaneat,
3364 4210 3437 4250 ne
3468 4196 3606 4249 dum
3629 4193 3844 4249 lauda-

2134 4290 2229 4341 tur
2264 4290 2321 4341 et
2352 4284 2706 4355 defenditur,
2739 4286 2796 4339 in
2860 4293 3171 4356 conspectu
3235 4302 3340 4342 nos
3390 4286 3574 4342 nostri
3615 4284 3840 4356 judicis

2135 4374 2522 4446 multiplicius
2543 4375 3089 4447 aslringat.Peccare
3115 4374 3350 4447 quidem
3374 4390 3489 4431 non
3506 4374 3835 4444 debuimus;

2135 4466 2236 4521 sed
2271 4465 2492 4519 utinam
2528 4465 2643 4520 alia
2674 4481 2786 4521 non
2810 4465 3144 4537 jungentes,
3176 4466 3262 4521 vel
3303 4481 3370 4522 ea
3416 4482 3544 4537 quae
3594 4465 3842 4522 fecimus

320 4561 422 4612 clis
483 4532 768 4619 Ecclesiae,
803 4532 1280 4623 peregrinationis
1339 4572 1457 4611 sua:
1505 4555 1621 4610 vita
1672 4532 2023 4625 completur.
2057 4532 2104 4596 Ι)
2136 4553 2261 4609 sola
2290 4553 2642 4609 deseramus.

319 4644 481 4700 Tunc
509 4639 730 4697 laboris
760 4642 848 4697 sui
880 4644 1404 4700 remunerationem
1438 4645 1662 4716 recipit,
1687 4661 1816 4700 cum
1841 4642 2026 4713 exple-

322 4738 381 4791 to
412 4732 520 4789 hoc
551 4730 687 4787 belli
728 4739 1010 4804 tempore,
1064 4735 1135 4789 ad
1186 4735 1432 4805 patriam
1480 4736 1646 4790 redit.
1690 4734 1851 4790 Unde
1884 4735 2026 4788 bene

322 4840 425 4898 per
456 4819 804 4893 Prophetam
837 4821 1086 4877 dicitur:
1120 4823 1411 4880 Benedices
1460 4840 1670 4880 coronae
1701 4825 1839 4879 anni
1870 4820 2023 4877 beni-

323 4913 559 4986 gnitatis
584 4921 697 4969 tua:
726 4912 903 4983 (Psal.
938 4928 1083 4981 wa,
1120 4913 1228 4982 12).
1263 4914 1436 4980 Quasi
1468 4915 1624 4970 enim
1658 4930 1872 4970 corona
1928 4928 2025 4967 an-

321 5005 381 5062 ni
404 5002 787 5069 benedicitur,
821 5018 951 5058 cum
986 5002 1149 5057 linito
1178 5002 1395 5059 laboris
1419 5008 1697 5073 tempore,
1741 5002 2022 5057 virtutum

319 5094 712 5154 remuneratio
772 5094 1083 5150 confertur.
1119 5094 1252 5150 Dies
1292 5111 1422 5151 vero
1472 5095 1651 5166 hujus
1702 5094 1841 5150 anni
1885 5096 2024 5149 sunt

319 5185 563 5255 singulae
595 5200 836 5257 quaeque
867 5185 1144 5254 virtutes;
1187 5202 1417 5241 menses
1448 5190 1642 5241 autem
1677 5183 2025 5256 multiplicia

318 5271 470 5326 facta
497 5271 800 5327 virtutum.
834 5273 940 5329 Sed
973 5289 1104 5331 ecce
1125 5290 1257 5331 cum
1292 5292 1390 5347 per
1415 5275 1683 5331 ﬁduciam
1719 5290 1885 5329 mens
1918 5275 2022 5330 eri-

317 5359 494 5433 gitur,
537 5366 598 5414 ut
626 5364 816 5431 speret
854 5364 1005 5433 quod
1051 5364 1311 5422 veniente
1351 5365 1550 5435 judice
1592 5366 1664 5420 de
1708 5365 2023 5421 virtutibus

317 5452 1034 5516 remuneretur,occurunt
1052 5456 1179 5526 ejus
1207 5456 1494 5512 memoriae
1519 5457 1695 5512 etiam
1726 5458 1873 5512 mala
1896 5474 2022 5528 qua:

320 5534 530 5610 gessit;
567 5539 623 5591 et
654 5535 819 5591 valde
851 5540 1142 5614 formidat,
1174 5561 1244 5601 ne
1275 5544 1575 5602 districtus
1600 5547 1780 5618 judex
1812 5545 1909 5618 qui
1942 5562 2026 5602 ve-

324 5697 469 5823 nus?)
525 5694 676 5752 Utic.
748 5703 800 5752 et
888 5697 985 5753 alii
1054 5702 1278 5770 Norm.,
1348 5715 1475 5763 tunc
1540 5711 1798 5781 inquisiti
1866 5713 2027 5767 nolu-

2207 4644 2294 4699 40.
2329 4644 2556 4715 Culpam
2584 4658 2741 4698 suam
2790 4645 3057 4700 veraciter
3096 4644 3428 4715 insequitur,
3480 4646 3573 4715 qui
3620 4661 3846 4717 prospe-

2135 4736 2350 4789 ritatem
2381 4732 2571 4788 sa'culi
2598 4733 2790 4788 caleat.
2823 4761 2892 4773 ——
2923 4733 3028 4788 Sec
3060 4733 3213 4788 inter
3247 4734 3365 4789 haec
3393 4734 3699 4790 sciendum
3731 4743 3837 4802 est,

2134 4822 2270 4893 quia
2289 4821 2383 4877 ille
2405 4822 2637 4895 culpam
2662 4837 2830 4878 suam
2849 4822 3127 4880 veraciter
3143 4822 3745 4893 insequitur,quijam
3769 4823 3843 4879 ad

2134 4929 2390 4969 amorem
2425 4914 2727 4986 prtssentis
2750 4914 2946 4969 saeculi
2968 4913 3126 4970 nullo
3151 4915 3408 4984 appetitu
3434 4915 3843 4985 prosperitatis

2134 5002 2487 5074 instigatur;
2512 5004 2610 5076 qui
2643 5004 2822 5075 hujus
2855 5004 3056 5059 mundi
3081 5003 3487 5059 blandimenta
3517 5019 3691 5076 quam
3723 5003 3850 5060 sint

2132 5092 2506 5152 fraudulenta
2545 5095 2894 5161 considerat,
2930 5095 3273 5165 favoresque
3313 5093 3439 5163 ejus
3472 5092 3634 5164 quasi
3667 5109 3843 5163 quas-

2133 5186 2266 5241 dam
2301 5184 2729 5256 persecutiones
2762 5191 2983 5253 pensat.
3030 5182 3192 5239 Unde
3234 5186 3294 5237 et
3323 5183 3472 5239 bene
3528 5183 3847 5240 subditur:

2610 5273 2839 5330 CAPUT
2876 5273 3024 5329 xxu
3056 5273 3195 5347 [Rea
3227 5272 3361 5343 XX].

2204 5370 2378 5422 Vens.
2411 5366 2465 5419 8.
2496 5395 2565 5405 -—-
2586 5364 2915 5420 Maledicant
2942 5364 3016 5429 ei,
3049 5366 3144 5434 qui
3172 5361 3511 5419 maledicunt
3532 5362 3671 5419 diei.

2203 5457 2291 5511 41.
2328 5456 2641 5510 Transactas
2688 5455 2874 5522 culpas
2895 5455 3059 5525 punit
3110 5455 3208 5524 qui
3249 5451 3547 5508 seductoris
3596 5452 3835 5508 insidias

2134 5549 2193 5601 in
2217 5549 2331 5618 ipsa
2361 5546 2700 5617 suggestione
2727 5544 3104 5614 deprehendit.
3133 5575 3201 5585 —
3221 5546 3297 5600 Ac
3319 5542 3369 5598 si
3393 5548 3591 5614 aperte
3630 5542 3790 5600 dicat
3831 5558 3845 5600 :

2210 5708 2287 5776 (li)
2316 5706 2441 5764 Non
2472 5706 2702 5779 legitur,
2728 5706 2869 5763 mihi
2894 5708 3123 5779 sociam,
3142 5707 3202 5765 in
3219 5707 3383 5765 Corb.
3414 5705 3637 5776 Germ.,
3666 5704 3847 5764 Vind-

2135 5785 2192 5839 et
2230 5780 2410 5851 antiq.
2448 5779 2655 5839 Rbem.
