4134 6174
359 295 480 356 657

1291 285 1707 351 MOltALIUM
1755 287 1900 349 LIB.
1948 285 2049 347 IV.
2098 317 2172 335 -—-
2218 286 2291 347 IN
2338 285 2503 347 CAP.
2552 287 2633 350 III
2679 291 2747 350 B.
2795 289 2957 352 JOB.

3763 296 3883 353 658

364 427 454 483 Illi
487 426 663 497 huius
686 425 871 483 noctis
903 423 1172 481 tenebras
1201 440 1334 481 vere
1364 424 1696 496 paenitendo
1721 424 1947 490 feriant,
1967 422 2068 497 qui
2100 424 2153 491 Α
2184 423 2339 495 quod
2360 423 2473 481 alia
2502 425 2642 482 vitia
2675 426 2914 498 subigit,
2948 425 3079 483 aliis
3110 427 3444 499 reluctatur,
3478 431 3793 505 aliquando
3814 434 3886 491 de

355 509 483 579 jam
519 506 706 563 lucem
739 506 1143 578 prosperitatis
1170 505 1368 561 saeculi
1400 505 1787 576 despicientes
1825 505 2068 562 calcant.

361 597 419 652 Si
453 596 610 653 enim
644 596 794 651 diem
832 595 1089 651 laetitiam
1121 594 1521 651 delectationis
1553 594 1892 666 accipimus,
1920 598 2070 649 recte

360 690 431 743 de
478 688 588 743 hac
648 691 817 744 nocte
873 686 1469 742 diciturzlilaledicant
1516 689 1569 740 ei
1610 688 1702 757 qui
1737 685 2073 741 maledicunt

356 778 507 846 diei,-
542 778 679 850 quia
711 777 991 832 nimirum
1025 776 1110 832 illi
1147 777 1430 833 veraciter
1464 775 1615 832 mala
1648 781 1941 832 transacta
1972 793 2071 847 per

355 868 922 924 animadversionem
957 867 1307 938 poenitentiae
1360 866 1681 937 corrigunt,
1715 866 1963 936 quijam
1996 865 2069 921 ad

354 956 511 1013 bona
528 955 788 1012 fallentia
808 954 969 1011 nulla
986 955 1365 1011 delectatione
1394 954 1718 1025 rapiuntur.
1751 954 1897 1010 Nam
1920 970 2068 1025 quos

359 1047 550 1104 adhuc
582 1046 756 1103 noxia
784 1045 895 1102 alia
916 1043 1225 1114 delectant,
1248 1043 1459 1101 falsum
1497 1047 1585 1101 est
1614 1044 1769 1115 quod
1793 1043 2066 1113 cernitur,

364 1136 499 1209 quia
528 1140 855 1209 perpetrata
874 1134 987 1191 alia
1004 1134 1327 1206 deplorant.
1360 1134 1419 1190 Si
1455 1137 1675 1203 autem,
1705 1134 1783 1205 (a)
1808 1137 1869 1189 ut
1893 1149 2071 1203 supra

363 1227 585 1284 dictum
600 1231 709 1297 est,
729 1225 1161 1298 suggestionem
1180 1223 1451 1281 callidam
1472 1223 1700 1295 antiqui
1720 1224 1899 1280 hostis
1924 1224 2072 1280 acci-

360 1318 575 1390 pimus,
613 1316 697 1371 illi
736 1315 1082 1372 maledicere
1114 1323 1341 1371 noctem
1378 1313 1743 1385 intelligendi
1776 1318 1936 1381 sunt,
1969 1312 2070 1384 qui

361 1407 477 1463 diei
521 1407 913 1475 maledicunt;
941 1408 1078 1479 quia
1121 1405 1345 1462 scilicet
1384 1404 1469 1458 illi
1501 1409 1816 1460 trausactas
1867 1404 2070 1475 culpas

361 1511 491 1553 vere
518 1496 791 1567 puniunt,
826 1495 923 1567 qui
959 1494 1199 1567 maligni
1229 1494 1551 1551 seductoris
1574 1495 1821 1549 insidias
1852 1494 1911 1549 in
1944 1494 2072 1566 ipsa

359 1587 579 1643 blanda
601 1584 974 1659 suggestione
1002 1585 1457 1657 deprehendunt.
1482 1586 1633 1642 Bene
1654 1586 1846 1642 autem
1870 1584 2070 1640 subdi-

356 1680 455 1731 tur
484 1695 502 1735 :

651 1766 883 1824 CAPUT
920 1767 1087 1823 XXIII
1120 1768 1258 1840 [νει.
1291 1768 1460 1834 XXIV,
1496 1769 1611 1825 Ree.
1637 1770 1801 1840 XXI].

435 1861 577 1915 IBID.
606 1890 668 1899 —
707 1857 813 1927 Qui
840 1858 1028 1930 parati
1047 1863 1173 1913 sunt
1206 1862 1469 1914 suscitare
1497 1859 1817 1915 Leviathan.

434 1950 522 2005 42.
556 1947 845 2004 Diabolum
890 1956 1085 2005 contra
1121 1964 1176 2004 se
1219 1952 1504 2019 suscitant,
1548 1948 1644 2020 qui
1673 1951 1791 2019 eius
1822 1951 2072 2021 tyranni-

365 2041 488 2095 dem
526 2038 849 2111 despiciunt.
894 2071 960 2081 —
990 2043 1202 2096 Omnes
1250 2040 1429 2108 enim,
1472 2040 1567 2110 qui
1609 2058 1675 2096 ea
1715 2056 1838 2111 quae
1872 2040 2070 2097 mundi

364 2136 506 2187 sunt
561 2136 753 2187 mente
818 2130 1065 2200 calcant,
1127 2135 1183 2186 et
1250 2147 1317 2187 ea
1365 2148 1489 2203 quae
1550 2132 1647 2187 Dei
1703 2136 1841 2187 sunt
1904 2132 2074 2202 plena

363 2221 695 2279 intentione
758 2222 1112 2287 desiderant,
1184 2221 1496 2277 Leviatban
1551 2225 1753 2277 contra
1826 2238 1887 2277 se
1934 2238 2072 2279 sus-

366 2314 572 2381 citant,
606 2311 741 2383 quia
764 2312 890 2382 ejus
909 2311 1193 2367 malitiam
1220 2311 1594 2382 instigatione
1618 2328 1737 2367 suae
1766 2328 2073 2368 conversa-

359 2404 550 2461 tionis
582 2403 976 2459 inﬂammant.
1032 2403 1174 2460 Nam
1208 2406 1307 2475 qui
1342 2403 1471 2474 ejus
1498 2403 1782 2459 voluntati
1832 2403 2075 2473 subjecti

362 2500 530 2562 sunt,
564 2494 733 2565 quasi
757 2495 951 2564 quieto
983 2494 1055 2548 ab
1087 2494 1185 2549 illo
1212 2496 1345 2565 jure
1370 2493 1764 2564 possidentur,
1793 2502 1845 2549 et
1876 2510 2078 2565 super-

362 2585 482 2640 bus
516 2599 712 2639 eorum
756 2599 854 2638 rex
897 2582 1067 2655 quasi
1099 2583 1353 2654 quadam
1392 2583 1701 2638 securitate
1741 2583 2076 2653 perfruitur,

368 2675 516 2729 dum
534 2690 731 2731 eorum
755 2673 1029 2730 cordibus
1049 2674 1403 2731 inconcussa
1424 2680 1701 2746 potestate
1720 2675 2076 2730 dominatur.

373 2763 487 2820 Sed
520 2781 650 2820 cum
675 2763 1141 2837 uniuscujusque
1166 2765 1407 2836 spiritus
1430 2765 1499 2820 ad
1524 2765 1839 2821 conditoris
1866 2764 1956 2821 sui
1978 2765 2079 2820 de-

374 2854 657 2909 siderium
688 2854 1015 2924 recalescit,
1039 2871 1171 2910 cum
1201 2861 1493 2927 torporem
1517 2855 1887 2928 negligentiae
1916 2845 2083 2911 dese-

374 2943 474 3009 rit,
506 2948 564 2999 et
595 2944 782 3017 frigus
804 2944 1266 3000 insensibilitatis
1288 2945 1547 3016 pristinae
1580 2945 1713 3018 igne
1736 2945 1886 3001 santi
1919 2960 2085 3002 amo-

374 3033 457 3089 ris
488 3034 786 3103 accendit;
814 3050 946 3090 cum
980 3034 1265 3091 libertatis
1298 3035 1568 3105 ingenitae
1603 3035 1889 3103 meminit,
1926 3040 1984 3091 et
2004 3040 2086 3091 te-

2106 1809 2150 1875 Β

2180 514 2353 585 culpa
2382 514 2626 585 aliquid,
2660 516 2814 586 quod
2843 521 3037 573 tamen
3072 533 3186 575 non
3218 518 3384 576 valde
3432 526 3657 593 noceat,
3699 540 3886 581 rema-

2180 620 2314 659 nere
2345 603 2722 675 permittitur.

2257 694 2337 747 43.
2382 694 2456 749 0b
2486 695 2856 752 humilitatem
2895 698 3037 754 Deus
3068 697 3204 755 sinit
3240 706 3301 755 ut
3330 700 3429 773 qui
3459 703 3644 758 multa
3674 706 3728 758 et
3753 718 3891 773 gra-

2181 785 2265 840 via
2298 784 2435 839 vitia
2463 785 2693 855 subegit,
2729 803 2900 842 unum
2932 791 3224 844 minimum
3258 807 3369 847 non
3396 798 3691 863 expugnet.
3724 821 3793 832 --
3820 792 3891 847 Et

2178 890 2330 945 saepe
2378 891 2567 940 mens,
2616 892 2747 946 quae
2797 878 3037 934 adversa
3086 879 3275 936 multa
3306 888 3359 936 et
3405 882 3579 939 fortia
3628 885 3885 954 superat,

2179 980 2362 1019 unum
2387 964 2443 1018 in
2466 981 2547 1033 se,
2572 970 2627 1019 et
2645 965 2888 1023 fortasse
2910 968 3243 1039 minimum,
3267 972 3533 1041 quamvis
3555 988 3769 1045 magna
3793 972 3892 1027 in-

2179 1052 2436 1109 tentione
2466 1053 2750 1126 invigilet,
2784 1072 2899 1113 non
2931 1063 3243 1130 expugnat.
3284 1062 3447 1125 Quod
3480 1061 3679 1117 divina
3718 1060 3895 1117 nimi-

2178 1160 2307 1199 rum
2332 1144 2762 1216 dispensatione
2785 1147 2995 1218 agitur,
3020 1165 3091 1205 ne
3110 1166 3177 1205 ex
3199 1150 3357 1206 omni
3380 1156 3540 1223 parte
3576 1151 3891 1208 virtutibus

2178 1232 2507 1307 splendens,
2540 1234 2601 1290 in
2632 1235 2879 1292 elatione
2911 1238 3247 1295 sublevetur
3270 1258 3283 1301 :
3310 1249 3367 1296 ut
3397 1241 3540 1298 dum
3571 1240 3632 1298 in
3663 1258 3724 1298 se
3756 1258 3891 1314 par-

2179 1340 2312 1380 vum
2342 1324 2481 1395 quid
2512 1325 2966 1397 reprehensibile
2987 1328 3164 1397 videt,
3186 1334 3242 1385 et
3257 1333 3454 1386 tamen
3484 1331 3593 1387 hoc
3621 1332 3894 1403 subigere

2178 1432 2293 1471 non
2340 1414 2512 1484 valet,
2563 1431 2932 1488 nequaquam
2973 1418 3107 1486 sibi,
3158 1420 3260 1476 sed
3311 1421 3530 1477 auctori
3579 1420 3889 1477 victoriam

2180 1504 2395 1560 tribuat
2427 1503 2485 1559 in
2517 1504 2610 1561 his
2654 1522 2780 1576 quae
2814 1506 3083 1579 subigere
3135 1509 3356 1567 fortiter
3403 1508 3578 1567 valet.
3630 1510 3794 1567 Unde
3834 1512 3893 1565 et

2180 1595 2328 1651 bene
2360 1593 2739 1667 subjungitur
2770 1612 2784 1652 :

2624 1684 2857 1741 CAPUT
2897 1687 3075 1744 XXIV
3098 1688 3243 1761 [Rea
3268 1686 3450 1762 XXII].

2252 1773 2421 1829 Vsas.
2452 1775 2505 1829 9.
2539 1805 2607 1815 ——
2635 1775 3068 1833 Obtenebrentur
3086 1779 3259 1834 stellae
3279 1781 3522 1850 caligine
3541 1778 3679 1851 ejus.

2254 1864 2340 1918 44.
2380 1865 2474 1919 Sic
2508 1868 2602 1937 qui
2644 1867 2816 1922 stellae
2862 1876 3010 1937 sunt,
3074 1870 3265 1941 aliqua
3314 1870 3549 1941 caligine
3601 1870 3893 1926 obscuran-

2175 1958 2288 2009 tur.
2323 1986 2391 1996 -—
2421 1954 2609 2011 Stellae
2639 1956 2852 2028 quippe
2884 1958 3061 2028 hujus
3093 1961 3275 2016 noctis
3308 1960 3556 2032 caligine
3587 1961 3895 2017 tenebran-

2175 2048 2292 2109 tur,
2313 2046 2547 2116 quando
2571 2050 2626 2101 et
2649 2045 2704 2101 bi
2721 2046 2819 2117 qui
2844 2048 3210 2119 magnisjam
3223 2050 3542 2107 virtutibus
3557 2050 3887 2123 splendent,

2176 2133 2368 2191 adhuc
2397 2137 2466 2191 de
2497 2136 2852 2192 obscuritate
2882 2138 3067 2210 culpae
3100 2139 3320 2212 aliquid
3363 2140 3681 2198 renitentes
3714 2140 3895 2197 susti-

2175 2230 2337 2292 nent,
2369 2233 2431 2281 ut
2473 2226 2651 2281 etiam
2688 2242 2902 2299 magna
2930 2227 3060 2284 vitae
3103 2228 3365 2285 claritate
3396 2230 3651 2298 luceant,
3694 2234 3752 2285 et
3799 2233 3894 2286 ta-

2178 2331 2311 2371 men
2340 2314 2530 2370 adhuc
2563 2315 2750 2371 noctis
2781 2316 3052 2388 reliquias
3072 2318 3338 2375 nolentes
3358 2318 3613 2375 trahant.
3638 2318 3797 2384 Quod
3819 2318 3893 2372 ad

2175 2404 2305 2473 hoc,
2337 2405 2491 2460 sicut
2527 2406 2749 2461 dictum
2780 2410 2889 2474 est,
2921 2407 3134 2478 agitur,
3179 2411 3239 2464 ut
3271 2424 3433 2464 mens
3464 2408 3774 2479 proﬁciens
3824 2406 3896 2462 ad

2178 2495 2447 2552 virtutem
2478 2494 2723 2564 justitiae
2755 2512 2894 2559 suae,
2938 2496 3151 2554 melius
3181 2498 3523 2555 inﬁrmitate
3553 2498 3888 2554 roboretur;

2179 2588 2235 2640 et
2264 2584 2400 2639 inde
2438 2582 2628 2639 verius
2667 2583 2727 2639 in
2758 2584 2927 2641 bonis
2958 2585 3170 2655 luceat,
3201 2587 3354 2643 unde
3388 2603 3517 2644 eam
3556 2586 3732 2643 etiam
3781 2602 3890 2643 no-

2180 2673 2396 2729 lentem
2448 2688 2621 2746 parva
2664 2673 3144 2746 reprehensibilia
3198 2674 3501 2731 humiliter
3546 2676 3883 2733 obscurant.

2182 2764 2346 2820 Unde
2386 2769 2442 2819 et
2486 2766 2632 2821 bene
2682 2780 2816 2820 cum
2858 2764 3182 2822 Israelitico
3224 2765 3457 2838 populo,
3503 2775 3770 2837 percepta
3799 2780 3891 2821 re-

2185 2852 2593 2928 promissionis
2624 2858 2795 2919 terra,
2841 2855 3171 2925 partiretur,
3207 2854 3479 2925 prraim
3520 2853 3699 2910 tribui
3736 2853 3891 2910 Cha-

2184 2960 2422 3000 nanteus
2452 2942 2683 3013 gentilis
2705 2941 2954 3014 populus
2985 2960 3100 2999 non
3131 2945 3383 3013 occisus,
3426 2946 3528 3002 sed
3572 2945 3759 3000 factus
3791 2946 3892 3002 tri-

2188 3035 2448 3092 butarius
2487 3033 2721 3100 dicitur,
2764 3034 2913 3089 sicut
2955 3033 3239 3104 scriptum
3276 3035 3704 3091 estzllabitavit
3745 3035 3892 3090 Cha-

374 3122 501 3179 neri
533 3124 603 3179 ab
640 3123 809 3181 hoste
840 3140 1042 3180 servus
1076 3124 1380 3195 erubescit,
1415 3129 1548 3195 quia
1588 3125 1774 3181 isdem
1804 3125 1992 3181 hostis
2024 3142 2086 3181 se
2116 3163 2157 3195 ρ
2188 3140 2420 3182 nonanis
2458 3125 2515 3178 in
2555 3123 2729 3178 medio
2777 3123 3039 3194 Ephraim
3082 3126 3408 3179 tributarius
3455 3123 3582 3195 (Jos.
3633 3140 3745 3191 xvr,
3782 3124 3893 3195 10).

374 3213 710 3269 considerat
752 3214 995 3286 despici,
1039 3213 1168 3285 quia
1196 3214 1318 3270 vias
1361 3215 1455 3270 Dei
1498 3215 1654 3270 videt
1703 3215 2081 3287 apprehendi,

370 3305 525 3361 dolet
558 3313 756 3363 contra
785 3323 847 3363 se
896 3312 1129 3378 captum
1165 3307 1360 3375 reniti,
1404 3312 1461 3363 et
1492 3324 1625 3364 mox
1656 3307 1776 3363 zelo
1808 3306 2085 3365 accendi-

370 3400 489 3464 tur,
523 3412 659 3453 mox
690 3398 760 3453 ad
798 3402 1089 3453 certamen
1134 3402 1419 3466 movetur,
1458 3414 1588 3454 mox
1628 3398 1697 3453 ad
1732 3399 2087 3455 tentationes

371 3486 718 3542 innumeras
765 3492 966 3542 contra
1010 3484 1389 3542 rebellantem
1436 3492 1686 3543 mentem
1747 3503 1804 3543 se
1849 3487 2083 3555 excitat,

379 3580 554 3647 atque
583 3576 643 3631 in
676 3575 838 3632 omni
870 3582 994 3631 arte
1027 3575 1394 3632 lacerationis
1425 3576 1688 3647 instigat,
1718 3580 1782 3632 ut
1809 3577 2083 3633 tentatio-

371 3680 519 3721 num
544 3665 740 3737 jacula
771 3665 1158 3737 intorquendo
1199 3664 1493 3722 confodiat
1522 3682 1639 3735 cor,
1674 3666 1827 3737 quod
1862 3666 2084 3722 dudum

375 3755 572 3827 quieto
590 3757 723 3827 jure
744 3754 1093 3828 possidebat.
1117 3756 1294 3823 Quasi
1318 3756 1646 3812 dormiebat
1675 3757 1911 3827 quippe,
1944 3756 2084 3814 dum

375 3846 607 3916 sopitus
652 3847 709 3902 in
756 3862 929 3915 pravo
971 3846 1141 3902 corde
1186 3847 1662 3917 quiesceretzsed
1708 3848 1987 3903 excitatur
2025 3847 2084 3902 in

378 3934 794 4005 provocatione
824 3934 1178 4002 certaminis,
1216 3950 1349 3989 cum
1377 3936 1477 4004 jus
1523 3935 1779 3991 amiserit
1810 3951 2086 4007 perversae

376 4023 824 4080 dominationis.
858 4024 1004 4081 Huic
1033 4041 1168 4095 ergo
1190 4024 1341 4081 nocti
1366 4024 1741 4091 maledicant,
1774 4026 1874 4098 qui
1906 4026 2085 4097 parati

376 4119 519 4171 sunt
568 4115 855 4171 suscitare
898 4114 1335 4171 Leviathan:id
1374 4120 1483 4181 est,
1524 4117 1585 4172 hi
1616 4133 1678 4173 se
1718 4121 1915 4174 contra
1955 4132 2088 4188 pec-

379 4209 580 4260 catum
608 4205 831 4260 fortiter
864 4204 940 4277 (b)
966 4204 1191 4276 judicio
1223 4204 1600 4262 districtionis
1623 4206 1866 4279 erigant,
1901 4209 2000 4277 qui
2027 4205 2085 4260 in

375 4295 505 4350 suis
553 4294 981 4350 tentationibus
1029 4294 1279 4350 excitare
1326 4296 1636 4367 antiquum
1682 4297 2085 4353 adversarium

372 4401 494 4441 non
527 4384 864 4440 formidant.
901 4387 1193 4456 Scriptum
1227 4401 1482 4456 namque
1513 4390 1601 4442 est
1628 4386 1786 4453 :Fili,
1830 4387 2086 4443 accedens

371 4474 444 4529 ad
473 4473 799 4530 servitutem
843 4474 963 4542 Dei,
1006 4481 1094 4530 sta
1138 4476 1197 4529 in
1242 4475 1459 4544 iustitia
1510 4477 1656 4532 I21
1694 4484 1747 4532 et
1778 4480 1991 4546 timore,
2032 4480 2083 4531 et

366 4580 626 4637 praepara
655 4564 903 4619 animam
954 4570 1109 4620 tuam
1153 4564 1222 4620 ad
1257 4565 1612 4620 tentationem
1659 4566 1848 4636 (Eccli.
1886 4583 1948 4633 ιι,
2004 4567 2078 4639 1).

374 4653 657 4725 Quisquis
704 4654 859 4709 enim
907 4654 1132 4725 accingi
1180 4654 1239 4709 in
1286 4654 1480 4709 divino
1521 4656 1755 4710 servitio
1795 4662 2084 4727 properat,

378 4745 523 4817 quid
554 4744 737 4813 aliud,
770 4761 943 4815 quam
969 4762 1031 4800 se
1062 4750 1262 4802 contra
1293 4745 1520 4817 antiqui
1552 4744 1868 4802 adversarii
1902 4750 2084 4802 certa-

377 4850 514 4891 men
547 4837 736 4904 parat,
763 4841 831 4889 ut
857 4833 1004 4889 liber
1035 4833 1091 4889 in
1126 4835 1441 4891 certamine
1472 4835 1615 4892 ictus
1647 4835 1951 4907 suscipiat,
1991 4837 2091 4908 qui

376 4923 617 4997 quietus
648 4924 719 4995 (e)
750 4924 857 4980 sub
890 4924 1189 4996 tyrannide
1222 4924 1279 4979 in
1300 4924 1629 4997 captivitate
1650 4925 2091 4983 serviebat‘lSed

378 5014 441 5070 in
484 5031 552 5071 eo
601 5014 755 5086 ipso,
807 5016 960 5086 quod
1010 5030 1177 5072 mens
1224 5024 1424 5073 contra
1469 5016 1689 5073 hostem
1746 5016 2089 5088 accingitur,

451 5141 529 5215 (a)
552 5141 741 5212 Antiq.
770 5141 921 5215 Edit.
946 5159 957 5197 :
980 5142 1039 5197 Si
1061 5153 1243 5198 autem
1264 5147 1313 5198 et
1333 5143 1708 5211 supradiclam
1730 5143 1888 5199 diem.
1924 5144 2090 5215 Pejus

376 5214 534 5285 apud
570 5216 758 5278 Cocc.,
790 5212 997 5279 Vatic.,
1032 5215 1225 5280 Gilot.,
1261 5216 1450 5281 Guss.,
1488 5217 1698 5285 legitur
1727 5220 1935 5271 noctem
1964 5212 2090 5285 sug-

376 5292 518 5355 gest.
573 5285 797 5356 Quippe
838 5296 1077 5340 sanctus
1129 5288 1459 5356 Gregorius,
1494 5292 1609 5341 tam
1646 5305 1806 5344 num.
1839 5290 1871 5343 7
1912 5304 2089 5357 quam

374 5357 469 5423 24,
502 5361 560 5410 et
593 5356 755 5423 alibi,
791 5374 886 5426 per
918 5358 1071 5412 diem
1101 5358 1372 5429 intelligit
1412 5362 1840 5428 susgestionem
1874 5356 2086 5415 diaboli

378 5445 447 5483 ac
482 5430 698 5498 peccati
733 5430 1174 5484 delectationem
1219 5431 1289 5485 ab
1333 5434 1457 5500 ipso
1500 5433 1881 5485 ministratam
1909 5449 1923 5498 ;
1950 5448 2087 5485 nus-

379 5516 558 5570 quam
590 5516 721 5554 vero
756 5517 854 5570 per
898 5508 1147 5567 noctem,
1183 5519 1294 5571 qua
1324 5502 1440 5556 vult
1486 5503 1800 5572 significari
1847 5520 2091 5558 consen-

380 5588 516 5627 sum
543 5573 613 5625 ad
638 5580 958 5645 peccatum,
987 5579 1044 5627 et
1066 5579 1333 5645 tenebras
1356 5575 1491 5629 inde
1509 5581 1686 5630 ortas.
1720 5574 1842 5636 Quo
1875 5576 2086 5645 posito,

380 5649 807 5717 consequenter
826 5644 920 5700 hic
944 5642 1218 5716 loquitur,
1252 5662 1383 5701 cum
1406 5647 1485 5701 ait
1506 5662 1640 5701 eum
1673 5648 1773 5717 qui
1799 5642 2092 5703 maledicit

388 5713 530 5788 diei,
561 5713 906 5788 maledicere
935 5724 988 5772 et
1009 5713 1165 5773 nocti
1187 5718 1315 5787 ;qui
1346 5717 1501 5773 enim
1532 5713 1805 5773 abhorret
1824 5733 1857 5773 a
1878 5732 2092 5788 sugge-

387 5786 586 5845 stione
614 5792 671 5844 et
704 5786 1082 5847 delectatione
1102 5786 1342 5861 peccati,
1384 5788 1562 5845 multo
1603 5789 1789 5861 magis
1821 5786 2092 5846 abhorret

2112 4526 2164 4590 D

2192 3217 2337 3284 Quid
2361 3215 2515 3271 enim
2539 3214 2918 3284 Chananaeus,
2937 3214 3169 3285 gentilis
3194 3215 3459 3271 videlicet
3481 3213 3756 3285 populus,
3782 3213 3899 3269 nisi

2192 3308 2398 3365 vitium
2431 3306 2723 3376 significat
2744 3305 2771 3360 ?
2793 3306 2859 3362 Et
2884 3322 3032 3378 saepe
3064 3307 3293 3378 magnis
3322 3306 3644 3363 virtutibus
3674 3310 3895 3363 terram

2189 3397 2663 3470 repromissionis
2683 3396 3070 3469 ingredimur,
3102 3397 3236 3467 quia
3265 3412 3368 3469 spe
3391 3396 3596 3453 intima
3627 3396 3697 3452 de
3728 3400 3901 3453 aeter-

2193 3489 2372 3545 nitate
2394 3488 2756 3542 roboramur.
2791 3485 2939 3556 [γει.
2972 3484 3152 3556 XXV.]
3183 3486 3289 3541 Sed
3314 3486 3454 3541 dum
3488 3485 3564 3557 (ά)
3594 3486 3743 3541 inter
3773 3489 3902 3541 acta

2195 3577 2495 3642 sublimia,
2526 3576 2662 3631 vitia
2684 3576 2951 3648 quaedam
2970 3591 3146 3647 parva
3172 3576 3515 3644 retinemus,
3550 3576 3715 3647 quasi
3744 3577 3897 3633 Cha-

2195 3683 2461 3722 nanaeum
2495 3664 2683 3720 vivere
2713 3665 2772 3720 in
2795 3668 2948 3721 terra
2998 3669 3200 3721 nostra
3238 3666 3634 3722 concedimus.
3668 3663 3775 3731 Qui
3807 3668 3903 3719 ta-

2195 3771 2328 3812 men
2353 3756 2422 3825 (e)
2454 3753 2796 3809 tributarius
2826 3753 3097 3822 efficitur,
3131 3754 3269 3826 quia
3299 3754 3406 3810 hoc
3438 3755 3632 3826 ipsum
3672 3753 3899 3821 vitium,

2196 3846 2347 3916 quod
2379 3843 2650 3915 subigere
2683 3859 2796 3899 non
2830 3859 3173 3914 possumus,
3206 3845 3276 3901 ad
3303 3860 3479 3901 usum
3503 3848 3717 3901 nostrae
3740 3843 3901 3900 utili-

2194 3934 2329 3991 tatis
2359 3932 2666 3989 humiliter
2696 3936 3099 4004 retorquemus
3124 3936 3221 4001 ;ut
3260 3948 3325 3990 eo
3364 3934 3435 3989 de
3466 3949 3528 3990 se
3562 3948 3727 3989 mens
3759 3940 3812 3987 et
3838 3933 3901 3987 in

2196 4024 2448 4081 summis
2491 4022 2624 4077 vilia
2669 4022 2903 4092 sentiat,
2936 4038 3048 4093 quo
3081 4022 3207 4078 suis
3246 4022 3468 4078 viribus
3502 4021 3679 4077 etiam
3724 4036 3904 4093 parva

2196 4130 2326 4186 quae
2358 4112 2600 4185 appetit,
2626 4128 2739 4167 non
2771 4117 3082 4184 expugnat.
3122 4111 3284 4169 Unde
3313 4112 3461 4168 bene
3494 4126 3727 4167 rursum
3754 4111 3899 4167 scri-

2196 4208 2363 4276 ptum
2409 4206 2499 4259 est
2524 4217 2537 4256 :
2562 4202 2659 4258 Hae
2695 4210 2823 4257 sunt
2867 4208 3057 4270 gentes
3097 4218 3233 4273 quas
3271 4203 3527 4258 Dominus
3573 4200 3898 4271 dereliquit,

2195 4292 2523 4349 uterudiret
2548 4294 2608 4348 in
2645 4294 2723 4348 eis
2764 4292 3022 4348 Israelem
3052 4291 3199 4363 (Iud.
3233 4308 3317 4360 ιιι,
3363 4292 3436 4363 1).
3479 4290 3565 4347 Ad
3596 4290 3705 4347 hoc
3736 4304 3902 4345 nam-

2202 4400 2317 4459 que
2345 4384 2612 4456 quaedam
2646 4383 2887 4439 minima
2913 4382 3053 4438 vitia
3084 4388 3287 4440 nostra
3311 4383 3655 4451 retinentur,
3687 4385 3754 4438 ut
3776 4395 3903 4437 sese

2198 4478 2398 4531 nostra
2427 4473 2673 4529 intentio
2704 4472 3013 4529 sollicitam
3045 4473 3104 4527 in
3136 4472 3453 4528 certamine
3485 4488 3714 4544 semper
3743 4486 3902 4528 exer-

2196 4570 2321 4621 ceat
2344 4580 2357 4633 ;
2382 4569 2438 4620 et
2470 4579 2534 4621 eo
2566 4564 2635 4619 de
2668 4562 2905 4619 victoria
2945 4579 3061 4619 non
3111 4563 3430 4635 superbiat,
3472 4580 3588 4635 quo
3619 4556 3808 4618 vivere
3842 4562 3902 4616 in

2195 4672 2257 4711 se
2288 4655 2485 4710 hostes
2532 4652 2834 4723 conspicit,
2870 4670 2903 4708 a
2934 4654 3153 4724 quibus
3183 4654 3376 4709 adhuc
3420 4654 3573 4709 vinci
3606 4652 3901 4709 formidat.

2194 4744 2365 4800 Israel
2398 4759 2534 4815 ergo
2564 4742 2866 4798 reservatis
2914 4742 3186 4813 gentibus
3239 4743 3527 4809 eruditur,
3559 4742 3794 4813 quando
3841 4740 3902 4796 in

2200 4832 2551 4906 quibusdam
2578 4832 2840 4888 minimis
2862 4832 3020 4889 vitiis
3042 4831 3214 4888 elatio
3242 4832 3474 4888 virtutis
3502 4835 3714 4886 nostris
3743 4845 3904 4886 com-

2201 4924 2488 4996 primitur,
2509 4927 2565 4979 et
2584 4924 2642 4980 in
2667 4922 2858 4995 parvis
2880 4923 2994 4979 sibi
3011 4922 3421 4980 resistentibus
3445 4920 3639 4988 discit,
3656 4918 3728 4991 (f)
3749 4920 3901 4990 quod

2199 5030 2265 5071 ex
2297 5030 2359 5071 se
2390 5014 2613 5085 majora
2643 5030 2761 5071 non
2787 5013 3029 5086 subigit.

2201 5159 2568 5200 aconsensu.
2624 5144 2904 5200 Caeterum
2966 5146 3162 5199 nostra
3225 5142 3353 5197 lect.
3419 5147 3504 5197 est
3551 5144 3687 5197 Mss.
3729 5140 3897 5196 Corb.

2201 5217 2416 5279 Germ.,
2448 5216 2624 5286 anliq.
2655 5216 2881 5283 Rhem.,
2914 5217 3161 5270 duorum
3196 5214 3443 5285 Remig.,
3477 5211 3721 5282 Turon.,
3758 5212 3899 5268 Vin-

2200 5290 2351 5352 doc.,
2383 5288 2604 5354 Norm.,
2630 5288 2699 5342 ad
2742 5303 2885 5356 quos
2920 5288 3191 5341 accedunt
3238 5292 3347 5340 vet.
3383 5287 3529 5340 Edit.

2272 5360 2344 5428 (b)
2376 5359 2571 5425 Gilot.,
2614 5358 2816 5421 Vatic.,
2851 5358 3160 5425 Gussanv.,
3207 5364 3332 5423 post
3363 5357 3551 5423 Cocc.,
3585 5358 3894 5429 injudicio.

2270 5431 2337 5500 (ε)
2373 5435 2455 5483 lta
2484 5431 2650 5485 Corb.
2685 5429 2877 5484 Germ.
2912 5436 2968 5484 et
3000 5446 3199 5484 omnes
3231 5431 3365 5485 Mss.
3396 5438 3600 5498 nostri,
3633 5448 3781 5501 quos
3810 5447 3898 5484 se-

2198 5508 2453 5571 quuntur
2484 5507 2590 5554 vet.
2619 5502 2759 5554 Edit.
2797 5502 2927 5555 Aliae
2962 5502 3198 5565 habent,
3230 5503 3329 5556 sub
3357 5509 3613 5571 tyranno.

2269 5572 2336 5637 (ά)
2366 5571 2528 5626 Unus
2562 5572 2804 5643 Remig.,
2837 5574 2983 5627 inter
3011 5576 3236 5628 subacta
3264 5574 3545 5629 sublimia.

2267 5643 2338 5713 (e)
2383 5643 2758 5698 Prcemittitur
2804 5645 2961 5701 nobis
3009 5646 3067 5701 in
3110 5647 3233 5715 Ed.,
3276 5662 3392 5719 quo
3446 5651 3643 5706 carent
3697 5660 3900 5704 omnes

2196 5714 2337 5772 Mss.
2362 5714 2568 5771 nostri.

2256 5731 2337 5771 88.
2362 5731 2568 5771 DOSII‘I.

2268 5787 2335 5861 (1)
2360 5786 2660 5859 Nonnulli,
2685 5788 2828 5863 quod
2856 5790 2912 5847 in
2933 5807 3012 5851 se.
