4134 6174
231 262 348 322 659

298 396 384 449 45.
418 394 581 449 Nemo
611 389 671 445 in
703 389 807 444 hac
840 389 971 455 vita,
996 386 1340 458 quantalibet
1374 389 1671 440 sanctitate
1698 386 1937 454 fulgeat,
1968 383 2023 450 Α

229 489 407 540 Deum
434 485 581 538 sicut
605 487 686 535 est
718 479 896 535 videre
916 479 1081 533 valet.
1115 508 1182 518 —
1213 476 1331 531 Hoc
1368 481 1565 532 tamen
1594 476 1748 546 quod
1786 476 1933 530 dici-

225 571 818 630 turz0btenebrentur
862 569 1044 624 stella
1101 568 1338 635 caligine
1400 565 1818 636 ejus;intelligi
1877 569 1934 619 et

230 663 392 720 aliter
423 664 629 733 potest.
664 659 782 716 Nox
814 659 1026 730 quippe
1057 656 1175 721 illa,
1211 656 1473 711 videlicet
1504 671 1825 711 consensus
1862 655 1934 708 ad

232 754 484 825 culpam,
518 767 649 822 quas
682 750 751 804 ad
777 765 880 804 nos
908 746 1080 818 primi
1107 745 1363 815 parentis
1397 750 1484 800 est
1521 761 1763 800 excessu
1799 760 1935 815 pro-

232 846 459 913 pagate,
486 839 701 896 mentis
733 843 944 893 nostra
976 836 1211 893 oculum
1244 842 1407 891 tanta
1437 837 1790 892 obscuritate
1816 851 1936 906 per-

234 930 394 1000 culit,
425 934 484 985 ut
509 930 580 998 (a)
605 929 661 983 in
695 928 865 997 hujus
903 927 1033 982 vita:
1063 925 1288 992 exsilio,
1323 925 1595 980 caecitatis
1627 941 1746 979 suae
1780 927 1935 978 tene-

232 1020 352 1075 bris
385 1034 638 1091 pressus,
669 1016 1030 1088 quantalibet
1060 1015 1112 1070 vi
1150 1014 1484 1070 aeternitatis
1516 1015 1711 1069 lumen
1745 1013 1935 1067 inten-

233 1109 403 1176 derit,
455 1112 758 1179 penetrare
808 1123 920 1160 non
963 1104 1166 1176 possit.
1217 1106 1355 1159 Post
1396 1120 1623 1175 pmnam
1687 1117 1936 1172 namque

235 1196 490 1252 damnati
528 1196 681 1251 I22
725 1200 1052 1266 peccatores
1101 1197 1416 1256 nascimur,
1460 1198 1631 1262 atque
1674 1191 1742 1245 ad
1786 1190 1937 1244 hanc

233 1285 411 1341 vitam
442 1302 577 1342 cum
611 1285 809 1339 mortis
836 1293 1044 1339 nostrae
1071 1285 1273 1338 merito
1307 1284 1606 1348 venimus;
1629 1286 1686 1336 et
1718 1281 1935 1336 cumad

235 1392 499 1448 supernae
543 1375 691 1430 lucis
726 1375 952 1430 radium
985 1375 1167 1429 aciem
1210 1374 1422 1427 mentis
1473 1373 1776 1442 erigimus,
1812 1371 1939 1440 ipsa

233 1464 588 1520 inﬁrmitatis
621 1468 830 1519 nostra:
849 1464 1204 1518 obscuritate
1227 1462 1566 1533 caligamus.
1603 1462 1668 1516 Et
1703 1461 1938 1532 quidem

235 1554 408 1609 multi
444 1555 501 1609 in
537 1554 643 1609 hac
675 1553 1012 1612 inﬁrmitate
1039 1553 1413 1607 carnistanta
1445 1552 1654 1606 virtute
1687 1548 1942 1605 roborati

1490 250 1770 311 SANCTI
1814 243 2190 309 GREGORII
2240 241 2493 305 MAGNl

3640 245 3764 305 ὃΕο

2471 375 2702 432 CAPUT
2743 374 2893 432 xxv
2925 375 3071 446 (nec.
3107 375 3337 447 XXIII].

2115 491 2256 544 Isin.
2294 518 2363 528 --
2392 488 2669 558 Exspectet
2713 486 2908 552 lucem,
2941 491 2994 540 et
3038 500 3148 540 non
3196 485 3394 552 videat,
3437 501 3537 542 nec
3579 494 3766 542 ortum

2044 580 2312 650 surgentis
2339 592 2590 634 aurorae.

2116 686 2204 742 46.
2258 684 2421 740 Ortus
2464 699 2680 740 aurora
2725 690 2805 739 est
2854 685 3089 739 interna?
3119 683 3370 738 veritatis
3409 683 3661 739 claritas.
3693 712 3765 726 —

2046 775 2414 841 Quantalibet
2436 790 2684 845 namque
2704 773 3023 828 intentione
3035 773 3229 829 adhuc
3253 775 3557 846 peregrina
3591 790 3765 830 mens

2046 869 2270 938 eatagat
2295 864 2487 920 videre
2517 864 2706 918 lucem
2744 863 2896 918 sicut
2926 869 3038 932 est,
3069 880 3183 918 non
3229 862 3404 927 valet,
3439 864 3578 934 quia
3612 862 3767 918 hanc

2043 957 2094 1013 ei
2119 955 2512 1013 damnationis
2543 972 2656 1010 suac
2688 955 2915 1010 cacitas
2947 953 3269 1009 abscondit.
3295 954 3366 1025 (c)
3396 954 3594 1024 (Ortus
3629 969 3766 1010 vero

2046 1063 2265 1102 aurorae
2296 1055 2380 1100 est
2411 1045 2651 1100 internas
2671 1043 2931 1099 veritatis
2954 1043 3212 1110 claritas,
3245 1059 3376 1114 quas
3399 1059 3628 1114 semper
3657 1061 3769 1100 no-

2047 1136 2140 1190 bis
2172 1136 2340 1190 debet
2371 1150 2495 1190 esse
2528 1150 2694 1189 nova.
2729 1136 2915 1200 Quam
2947 1149 3055 1188 nox
3092 1131 3290 1201 procul
3322 1133 3500 1187 dubio
3533 1149 3646 1188 non
3679 1133 3768 1186 vi-

2047 1225 2164 1288 det,
2197 1225 2334 1296 quia
2367 1241 2466 1293 per
2495 1222 2724 1294 culpam
2757 1239 2906 1278 caca
2943 1221 3477 1278 nostrainﬁrmitas
3511 1223 3578 1277 ad
3614 1221 3761 1278 illud

2045 1313 2267 1378 lumen,
2308 1314 2461 1385 quod
2512 1329 2791 1384 supernos
2825 1314 2948 1382 jam
2982 1312 3133 1367 cives
3182 1311 3445 1380 irradiat,
3486 1312 3545 1366 in
3584 1327 3766 1368 carne

2049 1403 2240 1458 adhuc
2264 1401 2628 1473 corruptibili
2655 1403 2841 1474 posita
2864 1417 2978 1456 non
3003 1401 3289 1456 ascendit.
3315 1400 3476 1455 Intus
3508 1417 3768 1472 namque

2056 1492 2174 1548 hac
2205 1509 2414 1548 aurora
2444 1491 2653 1562 surgit,
2699 1491 2796 1546 ubi
2834 1489 3175 1562 angelorum
3210 1489 3514 1560 spiritibus
3546 1489 3768 1546 divini-

2053 1581 2190 1636 tatis
2223 1581 2457 1636 claritas
2502 1597 2648 1636 nova
2679 1595 2910 1650 semper
2939 1579 3300 1645 ostenditur;
3327 1583 3383 1634 et
3414 1579 3581 1649 quasi
3613 1594 3767 1634 sem-

235 1651 401 1742 ξξληξζ
428 1649 491 1742 ‘j‘t
522 1643 894 1742 Ῠθδρξθίξάθῗέ
929 1644 1143 1697 mundo
1184 1643 1348 1742 Quas}
1380 1642 1560 1696 “eum
1594 1641 1943 1742 PQtUiss‘ent'
1980 1649 2025 1714 Β
2057 1685 2158 1742 per
2201 1669 2481 1740 gaudium
2526 1668 2672 1723 lucis
2715 1641 2921 1734 oritur,
2963 1668 3115 1737 quod
3163 1641 3463 1738 nunquam
3515 1667 3766 1737 finitur.)

235 1731 405 1787 Multi
437 1733 492 1786 in
528 1732 780 1788 tenebris
805 1733 925 1786 vita:
952 1733 1276 1801 praesentis,
1310 1732 1446 1785 dum
1472 1732 1773 1801 superiora
1798 1730 1867 1784 de
1889 1745 1950 1783 se

237 1821 505 1894 exempla
565 1823 860 1884 exhibent,
921 1829 1205 1876 astrorum
1269 1837 1423 1876 more
1472 1821 1639 1875 nobis
1706 1822 1949 1890 desuper

234 1910 486 1978 lucent;
547 1913 644 1967 sed
715 1911 1072 1983 quantalibet
1128 1912 1526 1966 coruscatione
1585 1910 1776 1980 operis
1833 1907 1943 1963 ful-

236 2007 430 2073 geant,
484 2002 849 2073 quantolibet
898 2018 958 2056 se
1021 2001 1156 2072 igne
1211 2000 1676 2070 compunctionis
1737 2015 1948 2054 accen-

239 2092 420 2159 dant;
449 2092 726 2146 nimirum
765 2096 993 2146 constat
1023 2093 1155 2159 quia
1186 2091 1324 2144 dum
1360 2087 1721 2157 correptibili
1756 2089 1947 2142 adhuc

235 2195 412 2235 carne
453 2181 674 2251 gravati
699 2188 855 2244 sunt,
883 2187 1161 2234 aeternum
1196 2179 1413 2245 lumen,
1441 2179 1591 2234 sicut
1612 2184 1718 2245 est,
1750 2178 1945 2233 videre

237 2284 603 2340 nequaquam
631 2273 894 2340 possunt.
919 2268 1078 2324 Dicat
1109 2285 1280 2339 ergo:
1305 2270 1746 2326 Obtenebrentur
1772 2268 1949 2322 stella

235 2359 479 2426 caligine
501 2360 649 2427 eius;
676 2359 732 2412 id
760 2363 869 2427 est,
892 2358 1063 2412 etiam
1096 2358 1179 2412 illi
1215 2358 1270 2411 in
1297 2357 1786 2429 contemplatione
1819 2373 1944 2424 sua,

236 2447 486 2519 antiqua
536 2448 724 2503 noctis
755 2448 946 2502 adhuc
983 2447 1254 2502 tenebras
1295 2447 1570 2514 sentiant,
1628 2448 1696 2501 de
1729 2447 1945 2517 quibus

235 2537 516 2594 nimirum
549 2541 774 2593 constat
806 2538 959 2608 quod
1001 2537 1258 2593 humano
1290 2538 1483 2607 generi
1519 2538 1573 2590 in
1609 2535 1788 2606 hujus
1820 2537 1944 2591 vita:

236 2628 482 2699 caligine
505 2627 784 2683 virtutum
812 2644 1046 2682 suarum
1070 2627 1184 2696 jam
1211 2627 1406 2682 radios
1437 2628 1788 2698 expandant,
1812 2626 1945 2697 quia

239 2718 346 2771 etsi
391 2725 580 2772 mente
605 2719 728 2786 jam
762 2717 832 2771 ad
883 2733 1116 2771 summa
1159 2717 1454 2784 exsiliunt,
1506 2715 1698 2770 adhuc
1749 2720 1942 2770 tamen

237 2805 295 2858 in
328 2806 548 2860 inlimis
582 2807 781 2876 primae
813 2805 994 2876 culpae
1047 2806 1302 2875 pondere
1331 2811 1661 2876 gravantur.
1689 2803 1848 2859 Unde
1879 2805 1944 2858 fit

237 2897 300 2948 ut
331 2902 383 2948 et
433 2894 582 2948 foras
615 2892 880 2964 exempla
918 2892 1062 2946 lucis
1111 2893 1265 2947 velut
1295 2901 1448 2947 astra
1483 2894 1795 2964 praebeant,
1841 2893 1937 2946 sed

231 2985 428 3036 tamen
453 2982 611 3036 intus
636 2996 820 3052 usque
845 2982 914 3035 ad
943 2981 1063 3035 fixae
1086 2981 1323 3036 visionis
1347 2981 1747 3036 certitudinem
1774 2998 1936 3052 pres-

233 3071 280 3125 si
337 3074 523 3127 noctis
574 3071 820 3142 caligine
871 3089 982 3127 non
1036 3076 1372 3126 ascendant.
1427 3073 1586 3142 Saepe
1627 3078 1817 3127 autem
1860 3074 1934 3127 ita

235 3176 398 3216 mens
451 3163 802 3229 accenditur,
837 3171 898 3216 ut
929 3163 1195 3232 quamvis
1228 3163 1286 3216 in
1326 3177 1500 3216 carne
1541 3163 1609 3216 sit
1643 3162 1849 3232 posita,
1879 3162 1940 3216 in

231 3251 415 3307 Deum
450 3257 643 3308 tamen
675 3252 832 3308 omni
864 3253 1178 3322 subjugata
1219 3253 1439 3307 carnali
1471 3252 1818 3323 cogitatione
1848 3269 1938 3306 ra-

231 3340 600 3411 piatur;nec
640 3345 834 3396 tamen
883 3341 1067 3396 Deum
1111 3342 1260 3396 sicut
1309 3350 1388 3396 est
1440 3341 1745 3413 conspicit,
1807 3341 1942 3411 quia

232 3429 384 3485 hanc
436 3431 738 3498 nimirum,
781 3431 935 3485 sicut
965 3430 1187 3486 dictum
1220 3436 1325 3499 est,
1359 3432 1418 3487 in
1451 3447 1622 3487 carne
1663 3432 1941 3501 corrupti-

233 3519 336 3576 bili
372 3521 599 3592 pondus
632 3520 831 3591 prima
883 3521 1280 3577 damnationis
1325 3521 1555 3593 premit.
1588 3525 1744 3592 Saepe
1777 3522 1854 3576 ita
1879 3525 1944 3577 ut

235 3615 343 3677 est,
377 3609 674 3666 absorberi
695 3611 1008 3681 desiderat,
1048 3615 1110 3666 ut
1142 3616 1416 3666 aeternam
1448 3611 1648 3676 vitam,
1682 3610 1731 3666 si
1759 3611 1944 3682 possit

238 3700 386 3768 fieri,
419 3701 542 3756 sine
588 3701 910 3757 interventu
937 3718 1222 3772 corporeae
1247 3704 1451 3757 mortis
1485 3702 1750 3772 attingat.
1783 3701 1944 3757 Unde

235 3789 468 3855 Paulus,
503 3807 633 3846 cum
668 3792 935 3848 ardenter
966 3793 1245 3847 internum
1283 3793 1472 3848 lucem
1507 3797 1805 3862 quaereret,
1841 3792 1941 3846 sed

234 3885 432 3937 tamen
464 3887 760 3954 utcunque
780 3883 1076 3938 exterioris
1111 3885 1310 3939 mortis
1343 3885 1558 3938 damna
1588 3883 1941 3953 formidaret,

235 3973 315 4027 ait
337 3987 348 4027 :
370 3973 444 4044 (b)
468 3973 722 4036 Quandiu
743 3990 930 4028 sumus
959 3976 1017 4028 in
1039 3975 1136 4027 hoc
1159 3975 1505 4040 habitacula,
1536 3975 1942 4044 ingemiscimus

232 4064 476 4130 gravati,
508 4080 568 4118 eo
599 4062 740 4134 quod
767 4065 1023 4120 nolumus
1055 4066 1382 4134 exspoliari,
1427 4066 1522 4118 sed
1559 4066 1939 4134 supervestiri,

234 4160 295 4208 ut
340 4153 698 4209 absorbeatur
737 4155 876 4225 quod
907 4155 1139 4209 mortale
1189 4157 1265 4208 est
1297 4172 1329 4208 a
1369 4156 1482 4208 vita
1515 4155 1585 4222 (ll
1616 4155 1736 4208 Cor.
1773 4170 1830 4220 v,
1863 4153 1937 4224 4).

236 4242 386 4312 [νει.
420 4243 622 4313 XXV1.]
663 4244 860 4298 Sancti
920 4245 1101 4314 igitur
1146 4243 1249 4298 viri
1290 4244 1485 4298 videre
1527 4259 1726 4297 verum
1773 4259 1941 4298 mane

235 4335 541 4401 appetunt,
576 4337 652 4398 et,
686 4333 731 4386 si
767 4335 1127 4399 concedatur,
1153 4333 1330 4388 etiam
1369 4349 1502 4389 cum
1531 4349 1765 4405 corpore
1796 4333 1938 4388 illud

2060 1763 2232 1816 Ortus
2263 1777 2395 1816 vero
2441 1776 2660 1816 aurorae
2702 1763 2792 1814 est
2822 1757 2921 1813 illa
2951 1775 3099 1814 nova
3149 1757 3415 1814 nativitas
3466 1774 3762 1814 resurrec-

2057 1850 2252 1916 tionis,
2309 1866 2424 1920 qua
2473 1854 2675 1905 sancta
2726 1847 2979 1903 Ecclesia
3027 1847 3196 1903 etiam
3243 1863 3414 1904 carne
3477 1847 3762 1903 suscitata

2057 1943 2238 1997 oritur
2259 1942 2327 1995 ad
2352 1939 2868 2011 contemplandum
2899 1939 3093 1993 lumen
3117 1937 3480 1993 teternitatis.
3513 1937 3574 1992 Si
3605 1939 3764 1992 enim

2057 2032 2188 2103 ipsa
2218 2031 2411 2086 carnis
2443 2038 2651 2085 nostras
2684 2033 3026 2084 resurrectio
3059 2029 3230 2099 quasi
3263 2029 3527 2099 quaedam
3561 2027 3767 2082 nativi-

2057 2127 2145 2177 tas
2178 2138 2292 2176 non
2324 2125 2493 2189 esset,
2528 2121 2599 2174 de
2629 2136 2696 2174 ea
2716 2118 2943 2174 Veritas
2976 2135 3089 2173 non
3131 2117 3374 2174 dixisset
3401 2134 3412 2172 :
3438 2119 3501 2173 In
3532 2134 3766 2186 regene-

2059 2213 2291 2274 ratione,
2342 2225 2467 2264 cum
2515 2208 2709 2264 sederit
2742 2209 2908 2262 Filius
2939 2207 3170 2262 hominis
3217 2209 3274 2261 in
3304 2206 3429 2262 sede
3465 2207 3765 2271 maiestatis

2055 2316 2172 2358 sum
2226 2299 2435 2369 (Matth.
2494 2315 2609 2368 xix,
2641 2299 2746 2364 28;
2775 2299 2907 2352 Luc.
2946 2314 3084 2363 xxxi,
3117 2297 3227 2367 69).
3280 2296 3419 2352 Esse
3450 2312 3585 2368 ergo
3616 2296 3770 2351 hanc

2057 2397 2248 2447 ortum
2297 2390 2460 2456 vidit,
2520 2406 2696 2461 quam
2759 2389 3258 2460 regenerationem
3311 2388 3459 2444 I28
3518 2388 3769 2444 vocavit.

2058 2482 2165 2537 Sed
2199 2479 2559 2551 quantalibet
2606 2480 2819 2534 virtute
2864 2477 3031 2533 electi
3079 2494 3234 2533 nunc
3265 2477 3541 2549 fulgeant,
3588 2493 3768 2548 pene-

2056 2577 2210 2628 trare
2241 2577 2558 2642 nequeunt,
2589 2587 2716 2640 qua
2748 2570 2856 2624 erit
2887 2569 2987 2624 illa
3017 2585 3176 2624 novaa
3210 2568 3530 2624 nativitatis
3561 2569 3770 2641 gloria,

2055 2679 2168 2733 qua
2197 2668 2337 2718 tunc
2381 2677 2512 2716 cum
2552 2677 2724 2716 carne
2755 2659 2824 2714 ad
2873 2659 3393 2730 contemplandum
3427 2659 3772 2714 aeternitatis

2053 2753 2252 2808 lumen
2304 2754 2647 2806 ascendunt.
2699 2748 2859 2804 Unde
2889 2753 2945 2802 et
2995 2747 3204 2802 Paulus
3247 2749 3325 2802 ait
3353 2747 3538 2812 :Quod
3582 2748 3772 2803 oculus

2050 2859 2159 2898 non
2193 2842 2346 2906 vidit,
2376 2856 2474 2895 nec
2493 2842 2645 2894 auris
2664 2836 2897 2902 audivit,
2930 2851 3027 2892 nec
3047 2839 3105 2890 in
3125 2853 3218 2892 cor
3239 2837 3474 2892 hominis
3502 2836 3769 2909 ascendit,

2051 2951 2167 3006 qua:
2213 2933 2550 3004 praeparavit
2600 2931 2738 2984 Deus
2786 2927 3148 2999 diligentibus
3205 2945 3262 2983 se
3308 2929 3357 2998 (1
3385 2929 3506 2983 Cor.
3567 2945 3628 2996 ιι,
3686 2931 3768 3002 9).

1969 3047 2013 3115 C
2046 3023 2209 3077 Dicat
2253 3036 2389 3092 ergo
2424 3039 2436 3076 :
2463 3021 2742 3090 Exspectet
2766 3018 2959 3086 lucem,
3001 3023 3054 3072 et
3083 3033 3193 3074 non
3224 3017 3422 3115 videat,
3454 3033 3552 3073 nec
3588 3028 3770 3075 ortum

2048 3110 2318 3183 surgentis
2372 3125 2590 3165 aurora
2613 3126 2631 3163 :
2663 3109 2798 3180 quia
2859 3112 3181 3180 spontaneo
3249 3107 3390 3163 vitio
3468 3109 3772 3164 tenebrat:

2051 3208 2251 3258 nostra
2282 3200 2614 3266 inﬁrmitas,
2649 3199 2761 3254 nisi
2812 3198 2971 3268 prius
3021 3213 3122 3268 per
3155 3201 3399 3253 mortem
3435 3213 3612 3269 pense
3647 3215 3767 3253 sua

2050 3292 2310 3349 debitum
2355 3291 2559 3356 solvat,
2593 3288 2916 3345 claritatem
2965 3287 3113 3343 lucis
3159 3285 3400 3344 interna:
3433 3304 3545 3345 non
3591 3303 3767 3358 pene-

2052 3384 2190 3437 trat.
2222 3381 2536 3451 Sequitur:

2465 3488 2697 3545 CAPUT
2734 3488 2919 3544 XXVI
2949 3488 3097 3558 [Rea
3125 3488 3353 3559 XXIV].

2125 3603 2402 3660 Vens.10.
2454 3631 2522 3642 -—-
2573 3601 2713 3668 Quia
2775 3615 2882 3655 non
2931 3598 3198 3655 conclusit
3236 3600 3377 3654 ostia
3417 3595 3630 3654 ventris
3672 3597 3772 3670 qui

2050 3693 2290 3766 portavit
2320 3707 2424 3758 me,
2452 3706 2550 3746 nec
2575 3690 2802 3746 abstulit
2830 3689 2979 3743 mala
3012 3689 3078 3743 ab
3110 3689 3280 3745 oculis
3318 3689 3475 3744 meis.

2123 3800 2210 3854 47.
2264 3795 2733 3867 Οοηειιρίεεεηίίέε
2784 3797 2918 3850 ostia
2962 3810 3252 3850 consensus
3304 3802 3491 3850 noster
3525 3796 3766 3866 aperuit,

2050 3893 2204 3946 unde
2222 3895 2515 3946 innumera
2537 3889 2704 3942 mala.
2738 3887 2980 3942 —Sicut
3019 3891 3074 3941 et
3104 3885 3370 3957 superius
3402 3885 3620 3941 dictum
3652 3891 3761 3952 est,

2051 3997 2156 4036 non
2188 3977 2475 4044 conclusit,
2502 3977 2642 4033 dicit
2674 3977 2903 4046 aperuit
2927 3992 2940 4041 ;
2962 3983 3014 4030 et
3045 3991 3154 4031 non
3185 3974 3433 4042 abstulit,
3468 3973 3755 4044 irrogavit.

2050 4069 2182 4125 Haec
2204 4071 2398 4139 itaque
2422 4084 2553 4131 nox,
2586 4066 2854 4121 videlicet
2878 4066 3070 4136 culpa,
3091 4065 3238 4120 ostia
3268 4064 3482 4120 ventris
3509 4062 3760 4135 aperuit,

2051 4161 2184 4230 quia
2199 4163 2476 4228 concepto
2499 4157 2568 4211 ad
2594 4159 2890 4225 peccatum
2912 4153 3132 4209 homini
3158 4153 3444 4209 desideria
3457 4152 3769 4223 concupis-

2049 4250 2249 4306 centies
2288 4249 2579 4304 reseravit.
2625 4246 2786 4301 Ostia
2819 4245 3032 4317 quippe
3064 4246 3279 4302 ventris
3311 4250 3451 4300 sunt
3475 4245 3766 4300 desideria

2049 4340 2563 4412 concupiscentia,
2587 4337 2663 4408 (d)
2689 4338 2758 4393 de
2784 4337 3001 4408 quibus
3027 4353 3124 4408 per
3142 4335 3483 4408 prophetam
3511 4335 3761 4390 dicitur:

236 4418 521 4488 attingere
548 4419 693 4472 lucis
726 4420 941 4475 intimae
974 4426 1262 4477 secretum
1295 4423 1513 4478 volunt.
1555 4423 1662 4477 Sed
1696 4427 1942 4493 quanto-
1977 4426 2022 4492 D
2055 4432 2209 4487 Intra
2239 4432 2295 4482 in.
2319 4427 2568 4484 cubicula
2598 4434 2714 4493 tua,
2747 4425 2940 4481 claude
2976 4428 3116 4480 ostia
3148 4431 3250 4480 tua
3289 4426 3440 4496 (Isai,
3463 4441 3618 4492 XXVI,
3651 4425 3768 4496 20).

239 4506 380 4562 libet
402 4508 603 4562 ardore
633 4506 973 4566 intentionis
1009 4511 1300 4578 exsiliant,
1336 4511 1527 4567 adhuc
1561 4513 1804 4584 antiqua
1835 4528 1946 4568 nox

242 4604 460 4668 gravat,
509 4602 565 4652 et
613 4599 1007 4671 corruptibilis
1052 4599 1228 4670 hujus
1281 4603 1475 4657 carnis
1528 4603 1747 4669 oculos,
1798 4618 1946 4673 quos

241 4686 430 4742 hostis
477 4686 724 4742 callidus
773 4689 840 4743 ad
892 4691 1420 4760 concupiscentiam
1475 4693 1720 4762 aperuit,
1774 4693 1947 4762 iudex

236 4776 436 4846 justus
469 4794 500 4832 a
531 4777 787 4833 contuitu
816 4778 1026 4834 interni
1053 4779 1142 4833 sui
1177 4779 1418 4850 fulgoris
1451 4781 1675 4851 premit.
1709 4779 1873 4838 Unde
1895 4788 1948 4838 et

243 4865 391 4924 bene
423 4867 735 4924 subditur:

314 5225 478 5304 (QII;
503 5225 795 5304 Editis,_ut
821 5229 1000 5304 omnis
1039 5230 1196 5304 homo
1235 5225 1946 5304 inhujusgexpunximus

243 5297 423 5352 omnis
455 5297 633 5365 homo,
668 5302 734 5354 ad
769 5302 940 5356 ﬁdem
976 5301 1232 5356 omnium
1269 5297 1434 5367 Mssi,
1486 5301 1691 5369 hisque
1722 5299 1948 5367 rejectis

245 5371 466 5491 intfegtre
532 5378 858 5437 perseverat
917 5389 1164 5437 sensus;
1216 5381 1269 5426 et
1307 5389 1526 5443 pressus
1588 5372 1656 5426 ad
1709 5369 1942 5425 oculum

245 5458 303 5491 re
334 5456 395 5491 ΘΓ
427 5455 512 5491 UP.

244 5455 512 5495 PBICI‘IUP.

314 5511 392 5581 (li)
423 5509 804 5585 Pvneomnes
837 5513 1000 5580 Mss.,
1041 5519 1136 5585 qui
1166 5532 1374 5573 sumus.
1409 5516 1576 5570 Corb.
1612 5515 1804 5570 Germ.
1847 5513 1945 5568 ba-

245 5587 360 5643 bet.
405 5582 649 5651 quandiu
677 5599 887 5638 sumus.

318 5657 387 5725 (c)
430 5653 572 5733 llaec
597 5653 791 5718 verba,
843 5661 993 5733 ortus
1041 5663 1361 5733 vero,r_ctc..,
1396 5674 1596 5733 usque,
1623 5661 1765 5728 quod
1795 5674 1941 5733 nun-

246 5723 416 5798 quam
448 5723 665 5792 ﬁnitur,
692 5740 820 5794 quas
842 5725 994 5779 intra
1016 5727 1409 5795 paronthesim
1434 5723 1798 5797 inclusi-mus,
1832 5731 1939 5784 de-

2054 4519 2327 4578 Cubicula
2389 4518 2605 4591 quippe
2663 4517 3040 4589 ingredimur,
3084 4532 3218 4571 cum
3282 4520 3500 4571 secreta
3549 4520 3771 4571 nostra

2058 4611 2270 4666 mentis
2300 4610 2607 4664 intramus.
2640 4607 2796 4663 Ostia
2829 4614 3020 4661 autem
3060 4605 3409 4672 claudimus,
3444 4621 3581 4661 cum
3612 4605 3772 4662 desi-

2058 4699 2217 4755 deria
2255 4698 2454 4754 illicita
2487 4713 2840 4754 coercemus.
2887 4696 3015 4751 Haec
3047 4696 3244 4767 itaque
3275 4696 3766 4766 concupiscentiae

2057 4789 2309 4845 carnalis
2338 4789 2505 4856 ostia,
2539 4788 2680 4842 dum
2713 4801 3026 4842 consensus
3059 4790 3255 4841 noster
3292 4785 3541 4857 aperuit,
3581 4785 3650 4840 ad
3673 4783 3766 4840 in-

2057 4897 2294 4938 numera
2325 4896 2430 4936 nos
2453 4877 2604 4934 mala
2637 4877 3024 4949 corruptionis
3058 4875 3352 4948 pertraxit.
3386 4875 3767 4946 Uude(e)jam

2057 4989 2214 5028 nunc
2241 4971 2348 5026 sub
2371 4967 2742 5026 mortalitatis
2772 4966 3023 5038 pondere
3053 4966 3366 5038 gemimus,
3400 4964 3663 5037 quamvis
3694 4966 3769 5023 ad

2057 5228 2198 5281 sunt
2221 5225 2277 5278 in
2307 5223 2445 5278 Mss.
2481 5226 2536 5278 et
2565 5220 2624 5276 in
2657 5221 2872 5277 omnib.
2903 5219 3087 5292 Edit.,
3124 5220 3590 5292 preterquamin
3628 5221 3774 5279 Gus-

2056 5313 2245 5361 sanv.,
2283 5297 2380 5364 qui
2419 5311 2530 5348 non
2564 5294 2782 5348 indicat
2817 5291 2913 5347 ubi
2945 5309 3011 5364 ea
3060 5291 3364 5348 invenerit.

2126 5369 2204 5439 (d)
2231 5363 2380 5421 Editi
2415 5366 2945 5439 addunt__carnalis:
2969 5363 3078 5420 hoc
3107 5366 3344 5439 verbum
3372 5365 3535 5439 abest
3564 5383 3596 5420 a
3629 5366 3771 5423 Mss.

2053 5436 2223 5496 Corb.
2277 5444 2468 5493 (ierm.
2513 5443 2570 5490 et
2601 5436 2729 5490 aliis
2772 5453 2918 5508 quos
2969 5437 3394 5492 consuluimus.
3443 5437 3502 5491 ln
3547 5441 3770 5509 Lyrauo

2055 5528 2155 5582 pro
2192 5512 2465 5582 reserauit
2488 5509 3042 5582 legiturreservavit.
3078 5509 3259 5579 Magis
3289 5509 3574 5579 discrepat
3609 5527 3639 5562 a
3667 5527 3774 5566 ces-

2052 5581 2193 5638 teris
2227 5600 2374 5636 unus
2410 5581 2672 5646 Vindoc.,
2704 5581 2760 5634 in
2796 5598 2908 5651 quo
2941 5581 3224 5635 habetur:
3249 5584 3377 5651 quia
3405 5588 3669 5649 concepta
3694 5585 3772 5638 ad

2047 5665 2330 5728 peccatum
2364 5653 2602 5728 (hominis
2648 5653 2937 5728 desideriq,
2995 5653 3428 5728 concupiscentia
3475 5658 3766 5728 reserarat.

2121 5729 2191 5799 (θ)
2222 5726 2374 5783 Editi
2395 5727 2558 5782 etiam
2587 5723 2712 5782 loco
2733 5725 2876 5796 jam.
2895 5723 2963 5780 Et
2994 5740 3128 5783 mox
3156 5724 3227 5780 ad
3257 5725 3397 5780 hanc
3411 5738 3515 5795 pro
3536 5724 3615 5782 ad
3640 5725 3769 5789 hoc.
