4134 6174
248 263 363 328 661

1171 263 1592 332 MORALIUM
1641 272 1938 334 LIB.'1V.
1989 302 2064 314 —
2108 267 2181 327 IN
2230 268 2400 328 CAP.
2449 268 2531 327 III
2576 267 2645 327 B.
2693 264 2852 326 JOB.

3652 272 3769 331 662

250 405 353 457 hoc
384 398 625 456 arbitrio
658 401 860 456 nostro
891 401 972 469 (a)
1000 401 1377 473 venerimus;
1409 406 1548 479 quia
1578 412 1635 464 et
1666 409 1873 480 judicii
1906 408 1955 465 si
1986 409 2038 476 Α
2070 404 2245 463 etiam
2291 403 2597 462 delectatio
2649 401 2863 472 rapuit.
2900 402 3031 456 Post
3073 400 3463 473 egressionem
3503 420 3635 461 vero
3679 422 3773 462 ex-

242 489 473 562 justitia
504 489 703 561 exigit,
737 496 799 543 ut
830 490 986 562 quod
1019 496 1227 562 sponte
1262 493 1528 567 fecimus,
1561 497 1723 554 inviti
1758 500 1959 557 tolere-

256 596 403 637 mus.
436 579 718 651 Sequitur
743 594 757 632 :

866 670 1098 727 CAPUT
1137 670 1355 730 XXVII.

323 760 491 815 Vens.
540 761 624 820 il.
661 759 748 813 12.
782 790 848 799 -—
891 759 1070 827 Quare
1099 777 1205 817 non
1254 765 1312 815 in
1342 764 1504 819 vulva
1527 774 1773 822 mortuus
1801 784 1921 822 sum
1939 783 1961 831 ;

246 864 490 918 egressus
509 863 580 903 ex
613 855 767 903 utero
806 864 916 903 non
952 848 1145 904 statim
1167 853 1358 916 perii?
1386 870 1487 909 cur
1509 862 1770 926 exceptus
1801 857 1961 926 geni-

258 940 350 994 bus
370 938 405 992 ?
433 954 539 994 cur
568 938 804 993 lactatus
825 938 1085 994 uberibus
1100 942 1129 993 ?

318 1028 405 1082 48.
430 1028 574 1096 Quid
619 1027 1049 1096 intelligendum
1092 1030 1152 1084 in
1206 1030 1385 1087 verbis
1427 1034 1522 1089 Job
1575 1050 1699 1090 cum
1732 1051 1788 1091 se
1816 1043 1965 1107 optat

262 1117 587 1174 abortivum.
640 1148 708 1159 —
753 1117 919 1173 Absit
970 1134 1075 1176 nos
1119 1121 1351 1177 credere
1394 1123 1543 1192 quod
1595 1124 1802 1181 beatus
1831 1124 1965 1195 Job,

260 1211 422 1265 tanta
442 1207 687 1277 spiritus
719 1207 968 1263 scientia
998 1209 1299 1279 praeditus,
1319 1214 1481 1268 tanta
1511 1213 1725 1269 interni
1751 1215 1969 1284 judicia

254 1296 625 1353 attestatione
675 1295 969 1365 laudatus,
1001 1298 1329 1354 abortivum
1365 1317 1428 1357 se
1459 1306 1617 1373 optet
1647 1304 1964 1362 interiisse.

256 1387 362 1442 Sed
394 1385 556 1456 quia,
590 1386 747 1441 sicut
775 1385 950 1442 etiam
985 1403 1087 1459 per
1107 1392 1639 1447 remunerationem
1659 1393 1970 1463 cognosci—

255 1481 367 1544 tur,
401 1476 565 1530 intus
596 1475 770 1531 habet
797 1480 1003 1531 testem
1037 1494 1155 1533 suae
1206 1479 1585 1549 fortitudinis,
1618 1481 1779 1538 intus
1823 1499 1967 1555 pen-

255 1566 444 1622 sanda
474 1573 611 1620 sunt
640 1566 769 1633 eius
805 1568 1055 1636 pondera
1090 1566 1399 1623 locutionis

333 1656 484 1726 [νει.
550 1654 744 1709 XXVII.
825 1656 942 1711 Rec.
1010 1656 1189 1727 XXV.]
1247 1658 1334 1712 49.
1378 1660 1666 1715 Peccatum
1738 1671 1971 1732 quatuor

2065 501 2271 567 ceptus
2300 499 2388 550 est
2414 493 2702 565 genibus;
2735 491 2869 562 quia
2898 506 3033 547 cum
3067 491 3136 546 ad
3170 491 3612 549 delectationem
3643 510 3772 551 car-

2067 587 2159 641 nis
2191 584 2426 656 prodiit,
2462 582 2740 637 nimirum
2775 579 3002 652 culpam
3041 597 3137 651 per
3178 583 3625 640 consensionem
3656 584 3776 655 spi-

2070 675 2241 739 ritus,
2268 672 2550 743 subjectis
2574 671 2798 726 cunctis
2830 671 3120 739 sensibus,
3147 672 3315 742 quasi
3349 672 3669 744 suppositis
3688 689 3780 744 ge-

2070 767 2245 822 nibus
2297 761 2744 821 consummavit.
2803 761 2913 816 Sed
2968 760 3212 831 genibus
3263 771 3562 835 exceptus,
3601 762 3777 818 etiam

2074 856 2353 912 uberibus
2383 860 2468 909 est
2501 853 2766 908 lactatus.
2804 851 2864 906 In
2897 867 3188 907 consensu
3222 852 3374 908 enim
3408 854 3593 925 culpis
3621 851 3781 907 addi-

2071 946 2182 1002 ctis
2206 944 2445 1015 spiritus
2470 941 2760 1009 sensibus,
2786 940 2970 995 multa
2992 958 3168 997 cassae
3192 940 3416 997 ﬁduciae
3439 945 3781 1014 argumenta

2072 1036 2390 1092 subsecuta
2412 1037 2573 1100 sunt,
2596 1049 2726 1103 quas
2751 1035 2948 1087 natam
2973 1031 3031 1086 in
3067 1036 3298 1102 peccato
3319 1033 3601 1101 animam,
3627 1030 3781 1087 viru-

2073 1124 2230 1182 lento
2261 1124 2407 1181 lacte
2438 1122 2790 1191 nutrierunt,
2823 1124 2878 1177 et
2908 1137 2980 1176 ne
3012 1137 3220 1193 aspera
3255 1121 3460 1178 mortis
3492 1120 3786 1193 supplicia

2075 1220 2379 1287 metueret,
2405 1215 2551 1269 hanc
2578 1213 2806 1269 blandis
2825 1213 3303 1269 excusationibus
3323 1213 3605 1269 foverunt.
3639 1212 3780 1283 [Vet.

2075 1306 2335 1377 XXVIII.]
2361 1305 2524 1359 Unde
2554 1308 2609 1358 et
2641 1302 2865 1373 primus
2890 1302 3064 1357 homo
3097 1306 3225 1373 post
3253 1300 3483 1371 culpam
3509 1302 3785 1357 audacior

2077 1396 2311 1458 exstitit,
2338 1395 2538 1449 dicens
2563 1409 2576 1447 :
2613 1391 2841 1457 Mulier,
2867 1409 3030 1463 quam
3060 1390 3419 1447 dedistimihi
3450 1391 3525 1462 (b)
3554 1390 3783 1459 sociam,

2076 1488 2193 1557 ipsa
2240 1484 2390 1539 dedit
2442 1481 2584 1538 mihi
2620 1482 2685 1537 de
2738 1482 2908 1550 ligno,
2949 1489 2999 1537 et
3044 1482 3251 1537 comedi
3297 1481 3502 1551 (Cenes.
3537 1496 3618 1544 111,
3670 1480 3783 1552 12).

2079 1574 2185 1640 Qui
2218 1574 2452 1644 quidem
2505 1588 2607 1643 per
2645 1571 2911 1628 timorem
2961 1570 3339 1642 semetipsum
3389 1570 3786 1627 absconsurus

2080 1665 2335 1732 ingerat;
2399 1661 2500 1717 sed
2559 1666 2752 1716 tamen
2808 1659 3127 1730 requisitus
3195 1660 3451 1716 innotuit
3499 1664 3783 1730 quantum

261 1744 439 1801 modis
467 1760 559 1801 seu
594 1745 867 1817 gradibus
905 1745 966 1801 in
995 1746 1172 1817 corde,
1205 1764 1271 1802 ac
1290 1749 1516 1805 totidem
1554 1753 1606 1805 in
1653 1767 1815 1822 opere
1842 1767 1968 1823 per-
2001 1783 2049 1849 Β
2080 1751 2257 1809 etiam
2282 1753 2492 1807 timens
2517 1750 2791 1805 tumebat.
2817 1749 2960 1804 Cum
2990 1749 3147 1804 enim
3169 1766 3235 1805 ex
3269 1756 3497 1821 peccato
3531 1763 3786 1820 praesens

260 1837 469 1906 ﬁcitur.
499 1865 565 1876 —
604 1837 862 1899 Quatuor
910 1835 1127 1907 quippe
1177 1837 1365 1893 modis
1416 1843 1717 1909 peccatum
1766 1856 1967 1911 perpe-

262 1929 454 1980 tratur
484 1924 546 1980 in
589 1926 779 1989 corde,
812 1930 1063 1997 quatuor
1110 1932 1556 1983 consummatur
1584 1929 1643 1984 in
1686 1945 1878 2000 opere.
1908 1930 1973 1985 In

259 2013 439 2070 corde
462 2029 710 2085 namque
736 2014 1132 2085 suggestione,
1158 2015 1560 2084 delectatione,
1584 2033 1892 2084 consensu,
1918 2023 1975 2073 et

257 2103 623 2159 defensionis
655 2102 899 2159 audacia
931 2108 1315 2175 perpetratur.
1352 2106 1441 2161 Fit
1480 2106 1638 2162 enim
1673 2107 1972 2178 suggestio

257 2211 361 2267 per
411 2193 835 2261 adversarium,
868 2193 1171 2251 delectatio
1212 2212 1313 2266 per
1358 2211 1616 2267 carnem,
1651 2214 1972 2253 consensus

255 2301 355 2356 per
414 2283 714 2356 spiritum,
759 2283 1115 2339 defensionis
1165 2286 1409 2341 audacia
1478 2303 1579 2357 per
1636 2287 1970 2342 elationem.

254 2373 438 2445 Culpa
467 2375 648 2441 enim,
682 2390 808 2443 quae
838 2376 1050 2428 terrere
1101 2381 1352 2430 mentem
1386 2375 1613 2435 debuit,
1638 2375 1883 2442 extollit,
1917 2378 1973 2430 et

254 2463 585 2533 dejiciendo
633 2462 835 2529 elevat,
867 2463 967 2518 sed
1008 2464 1240 2534 gravius
1288 2464 1562 2519 elevando
1606 2467 1968 2536 supplantat.

256 2552 427 2609 Unde
453 2562 507 2609 et
536 2551 696 2607 illam
731 2551 902 2623 primi
949 2552 1204 2609 hominis
1236 2553 1643 2610 rectitudinem
1695 2556 1971 2625 antiquus

253 2643 453 2699 hostis
474 2643 566 2699 his
595 2642 1083 2713 quatuorictibus
1114 2642 1301 2715 fregit.
1328 2643 1471 2699 Nam
1496 2660 1737 2715 serpens
1759 2648 1969 2714 suasit,

257 2734 377 2789 Eva
408 2732 685 2788 delectata
714 2738 823 2797 est,
854 2732 1039 2787 Adam
1072 2733 1409 2799 consensit;
1444 2733 1542 2803 qui
1576 2733 1745 2788 etiam
1783 2732 1972 2803 requi-

250 2824 432 2889 situs,
453 2821 716 2877 confiteri
747 2822 978 2891 culpam
1004 2838 1104 2892 per
1134 2823 1437 2877 audaciam
1467 2822 1668 2877 uoluit.
1696 2827 1811 2877 Hoc
1837 2837 1970 2878 vero

248 2915 305 2970 in
342 2914 608 2968 humano
657 2927 868 2981 genere
916 2912 1176 2983 quotidie
1227 2913 1443 2983 agitur,
1475 2914 1628 2982 quod
1679 2922 1871 2968 actum
1906 2912 1967 2968 in

254 3005 451 3076 primo
482 3007 725 3073 parente
759 3002 938 3057 nostri
961 3003 1191 3074 generis
1214 3019 1327 3057 non
1369 2998 1695 3073 ignoratur.
1719 3002 1969 3072 Serpens

254 3093 490 3160 suasit;
524 3092 662 3163 quia
692 3092 958 3148 occultus
982 3091 1159 3147 hostis
1191 3091 1345 3147 mala
1365 3093 1636 3148 cordibus
1658 3091 1964 3147 hominum

2079 1859 2250 1914 poena
2282 1839 2658 1909 metuitur,et
2686 1838 2901 1893 amissa
2937 1838 3031 1893 Dei
3064 1838 3239 1893 facies
3272 1854 3386 1893 non
3419 1843 3685 1903 amatur;
3721 1837 3789 1893 ti-

2078 1949 2207 1988 mor
2237 1935 2558 1987 extumere
2579 1934 2682 1997 est,
2711 1945 2823 1984 non
2848 1945 2915 1983 ex
2944 1926 3297 1983 humilitate.
3324 1927 3592 1999 Superbit
3625 1926 3791 1999 quip-

2070 2014 2169 2095 ‘pe,
2205 2022 2306 2092 qui
2345 2024 2666 2092 peccatum,
2699 2019 2749 2074 si
2794 2018 2966 2075 liceat
2997 2034 3111 2073 non
3145 2017 3364 2089 puniri,
3398 2034 3514 2074 non
3547 2017 3788 2073 deserit.

2146 2112 2237 2168 51.
2276 2111 2532 2182 Deplorat
2572 2126 2636 2165 ac
2690 2108 3013 2178 deprecatur
3064 2111 3299 2178 quatuor
3354 2107 3540 2163 modos
3594 2107 3790 2178 quibus

2077 2201 2323 2256 homines
2338 2205 2565 2271 peccant
2596 2200 2653 2252 in
2685 2212 2864 2268 opere.
2886 2227 2949 2237 —
2983 2196 3092 2252 Sed
3114 2196 3227 2262 his,
3252 2195 3402 2251 sicut
3427 2196 3647 2251 dictum
3682 2201 3787 2264 est,

2078 2294 2334 2362 quatuor
2379 2287 2570 2343 modis
2617 2287 2811 2358 culpa,
2847 2285 3000 2341 utin
3048 2285 3220 2340 corde
3259 2284 3470 2356 agitur,
3504 2284 3678 2339 etiam
3727 2283 3787 2340 in

2078 2396 2249 2452 opere
2308 2381 2689 2449 perpetratur.
2724 2376 2818 2431 Ait
2873 2375 3066 2431 enim:
3103 2375 3282 2442 Quare
3336 2390 3452 2428 non
3504 2373 3566 2429 in
3622 2374 3787 2431 vulva

2075 2476 2329 2525 mortuus
2372 2485 2493 2524 sum
2516 2471 2543 2521 ?
2573 2468 2752 2524 Vulva
2797 2465 3014 2539 quippe
3047 2465 3365 2536 peccantis,
3397 2468 3486 2520 est
3531 2463 3788 2521 hominis

2080 2561 2254 2630 culpa
2304 2561 2510 2622 latens,
2559 2574 2685 2629 quae
2740 2553 2962 2611 occulte
3007 2560 3367 2626 peccatorem
3419 2553 3691 2625 concipit,
3733 2560 3791 2609 et

2079 2652 2296 2704 reatum
2356 2662 2525 2701 suum
2585 2644 2775 2699 adhuc
2807 2643 2864 2697 in
2922 2642 3178 2697 tenebris
3226 2641 3552 2697 abscondit.
3586 2642 3790 2713 Egres-

2074 2754 2167 2793 sus
2196 2754 2270 2792 es:
2316 2742 2473 2792 utero
2530 2752 2640 2791 non
2699 2736 2885 2789 statim
2939 2734 3211 2805 perii?A
3268 2732 3437 2787 vulva
3494 2731 3565 2787 de
3624 2736 3787 2792 utero

2076 2829 2287 2896 exitur,
2320 2836 2454 2882 eum
2480 2829 2746 2897 peccator
2763 2840 2889 2895 quae
2911 2826 2969 2878 in
3002 2821 3227 2879 occulto
3257 2822 3639 2886 commiserit,
3666 2822 3786 2876 haec

2084 2918 2259 2973 etiam
2301 2917 2357 2971 in
2409 2921 2609 2988 aperto
2658 2914 3024 2971 committere
3076 2930 3191 2967 non
3241 2912 3548 2969 erubescit.
3609 2911 3785 2977 Quasi

2075 3009 2224 3064 enim
2236 3008 2307 3063 ab
2322 3005 2808 3063 occultationibus
2822 3022 2939 3059 suae
2952 3002 3124 3058 vulva
3139 3007 3555 3072 processerant,
3577 3003 3647 3057 de
3661 3003 3788 3073 qui-

2083 3096 2188 3152 bus
2222 3095 2510 3167 Propheta
2559 3093 2824 3149 dicebat:
2858 3094 2926 3148 Et
2967 3099 3249 3163 peccatum
3295 3108 3455 3147 suum
3487 3094 3649 3163 quasi
3685 3091 3785 3147 So-

254 3157 513 3239 latente'r
542 3157 837 3253 suggerit.
882 3181 995 3236 Eva
1038 3180 1317 3236 delectata
1360 3186 1486 3249 est;
1538 3182 1669 3252 quia
1717 3181 1969 3236 carnalis
1999 3157 2049 3222 δ
2077 3188 2244 3244 doma
2300 3157 2762 3252 praedicaverunt,
2794 3201 2893 3239 nec
2948 3157 3347 3239 absronderunt
3403 3157 3557 3255 (lsui.
3593 3183 3778 3254 111,9).

249 3291 484 3341 sensus,
519 3273 592 3329 ad
624 3273 798 3328 verba
846 3271 1131 3342 serpentis
1163 3288 1295 3328 mox
1320 3289 1382 3327 se
1426 3271 1792 3328 delectationi
1826 3272 1972 3327 sub-

257 3363 498 3421 sternit.
549 3364 868 3417 Assensum
923 3376 1057 3417 vero
1107 3362 1290 3415 Adam
1339 3361 1569 3416 mulieri
1623 3363 1970 3434 praepositus

249 3455 550 3527 praebuit;
584 3452 727 3525 quia
772 3453 914 3507 dum
954 3468 1087 3507 caro
1138 3452 1196 3506 in
1230 3450 1676 3506 delectationem
1715 3452 1966 3521 rapitur,

257 3546 441 3599 etiam
465 3561 499 3598 a
520 3558 625 3598 sua
646 3541 991 3597 rectitudine
1012 3540 1256 3612 spiritus
1276 3541 1611 3596 infirmatus
1632 3540 1972 3595 inclinatur.

254 3633 322 3689 Et
354 3632 683 3703 requisitus
712 3631 896 3686 Adam
929 3630 1193 3685 conﬁteri
1226 3628 1412 3685 noluit
1443 3628 1704 3701 culpam,
1726 3632 1863 3699 quia
1895 3628 1978 3683 vi-

254 3723 476 3778 delicet
504 3720 765 3790 spiritus,
792 3736 907 3792 quo
940 3719 1229 3790 peccando
1260 3736 1293 3775 a
1322 3719 1563 3774 veritate
1591 3717 1974 3789 disjungitur,

259 3830 323 3869 eo
359 3816 424 3869 in
460 3813 641 3868 ruinae
672 3828 789 3867 sum
821 3810 1063 3867 audacia
1098 3810 1352 3881 nequius
1382 3810 1723 3865 obduratur.
1752 3808 1976 3865 Eisdem

258 3905 441 3960 etiam
459 3913 710 3974 quatuor
729 3902 915 3958 modis
931 3906 1227 3972 peccatum
1247 3904 1695 3957 consummatur
1711 3900 1766 3954 in
1783 3915 1974 3971 opere.

257 3995 432 4051 Prius
457 4008 713 4064 namque
738 3992 926 4047 latens
950 3990 1123 4061 culpa
1163 3990 1393 4062 agitur;
1430 3992 1806 4060 postmodum
1843 4005 1976 4046 vero

255 4087 440 4141 etiam
488 4091 622 4138 ante
668 4080 870 4137 oculos
928 4080 1224 4135 hominum
1272 4081 1395 4135 sine
1426 4077 1590 4134 124
1635 4078 1979 4134 confusione

255 4180 461 4232 reatus
484 4173 776 4245 aperitur;
811 4170 1023 4226 dehinc
1045 4174 1103 4226 et
1121 4171 1176 4224 in
1200 4170 1684 4226 consuetudinem
1706 4169 1977 4237 ducitur;

261 4267 332 4321 ad
381 4268 712 4320 extremum
750 4276 989 4333 quoque
1017 4260 1106 4316 vel
1154 4260 1313 4315 falsae
1344 4259 1468 4331 spei
1513 4259 1978 4324 seductionibus,

261 4353 350 4409 vel
384 4351 785 4408 obstinatione
815 4351 1040 4405 miseras
1070 4348 1493 4419 desperationis
1522 4348 1833 4405 enutritur.

332 4445 434 4500 50.
466 4443 560 4499 Job
592 4442 845 4514 deplorat
873 4440 972 4495 hos
1011 4449 1246 4511 quatuor
1278 4438 1335 4493 in
1375 4439 1535 4495 corde
1563 4437 1834 4509 peccandi
1862 4454 1981 4492 mo-

2081 3276 2260 3345 Quare
2282 3285 2535 3342 exceptus
2557 3274 2787 3343 genibus
2803 3275 2831 3326 ?
2851 3274 2996 3337 Quia
3020 3272 3296 3328 nimirum
3330 3281 3619 3343 peccator,
3645 3288 3781 3327 cum

2071 3368 2195 3438 jam
2230 3368 2301 3423 de
2331 3365 2640 3437 iniquitate
2672 3382 2780 3420 sua
2811 3380 2923 3419 non
2958 3363 3357 3429 confunditur,
3389 3362 3448 3417 in
3482 3362 3788 3434 iniquitate

2080 3460 2282 3512 eadem
2307 3457 2480 3511 etiam
2516 3454 2893 3509 adminiculis
2926 3453 3191 3525 pessime:
3216 3453 3657 3508 consuetudinis
3690 3468 3790 3507 ro-

2081 3547 2342 3602 boratur.
2389 3544 2563 3610 Quasi
2605 3543 2853 3615 genibus
2894 3548 3164 3613 peccator
3202 3542 3425 3598 fovetur
3457 3548 3519 3597 ut
3547 3545 3788 3609 crescat,

2082 3635 2222 3690 dum
2257 3634 2430 3705 culpa
2464 3632 2988 3688 consuetudinibus
3023 3633 3289 3686 ﬁrmatur
3328 3637 3394 3687 ut
3440 3632 3645 3701 vigeat.
3680 3629 3790 3685 Cur

2084 3726 2317 3781 laetatus
2348 3723 2603 3779 uberibus
2625 3726 2653 3777 ?
2682 3722 2827 3789 Quia
2857 3724 2993 3776 dum
3039 3720 3271 3793 prodire
3302 3721 3474 3793 culpa
3502 3721 3562 3777 in
3615 3736 3787 3776 usum

2084 3815 2341 3885 coeperit,
2375 3814 2657 3868 nimirum
2698 3828 2757 3867 se
2787 3811 2877 3866 vel
2912 3812 3055 3865 falsa
3085 3826 3187 3880 spe
3218 3810 3425 3865 divinas
3458 3809 3787 3866 misericor-

2084 3905 2211 3971 diae,
2242 3902 2329 3958 vel
2361 3911 2561 3972 aperta
2610 3901 2849 3955 miseria
2896 3898 3320 3968 desperationis
3369 3898 3595 3968 pascit;
3629 3900 3693 3950 ut
3721 3912 3788 3951 eo

2085 4008 2456 4065 nequaquam
2488 3990 2561 4046 ad
2580 3989 3003 4059 correptionem
3028 3991 3373 4058 redeat,quo
3403 3987 3491 4041 vel
3512 3987 3785 4041 factorem

2084 4100 2261 4141 suum
2290 4082 2453 4155 pium
2486 4081 2599 4137 sibi
2624 4078 2953 4135 inordinate
2985 4078 3249 4142 simulat,
3272 4075 3359 4132 vel
3389 4074 3500 4132 hoc
3522 4075 3676 4147 quod
3712 4074 3792 4129 fe-

2084 4174 2184 4242 cit,
2228 4174 2555 4228 inordinate
2606 4168 2898 4226 formidat.
2933 4173 3141 4223 Beatus
3191 4166 3374 4239 igitur
3421 4165 3503 4219 vir
3548 4164 3793 4220 humani

2087 4261 2317 4336 generis
2346 4262 2547 4332 lapsus
2570 4259 2833 4331 aspiciat,
2858 4261 2915 4314 et
2936 4257 3149 4329 quibus
3179 4253 3512 4327 praecipitiis
3536 4268 3792 4310 mersum

2087 4353 2163 4409 sit
2194 4353 2251 4407 in
2278 4353 2499 4407 foveam
2536 4350 2864 4420 iniquitatis
2895 4347 3174 4413 intendat,
3200 4346 3438 4401 dicens:
3477 4345 3654 4413 Quare
3683 4359 3795 4399 non

2086 4442 2147 4497 in
2176 4443 2336 4497 vulva
2365 4449 2610 4496 mortuus
2640 4455 2760 4494 sum
2786 4441 2813 4492 7
2842 4438 2897 4492 id
2930 4441 3037 4504 est,
3077 4437 3135 4492 in
3168 4436 3297 4508 ipsa
3328 4435 3554 4490 occulta
3584 4448 3791 4506 perpe-

263 4532 380 4589 ἀθε-
417 4563 485 4575 ·-
515 4531 632 4588 ΗΘΒ
678 4532 875 4603 itaque
908 4530 1128 4602 ρεοοαιί
1178 4530 1401 4593 ωοάοεν
1432 4528 1531 4599 qui
1563 4528 1652 4584 V81
1701 4528 1760 4583 ἱῐι
1802 4527 1973 4584 corde
2004 4531 2056 4594 D
2092 4532 2340 4588 tratioue
2394 4529 2638 4602 peccati,
2670 4545 2773 4583 cur
2814 4545 2847 4583 a
2896 4526 3083 4583 carnis
3134 4528 3251 4581 vita
3305 4524 3658 4580 mortiﬁcare
3705 4539 3796 4579 me

265 4623 525 4679 latenter
573 4623 742 4688 ﬁunt,
776 4622 860 4676 vel
915 4625 1179 4690 patenter
1221 4620 1280 4673 in
1331 4634 1502 4688 opere
1548 4623 1972 4688 perpetrantur,

2087 4622 2243 4678 nolui
2261 4621 2288 4675 ?
2317 4621 2572 4690 Egressus
2589 4635 2657 4673 ea:
2678 4624 2834 4674 utero
2869 4634 2976 4673 non
2998 4617 3184 4672 statim
3211 4614 3403 4687 perii?
3425 4614 3482 4668 id
3507 4619 3616 4681 est,
3642 4618 3797 4685 post-

206 4734 211 4737 ·
264 4713 480 4769 beatus
517 4711 627 4767 Job
674 4711 1027 4777 considerat,
1058 4714 1115 4763 et
1162 4708 1488 4763 humanum
1521 4723 1706 4779 genus
1748 4708 1803 4760 in
1840 4708 1983 4777 quot
2090 4728 2262 4783 quam
2323 4711 2396 4766 ad
2453 4715 2710 4781 apertam
2766 4708 2914 4766 I25
2953 4708 3311 4780 iniquitatem
3370 4706 3502 4773 exii,
3544 4722 3646 4761 cur
3704 4718 3796 4758 me

267 4809 647 4875 peccatorum
697 4800 977 4872 gradibus
1008 4798 1080 4854 sit
1124 4797 1381 4868 lapsum,
1411 4797 1693 4868 deplorat,
1739 4795 1980 4851 dicens:

271 4894 461 4962 Quare
476 4907 587 4947 non
604 4894 663 4947 in
692 4893 855 4947 vulva
870 4893 1116 4945 mortuus
1140 4904 1260 4943 sum
1282 4904 1302 4949 ,'
1333 4903 1579 4957 egressus
1598 4903 1668 4943 ex
1694 4895 1845 4943 utero
1874 4902 1982 4941 non

268 4984 475 5039 statim
502 4982 697 5052 perii?
725 4997 824 5036 cur
852 4988 1106 5051 exceptus
1135 4978 1360 5047 genibus
1382 4980 1409 5033 γ
1433 4993 1533 5033 cur
1556 4978 1784 5032 laetatus
1806 4973 1987 5031 uberi-

272 5074 375 5129 bus
395 5075 426 5129 Ρ
455 5073 652 5128 Prima
676 5072 831 5128 enim
864 5072 1036 5125 vulva
1065 5068 1480 5140 conceptionis,
1507 5069 1609 5123 fuit
1638 5066 1834 5136 lingua
1867 5081 1985 5120 ma-

2089 4808 2230 4860 tunc
2261 4800 2465 4857 saltem
2499 4799 2791 4870 perditum
2827 4814 2940 4854 non
2983 4796 3219 4867 cognovi
3242 4796 3269 4850 ‘l
3298 4796 3550 4850 Perisset
3579 4792 3796 4863 quippe

2093 4891 2149 4947 in
2184 4906 2291 4946 suo
2315 4888 2564 4961 judicio,
2596 4888 2643 4943 si
2667 4903 2729 4943 se
2761 4887 3047 4957 perditum
3079 4882 3465 4955 cognovisset.
3500 4882 3676 4948 Quare
3704 4894 3799 4932 eac-

2092 4985 2272 5054 ceptus
2313 4981 2547 5053 genibus
2577 4978 2605 5034 ‘2
2632 4978 2689 5034 id
2721 4983 2829 5047 est,
2881 4977 3053 5033 etiam
3086 4978 3216 5046 post
3255 4975 3515 5042 apertam
3539 4968 3796 5042 culpam,

2096 5090 2199 5130 cur
2230 5088 2323 5127 me
2370 5072 2559 5126 adhuc
2590 5071 2647 5124 in
2680 5069 2780 5124 illa
2808 5068 2983 5122 etiam
3032 5061 3390 5119 consuetudo
3421 5060 3700 5132 suscepit,
3733 5065 3799 5116 ut

274 5162 344 5217 18
379 5160 797 5232 suggestionis.
830 5158 943 5214 39d
972 5162 1238 5229 PeccatOP
1267 5156 1325 5210 in
1357 5154 1531 5209 νυῙνΒ
1565 5159 1905 5218 mitteretur,
1938 5152 1989 5207 εί
2094 5161 2471 5218 valentiorem
2491 5160 2560 5214 ad
2598 5158 2889 5230 nequitias
2906 5155 3187 5214 redderet,
3203 5151 3570 5222 etpravisme
3592 5149 3801 5206 usibus

276 5251 635 5307 moriturum
668 5267 731 5305 se
764 5250 935 5304 homo
960 5250 1015 5303 in
1041 5251 1167 5318 ipsa
1192 5247 1564 5317 suggestione
1587 5247 1985 5315 cognosceret.

279 5341 393 5405 Qui
444 5346 637 5395 tamen
690 5355 757 5395 ex
792 5344 949 5393 utero
998 5352 1267 5408 egressus
1299 5342 1415 5402 est;
1452 5334 1548 5404 qui
1598 5343 1897 5403 postquam
1932 5330 1986 5386 in

278 5438 519 5501 peccato
560 5448 691 5487 eum
746 5446 1061 5500 suggerens
1110 5427 1305 5491 lingua
1351 5423 1634 5495 concepit,
1665 5425 1815 5479 foras
1860 5438 1992 5477 mox

365 5618 443 5691 (a)
478 5620 537 5675 In
569 5618 734 5675 Corb.
762 5621 987 5691 Germ_.,
1009 5630 1119 5669 non
1150 5610 1482 5691 veneri_mu_s.
1515 5610 1753 5691 Minime
1785 5607 1997 5691 proba—

286 5679 439 5763 tur;
456 5691 713 5763 loquitur
741 5690 899 5745 enim
931 5679 1025 5743 hic
1056 5690 1295 5763 sanctus
1317 5684 1527 5741 Doctor
1557 5683 1629 5763 de
1650 5679 1996 5750 corruptelis

287 5762 371 5820 ad
406 5754 551 5835 quas
580 5778 902 5821 consensus
934 5762 1128 5817 noster
1152 5757 1367 5814 ostium
1399 5754 1639 5825 aperuit.

2099 5252 2395 5307 sustinens
2419 5248 2671 5304 foveret?
2704 5247 2811 5301 Cur
2832 5248 3069 5299 laetatus
3097 5242 3352 5297 uberibus
3371 5248 3399 5296 Ρ
3428 5242 3479 5295 id
3511 5250 3617 5306 est,
3642 5245 3799 5311 post-

2100 5358 2273 5412 quam
2300 5341 2355 5393 in
2391 5337 2572 5407 culpae
2596 5334 3079 5390 consuetudinem
3113 5331 3267 5398 veni,
3292 5348 3403 5386 cur
3433 5347 3525 5386 me
3550 5331 3621 5385 ad
3656 5336 3804 5385 atro-

2101 5447 2311 5487 ciorem
2339 5428 2655 5499 nequitiam
2690 5427 2775 5480 vel
2806 5425 2968 5480 talea:
2989 5424 3107 5495 spei
3146 5424 3377 5485 tiducia,
3402 5424 3487 5477 vel
3527 5422 3675 5477 lacte
3701 5422 3801 5475 mi-

2176 5609 2254 5679 (b)
2287 5606 2449 5661 Hunc
2498 5604 2701 5679 locum
2739 5603 3157 5679 Mss.__Rhem.,
3189 5602 3356 5679 Gorb.
3406 5597 3806 5679 Germ.,nViu-

2105 5668 2257 5746 doc},
2274 5695 2347 5808 pa
2396 5678 2620 5735 ratione
2650 5678 2745 5735 hic
2774 5675 3051 5733 exhibent
3098 5668 3213 5747 qua
3238 5673 3357 5745 jam
3409 5688 3573 5729 num.
3605 5669 3675 5725 39
3703 5668 3808 5727 ob-

2106 5768 2268 5810 serva
2298 5767 2415 5808 um.
