  <div class='ocr_page' id='page_1' title='image "/cluster/home/n/w/nwhite01/storage/ocr_20150623/75/hvd.32044054758800/337.png"; bbox 0 0 4134 6174; ppageno 0'>
   <div class='ocr_carea' id='block_1_1' title="bbox 309 218 426 275">
    <p class='ocr_par' dir='ltr' id='par_1_1' title="bbox 309 218 426 275">
     <span class='ocr_line' id='line_1_1' title="bbox 309 218 426 275; baseline 0 0"><span class='ocrx_word' id='word_1_1' title='bbox 309 218 426 275; x_wconf 87' lang='lat'>663</span> 
     </span>
    </p>
   </div>
   <div class='ocr_carea' id='block_1_2' title="bbox 1574 197 2563 265">
    <p class='ocr_par' dir='ltr' id='par_1_2' title="bbox 1574 197 2563 265">
     <span class='ocr_line' id='line_1_2' title="bbox 1574 197 2563 265; baseline -0.001 -1"><span class='ocrx_word' id='word_1_2' title='bbox 1574 201 1847 265; x_wconf 80' lang='lat' dir='ltr'>SANCTI</span> <span class='ocrx_word' id='word_1_3' title='bbox 1893 197 2264 263; x_wconf 80' lang='lat' dir='ltr'>GREGORII</span> <span class='ocrx_word' id='word_1_4' title='bbox 2314 201 2563 264; x_wconf 87' lang='lat' dir='ltr'><strong>MAGNI</strong></span> 
     </span>
    </p>
   </div>
   <div class='ocr_carea' id='block_1_3' title="bbox 3715 193 3824 254">
    <p class='ocr_par' dir='ltr' id='par_1_3' title="bbox 3715 193 3824 254">
     <span class='ocr_line' id='line_1_3' title="bbox 3715 193 3824 254; baseline -0.046 0"><span class='ocrx_word' id='word_1_5' title='bbox 3715 193 3824 254; x_wconf 69' lang='grc'>664</span> 
     </span>
    </p>
   </div>
   <div class='ocr_carea' id='block_1_4' title="bbox 309 330 3836 417">
    <p class='ocr_par' dir='ltr' id='par_1_4' title="bbox 309 330 3836 417">
     <span class='ocr_line' id='line_1_4' title="bbox 309 330 3836 417; baseline -0.006 -12"><span class='ocrx_word' id='word_1_6' title='bbox 309 366 450 405; x_wconf 70' lang='lat' dir='ltr'>serie</span> <span class='ocrx_word' id='word_1_7' title='bbox 473 341 899 417; x_wconf 84' lang='lat' dir='ltr'>desperationis</span> <span class='ocrx_word' id='word_1_8' title='bbox 913 338 1196 396; x_wconf 82' lang='lat' dir='ltr'>enutrivi?</span> <span class='ocrx_word' id='word_1_9' title='bbox 1218 340 1360 394; x_wconf 87' lang='lat' dir='ltr'>Cum</span> <span class='ocrx_word' id='word_1_10' title='bbox 1384 337 1539 392; x_wconf 89' lang='lat' dir='ltr'>enim</span> <span class='ocrx_word' id='word_1_11' title='bbox 1564 336 1735 408; x_wconf 90' lang='lat' dir='ltr'>culpa</span> <span class='ocrx_word' id='word_1_12' title='bbox 1757 337 1814 392; x_wconf 92' lang='lat' dir='ltr'>in</span> <span class='ocrx_word' id='word_1_13' title='bbox 1840 349 2011 390; x_wconf 88' lang='lat' dir='ltr'>usum</span> <span class='ocrx_word' id='word_1_14' title='bbox 2045 336 2096 402; x_wconf 84' lang='grc' dir='ltr'><strong>Α</strong></span> <span class='ocrx_word' id='word_1_15' title='bbox 2128 334 2388 392; x_wconf 63' lang='lat' dir='ltr'>sollicitas</span> <span class='ocrx_word' id='word_1_16' title='bbox 2418 336 2796 407; x_wconf 76' lang='lat' dir='ltr'>cogitationes</span> <span class='ocrx_word' id='word_1_17' title='bbox 2822 336 3041 389; x_wconf 89' lang='lat' dir='ltr'>vivunt.</span> <span class='ocrx_word' id='word_1_18' title='bbox 3074 331 3401 404; x_wconf 79' lang='lat' dir='ltr'>Aliquando</span> <span class='ocrx_word' id='word_1_19' title='bbox 3431 335 3650 398; x_wconf 90' lang='lat' dir='ltr'>autem,</span> <span class='ocrx_word' id='word_1_20' title='bbox 3684 330 3836 386; x_wconf 86' lang='lat' dir='ltr'>sicut</span> 
     </span>
    </p>
   </div>
   <div class='ocr_carea' id='block_1_5' title="bbox 306 425 2017 504">
    <p class='ocr_par' dir='ltr' id='par_1_5' title="bbox 306 425 2017 504">
     <span class='ocr_line' id='line_1_5' title="bbox 306 425 2017 504; baseline -0.008 -10"><span class='ocrx_word' id='word_1_21' title='bbox 306 438 551 504; x_wconf 81' lang='lat' dir='ltr'>venerit,</span> <span class='ocrx_word' id='word_1_22' title='bbox 578 436 627 491; x_wconf 91' lang='lat' dir='ltr'>ei</span> <span class='ocrx_word' id='word_1_23' title='bbox 654 435 780 504; x_wconf 83' lang='lat' dir='ltr'>jam</span> <span class='ocrx_word' id='word_1_24' title='bbox 815 432 1050 487; x_wconf 89' lang='lat' dir='ltr'>animus</span> <span class='ocrx_word' id='word_1_25' title='bbox 1081 430 1256 485; x_wconf 89' lang='lat' dir='ltr'>etiam</span> <span class='ocrx_word' id='word_1_26' title='bbox 1288 427 1332 483; x_wconf 88' lang='lat' dir='ltr'>si</span> <span class='ocrx_word' id='word_1_27' title='bbox 1367 431 1613 498; x_wconf 89' lang='lat' dir='ltr'>appetat,</span> <span class='ocrx_word' id='word_1_28' title='bbox 1648 425 1899 481; x_wconf 91' lang='lat' dir='ltr'>debilius</span> <span class='ocrx_word' id='word_1_29' title='bbox 1935 442 2017 481; x_wconf 89' lang='lat' dir='ltr'>re-</span> 
     </span>
    </p>
   </div>
   <div class='ocr_carea' id='block_1_6' title="bbox 309 519 2018 598">
    <p class='ocr_par' dir='ltr' id='par_1_6' title="bbox 309 519 2018 598">
     <span class='ocr_line' id='line_1_6' title="bbox 309 519 2018 598; baseline -0.007 -12"><span class='ocrx_word' id='word_1_30' title='bbox 309 530 499 595; x_wconf 86' lang='lat' dir='ltr'>sistit;</span> <span class='ocrx_word' id='word_1_31' title='bbox 527 527 664 598; x_wconf 85' lang='lat' dir='ltr'>quia</span> <span class='ocrx_word' id='word_1_32' title='bbox 687 528 830 597; x_wconf 91' lang='lat' dir='ltr'>quot</span> <span class='ocrx_word' id='word_1_33' title='bbox 847 523 1072 579; x_wconf 85' lang='lat' dir='ltr'>vicibus</span> <span class='ocrx_word' id='word_1_34' title='bbox 1097 539 1284 594; x_wconf 63' lang='lat' dir='ltr'>prave</span> <span class='ocrx_word' id='word_1_35' title='bbox 1307 519 1785 590; x_wconf 81' lang='lat' dir='ltr'>frequentationis</span> <span class='ocrx_word' id='word_1_36' title='bbox 1807 519 2018 574; x_wconf 86' lang='lat' dir='ltr'>astrin-</span> 
     </span>
    </p>
   </div>
   <div class='ocr_carea' id='block_1_7' title="bbox 313 608 2016 690">
    <p class='ocr_par' dir='ltr' id='par_1_7' title="bbox 313 608 2016 690">
     <span class='ocr_line' id='line_1_7' title="bbox 313 608 2016 690; baseline -0.007 -17"><span class='ocrx_word' id='word_1_37' title='bbox 313 620 489 690; x_wconf 89' lang='lat' dir='ltr'>gitur,</span> <span class='ocrx_word' id='word_1_38' title='bbox 525 615 690 687; x_wconf 89' lang='lat' dir='ltr'>quasi</span> <span class='ocrx_word' id='word_1_39' title='bbox 747 619 834 669; x_wconf 88' lang='lat' dir='ltr'>tot</span> <span class='ocrx_word' id='word_1_40' title='bbox 890 611 1142 668; x_wconf 83' lang='lat' dir='ltr'>vinculis</span> <span class='ocrx_word' id='word_1_41' title='bbox 1174 611 1243 665; x_wconf 89' lang='lat' dir='ltr'>ad</span> <span class='ocrx_word' id='word_1_42' title='bbox 1303 613 1558 665; x_wconf 91' lang='lat' dir='ltr'>mentem</span> <span class='ocrx_word' id='word_1_43' title='bbox 1594 608 1829 680; x_wconf 85' lang='lat' dir='ltr'>ligatur.</span> <span class='ocrx_word' id='word_1_44' title='bbox 1867 609 2016 677; x_wconf 85' lang='lat' dir='ltr'>[Vet.</span> 
     </span>
    </p>
   </div>
   <div class='ocr_carea' id='block_1_8' title="bbox 315 697 2020 775">
    <p class='ocr_par' dir='ltr' id='par_1_8' title="bbox 315 697 2020 775">
     <span class='ocr_line' id='line_1_8' title="bbox 315 697 2020 775; baseline -0.006 -14"><span class='ocrx_word' id='word_1_45' title='bbox 315 707 502 775; x_wconf 83' lang='lat' dir='ltr'><strong><em>XXIX.]</em></strong></span> <span class='ocrx_word' id='word_1_46' title='bbox 537 704 700 760; x_wconf 87' lang='lat' dir='ltr'>Unde</span> <span class='ocrx_word' id='word_1_47' title='bbox 751 703 809 756; x_wconf 86' lang='lat' dir='ltr'>fit</span> <span class='ocrx_word' id='word_1_48' title='bbox 860 706 924 756; x_wconf 92' lang='lat' dir='ltr'>ut</span> <span class='ocrx_word' id='word_1_49' title='bbox 976 699 1197 756; x_wconf 85' lang='lat' dir='ltr'>enervis</span> <span class='ocrx_word' id='word_1_50' title='bbox 1238 698 1485 767; x_wconf 89' lang='lat' dir='ltr'>animus,</span> <span class='ocrx_word' id='word_1_51' title='bbox 1530 713 1664 753; x_wconf 90' lang='lat' dir='ltr'>cum</span> <span class='ocrx_word' id='word_1_52' title='bbox 1710 697 1854 753; x_wconf 91' lang='lat' dir='ltr'>solvi</span> <span class='ocrx_word' id='word_1_53' title='bbox 1905 713 2020 752; x_wconf 89' lang='lat' dir='ltr'>non</span> 
     </span>
    </p>
   </div>
   <div class='ocr_carea' id='block_1_9' title="bbox 315 787 2024 864">
    <p class='ocr_par' dir='ltr' id='par_1_9' title="bbox 315 787 2024 864">
     <span class='ocr_line' id='line_1_9' title="bbox 315 787 2024 864; baseline -0.005 -14"><span class='ocrx_word' id='word_1_54' title='bbox 315 797 490 862; x_wconf 87' lang='lat' dir='ltr'>valet,</span> <span class='ocrx_word' id='word_1_55' title='bbox 525 796 596 850; x_wconf 84' lang='lat' dir='ltr'>ad</span> <span class='ocrx_word' id='word_1_56' title='bbox 631 794 890 864; x_wconf 64' lang='lat' dir='ltr'>quasdam</span> <span class='ocrx_word' id='word_1_57' title='bbox 925 807 986 846; x_wconf 92' lang='lat' dir='ltr'>se</span> <span class='ocrx_word' id='word_1_58' title='bbox 1042 789 1248 845; x_wconf 88' lang='lat' dir='ltr'>solatia</span> <span class='ocrx_word' id='word_1_59' title='bbox 1280 788 1436 845; x_wconf 72' lang='lat' dir='ltr'>falsa:</span> <span class='ocrx_word' id='word_1_60' title='bbox 1487 787 2024 844; x_wconf 85' lang='lat' dir='ltr'>consolationisin-</span> 
     </span>
    </p>
   </div>
   <div class='ocr_carea' id='block_1_10' title="bbox 320 875 2026 954">
    <p class='ocr_par' dir='ltr' id='par_1_10' title="bbox 320 875 2026 954">
     <span class='ocr_line' id='line_1_10' title="bbox 320 875 2026 954; baseline -0.006 -13"><span class='ocrx_word' id='word_1_61' title='bbox 320 885 532 950; x_wconf 89' lang='lat' dir='ltr'>clinet;</span> <span class='ocrx_word' id='word_1_62' title='bbox 563 887 852 954; x_wconf 82' lang='lat' dir='ltr'>quatenus</span> <span class='ocrx_word' id='word_1_63' title='bbox 884 887 1192 934; x_wconf 90' lang='lat' dir='ltr'>venturum</span> <span class='ocrx_word' id='word_1_64' title='bbox 1219 878 1481 948; x_wconf 88' lang='lat' dir='ltr'>judicem</span> <span class='ocrx_word' id='word_1_65' title='bbox 1516 880 1685 932; x_wconf 78' lang='lat' dir='ltr'>tantae</span> <span class='ocrx_word' id='word_1_66' title='bbox 1717 876 1826 932; x_wconf 90' lang='lat' dir='ltr'>sibi</span> <span class='ocrx_word' id='word_1_67' title='bbox 1857 875 2026 931; x_wconf 90' lang='lat' dir='ltr'>mise-</span> 
     </span>
    </p>
   </div>
   <div class='ocr_carea' id='block_1_11' title="bbox 323 963 2026 1042">
    <p class='ocr_par' dir='ltr' id='par_1_11' title="bbox 323 963 2026 1042">
     <span class='ocr_line' id='line_1_11' title="bbox 323 963 2026 1042; baseline -0.006 -16"><span class='ocrx_word' id='word_1_68' title='bbox 323 970 585 1027; x_wconf 59' lang='lat' dir='ltr'>ricordia</span> <span class='ocrx_word' id='word_1_69' title='bbox 616 969 921 1042; x_wconf 84' lang='lat' dir='ltr'>spondeat,</span> <span class='ocrx_word' id='word_1_70' title='bbox 956 973 1021 1023; x_wconf 88' lang='lat' dir='ltr'>ut</span> <span class='ocrx_word' id='word_1_71' title='bbox 1051 984 1148 1023; x_wconf 92' lang='lat' dir='ltr'>eos</span> <span class='ocrx_word' id='word_1_72' title='bbox 1189 969 1362 1022; x_wconf 85' lang='lat' dir='ltr'>etiam</span> <span class='ocrx_word' id='word_1_73' title='bbox 1397 967 1546 1037; x_wconf 90' lang='lat' dir='ltr'>quod</span> <span class='ocrx_word' id='word_1_74' title='bbox 1575 964 1905 1034; x_wconf 82' lang='lat' dir='ltr'>arguendos</span> <span class='ocrx_word' id='word_1_75' title='bbox 1938 963 2026 1017; x_wconf 91' lang='lat' dir='ltr'>in-</span> 
     </span>
    </p>
   </div>
   <div class='ocr_carea' id='block_1_12' title="bbox 321 1051 2030 1130">
    <p class='ocr_par' dir='ltr' id='par_1_12' title="bbox 321 1051 2030 1130">
     <span class='ocr_line' id='line_1_12' title="bbox 321 1051 2030 1130; baseline -0.006 -15"><span class='ocrx_word' id='word_1_76' title='bbox 321 1060 541 1115; x_wconf 86' lang='lat' dir='ltr'>venerit</span> <span class='ocrx_word' id='word_1_77' title='bbox 575 1057 809 1130; x_wconf 87' lang='lat' dir='ltr'>penitus</span> <span class='ocrx_word' id='word_1_78' title='bbox 841 1073 957 1112; x_wconf 92' lang='lat' dir='ltr'>non</span> <span class='ocrx_word' id='word_1_79' title='bbox 989 1056 1230 1112; x_wconf 88' lang='lat' dir='ltr'>occidat.</span> <span class='ocrx_word' id='word_1_80' title='bbox 1266 1055 1368 1110; x_wconf 90' lang='lat' dir='ltr'>Cui</span> <span class='ocrx_word' id='word_1_81' title='bbox 1403 1055 1482 1110; x_wconf 88' lang='lat' dir='ltr'>rei</span> <span class='ocrx_word' id='word_1_82' title='bbox 1505 1053 1612 1108; x_wconf 93' lang='lat' dir='ltr'>hoc</span> <span class='ocrx_word' id='word_1_83' title='bbox 1635 1051 1892 1107; x_wconf 89' lang='lat' dir='ltr'>deterius</span> <span class='ocrx_word' id='word_1_84' title='bbox 1933 1067 2030 1106; x_wconf 87' lang='lat' dir='ltr'>ac-</span> 
     </span>
    </p>
   </div>
   <div class='ocr_carea' id='block_1_13' title="bbox 322 1141 2028 1219">
    <p class='ocr_par' dir='ltr' id='par_1_13' title="bbox 322 1141 2028 1219">
     <span class='ocr_line' id='line_1_13' title="bbox 322 1141 2028 1219; baseline -0.006 -13"><span class='ocrx_word' id='word_1_85' title='bbox 322 1150 485 1217; x_wconf 86' lang='lat' dir='ltr'>cidit,</span> <span class='ocrx_word' id='word_1_86' title='bbox 511 1149 661 1219; x_wconf 90' lang='lat' dir='ltr'>quod</span> <span class='ocrx_word' id='word_1_87' title='bbox 713 1148 760 1202; x_wconf 92' lang='lat' dir='ltr'>ei</span> <span class='ocrx_word' id='word_1_88' title='bbox 805 1145 1117 1202; x_wconf 88' lang='lat' dir='ltr'>multorum</span> <span class='ocrx_word' id='word_1_89' title='bbox 1159 1145 1440 1200; x_wconf 82' lang='lat' dir='ltr'>similium</span> <span class='ocrx_word' id='word_1_90' title='bbox 1472 1143 1670 1214; x_wconf 86' lang='lat' dir='ltr'>lingua</span> <span class='ocrx_word' id='word_1_91' title='bbox 1719 1141 2028 1206; x_wconf 85' lang='lat' dir='ltr'>consentit,</span> 
     </span>
    </p>
   </div>
   <div class='ocr_carea' id='block_1_14' title="bbox 324 1234 2028 1307">
    <p class='ocr_par' dir='ltr' id='par_1_14' title="bbox 324 1234 2028 1307">
     <span class='ocr_line' id='line_1_14' title="bbox 324 1234 2028 1307; baseline -0.004 -14"><span class='ocrx_word' id='word_1_92' title='bbox 324 1256 458 1294; x_wconf 91' lang='lat' dir='ltr'>cum</span> <span class='ocrx_word' id='word_1_93' title='bbox 493 1237 664 1292; x_wconf 92' lang='lat' dir='ltr'>multi</span> <span class='ocrx_word' id='word_1_94' title='bbox 714 1237 890 1292; x_wconf 91' lang='lat' dir='ltr'>etiam</span> <span class='ocrx_word' id='word_1_95' title='bbox 925 1237 1075 1291; x_wconf 92' lang='lat' dir='ltr'>male</span> <span class='ocrx_word' id='word_1_96' title='bbox 1129 1240 1293 1307; x_wconf 88' lang='lat' dir='ltr'>gesta</span> <span class='ocrx_word' id='word_1_97' title='bbox 1322 1234 1596 1289; x_wconf 80' lang='lat' dir='ltr'>laudibus</span> <span class='ocrx_word' id='word_1_98' title='bbox 1644 1239 2028 1302; x_wconf 80' lang='lat' dir='ltr'>exaggerant:</span> 
     </span>
    </p>
   </div>
   <div class='ocr_carea' id='block_1_15' title="bbox 327 1321 2034 1395">
    <p class='ocr_par' dir='ltr' id='par_1_15' title="bbox 327 1321 2034 1395">
     <span class='ocr_line' id='line_1_15' title="bbox 327 1321 2034 1395; baseline -0.005 -12"><span class='ocrx_word' id='word_1_99' title='bbox 327 1329 483 1384; x_wconf 89' lang='lat' dir='ltr'>unde</span> <span class='ocrx_word' id='word_1_100' title='bbox 516 1328 580 1382; x_wconf 84' lang='lat' dir='ltr'>fit</span> <span class='ocrx_word' id='word_1_101' title='bbox 610 1334 670 1381; x_wconf 92' lang='lat' dir='ltr'>ut</span> <span class='ocrx_word' id='word_1_102' title='bbox 701 1327 1065 1382; x_wconf 89' lang='lat' dir='ltr'>incessanter</span> <span class='ocrx_word' id='word_1_103' title='bbox 1103 1330 1326 1380; x_wconf 89' lang='lat' dir='ltr'>crescat</span> <span class='ocrx_word' id='word_1_104' title='bbox 1356 1325 1549 1395; x_wconf 88' lang='lat' dir='ltr'>culpa,</span> <span class='ocrx_word' id='word_1_105' title='bbox 1585 1321 1878 1376; x_wconf 82' lang='lat' dir='ltr'>favoribus</span> <span class='ocrx_word' id='word_1_106' title='bbox 1926 1337 2034 1375; x_wconf 85' lang='lat' dir='ltr'>nu-</span> 
     </span>
    </p>
   </div>
   <div class='ocr_carea' id='block_1_16' title="bbox 323 1412 2030 1485">
    <p class='ocr_par' dir='ltr' id='par_1_16' title="bbox 323 1412 2030 1485">
     <span class='ocr_line' id='line_1_16' title="bbox 323 1412 2030 1485; baseline -0.005 -13"><span class='ocrx_word' id='word_1_107' title='bbox 323 1418 480 1473; x_wconf 86' lang='lat' dir='ltr'>trita.</span> <span class='ocrx_word' id='word_1_108' title='bbox 515 1416 710 1472; x_wconf 80' lang='lat' dir='ltr'>Curari</span> <span class='ocrx_word' id='word_1_109' title='bbox 743 1423 938 1472; x_wconf 88' lang='lat' dir='ltr'>autem</span> <span class='ocrx_word' id='word_1_110' title='bbox 972 1414 1187 1469; x_wconf 90' lang='lat' dir='ltr'>vulnus</span> <span class='ocrx_word' id='word_1_111' title='bbox 1237 1413 1572 1485; x_wconf 82' lang='lat' dir='ltr'>negligitur,</span> <span class='ocrx_word' id='word_1_112' title='bbox 1607 1412 1757 1482; x_wconf 89' lang='lat' dir='ltr'>quod</span> <span class='ocrx_word' id='word_1_113' title='bbox 1791 1412 2030 1482; x_wconf 90' lang='lat' dir='ltr'>dignum</span> 
     </span>
    </p>
   </div>
   <div class='ocr_carea' id='block_1_17' title="bbox 323 1500 2034 1576">
    <p class='ocr_par' dir='ltr' id='par_1_17' title="bbox 323 1500 2034 1576">
     <span class='ocr_line' id='line_1_17' title="bbox 323 1500 2034 1576; baseline -0.004 -17"><span class='ocrx_word' id='word_1_114' title='bbox 323 1504 561 1576; x_wconf 83' lang='lat' dir='ltr'>praemio</span> <span class='ocrx_word' id='word_1_115' title='bbox 604 1505 796 1559; x_wconf 88' lang='lat' dir='ltr'>laudis</span> <span class='ocrx_word' id='word_1_116' title='bbox 845 1504 1090 1558; x_wconf 90' lang='lat' dir='ltr'>videtur.</span> <span class='ocrx_word' id='word_1_117' title='bbox 1123 1502 1286 1557; x_wconf 91' lang='lat' dir='ltr'>Unde</span> <span class='ocrx_word' id='word_1_118' title='bbox 1337 1502 1483 1556; x_wconf 89' lang='lat' dir='ltr'>bene</span> <span class='ocrx_word' id='word_1_119' title='bbox 1515 1517 1615 1572; x_wconf 91' lang='lat' dir='ltr'>per</span> <span class='ocrx_word' id='word_1_120' title='bbox 1663 1500 2034 1555; x_wconf 87' lang='lat' dir='ltr'>Salomonem</span> 
     </span>
    </p>
   </div>
   <div class='ocr_carea' id='block_1_18' title="bbox 326 1594 2036 1661">
    <p class='ocr_par' dir='ltr' id='par_1_18' title="bbox 326 1594 2036 1661">
     <span class='ocr_line' id='line_1_18' title="bbox 326 1594 2036 1661; baseline -0.004 -13"><span class='ocrx_word' id='word_1_121' title='bbox 326 1595 587 1649; x_wconf 90' lang='lat' dir='ltr'>dicitur:</span> <span class='ocrx_word' id='word_1_122' title='bbox 625 1595 734 1648; x_wconf 82' lang='lat' dir='ltr'>Fili</span> <span class='ocrx_word' id='word_1_123' title='bbox 787 1595 875 1659; x_wconf 88' lang='lat' dir='ltr'>mi,</span> <span class='ocrx_word' id='word_1_124' title='bbox 915 1597 963 1648; x_wconf 89' lang='lat' dir='ltr'>si</span> <span class='ocrx_word' id='word_1_125' title='bbox 995 1601 1046 1647; x_wconf 88' lang='lat' dir='ltr'>te</span> <span class='ocrx_word' id='word_1_126' title='bbox 1093 1594 1416 1647; x_wconf 84' lang='lat' dir='ltr'>lactaverint</span> <span class='ocrx_word' id='word_1_127' title='bbox 1459 1594 1796 1661; x_wconf 81' lang='lat' dir='ltr'>peccatores,</span> <span class='ocrx_word' id='word_1_128' title='bbox 1828 1605 1896 1645; x_wconf 84' lang='lat' dir='ltr'>ne</span> <span class='ocrx_word' id='word_1_129' title='bbox 1942 1604 2036 1643; x_wconf 83' lang='lat' dir='ltr'>ac-</span> 
     </span>
    </p>
   </div>
   <div class='ocr_carea' id='block_1_19' title="bbox 326 1679 2038 1754">
    <p class='ocr_par' dir='ltr' id='par_1_19' title="bbox 326 1679 2038 1754">
     <span class='ocr_line' id='line_1_19' title="bbox 326 1679 2038 1754; baseline -0.004 -16"><span class='ocrx_word' id='word_1_130' title='bbox 326 1684 577 1754; x_wconf 76' lang='lat' dir='ltr'>quiescas</span> <span class='ocrx_word' id='word_1_131' title='bbox 607 1684 687 1738; x_wconf 86' lang='lat' dir='ltr'>eis</span> <span class='ocrx_word' id='word_1_132' title='bbox 725 1684 909 1752; x_wconf 86' lang='lat' dir='ltr'>(Prov.</span> <span class='ocrx_word' id='word_1_133' title='bbox 947 1700 986 1748; x_wconf 84' lang='grc' dir='ltr'>ι,</span> <span class='ocrx_word' id='word_1_134' title='bbox 1019 1683 1126 1751; x_wconf 87' lang='grc'>10).</span> <span class='ocrx_word' id='word_1_135' title='bbox 1161 1681 1499 1736; x_wconf 88' lang='lat' dir='ltr'>Peccatores</span> <span class='ocrx_word' id='word_1_136' title='bbox 1547 1679 1762 1734; x_wconf 90' lang='lat' dir='ltr'>etenim</span> <span class='ocrx_word' id='word_1_137' title='bbox 1796 1679 2038 1747; x_wconf 84' lang='lat' dir='ltr'>lactant,</span> 
     </span>
    </p>
   </div>
   <div class='ocr_carea' id='block_1_20' title="bbox 326 1764 2036 1842">
    <p class='ocr_par' dir='ltr' id='par_1_20' title="bbox 326 1764 2036 1842">
     <span class='ocr_line' id='line_1_20' title="bbox 326 1764 2036 1842; baseline -0.005 -16"><span class='ocrx_word' id='word_1_138' title='bbox 326 1788 461 1827; x_wconf 91' lang='lat' dir='ltr'>cum</span> <span class='ocrx_word' id='word_1_139' title='bbox 491 1772 578 1827; x_wconf 92' lang='lat' dir='ltr'>vel</span> <span class='ocrx_word' id='word_1_140' title='bbox 603 1772 981 1842; x_wconf 89' lang='lat' dir='ltr'>perpetranda</span> <span class='ocrx_word' id='word_1_141' title='bbox 1014 1771 1170 1825; x_wconf 90' lang='lat' dir='ltr'>mala</span> <span class='ocrx_word' id='word_1_142' title='bbox 1196 1769 1612 1824; x_wconf 86' lang='lat' dir='ltr'>blandimentis</span> <span class='ocrx_word' id='word_1_143' title='bbox 1645 1768 1924 1832; x_wconf 89' lang='lat' dir='ltr'>inferunt,</span> <span class='ocrx_word' id='word_1_144' title='bbox 1948 1764 2036 1822; x_wconf 88' lang='lat' dir='ltr'>vel</span> 
     </span>
    </p>
   </div>
   <div class='ocr_carea' id='block_1_21' title="bbox 330 1858 2042 1936">
    <p class='ocr_par' dir='ltr' id='par_1_21' title="bbox 330 1858 2042 1936">
     <span class='ocr_line' id='line_1_21' title="bbox 330 1858 2042 1936; baseline -0.005 -17"><span class='ocrx_word' id='word_1_145' title='bbox 330 1867 666 1936; x_wconf 88' lang='lat' dir='ltr'>perpetrata</span> <span class='ocrx_word' id='word_1_146' title='bbox 700 1862 988 1918; x_wconf 79' lang='lat' dir='ltr'>favoribus</span> <span class='ocrx_word' id='word_1_147' title='bbox 1030 1859 1331 1917; x_wconf 89' lang='lat' dir='ltr'>extollunt.</span> <span class='ocrx_word' id='word_1_148' title='bbox 1357 1865 1445 1914; x_wconf 84' lang='lat' dir='ltr'>An</span> <span class='ocrx_word' id='word_1_149' title='bbox 1471 1875 1586 1914; x_wconf 89' lang='lat' dir='ltr'>non</span> <span class='ocrx_word' id='word_1_150' title='bbox 1629 1858 1944 1924; x_wconf 86' lang='lat' dir='ltr'>laetantur,</span> <span class='ocrx_word' id='word_1_151' title='bbox 1971 1858 2042 1912; x_wconf 94' lang='lat' dir='ltr'>de</span> 
     </span>
    </p>
   </div>
   <div class='ocr_carea' id='block_1_22' title="bbox 334 1949 2044 2025">
    <p class='ocr_par' dir='ltr' id='par_1_22' title="bbox 334 1949 2044 2025">
     <span class='ocr_line' id='line_1_22' title="bbox 334 1949 2044 2025; baseline -0.005 -15"><span class='ocrx_word' id='word_1_152' title='bbox 334 1971 448 2025; x_wconf 89' lang='lat' dir='ltr'>quo</span> <span class='ocrx_word' id='word_1_153' title='bbox 481 1970 581 2025; x_wconf 90' lang='lat' dir='ltr'>per</span> <span class='ocrx_word' id='word_1_154' title='bbox 607 1953 979 2009; x_wconf 89' lang='lat' dir='ltr'>Psalmistam</span> <span class='ocrx_word' id='word_1_155' title='bbox 1028 1953 1278 2007; x_wconf 92' lang='lat' dir='ltr'>dicitur:</span> <span class='ocrx_word' id='word_1_156' title='bbox 1315 1951 1579 2019; x_wconf 81' lang='lat' dir='ltr'>Quoniam</span> <span class='ocrx_word' id='word_1_157' title='bbox 1616 1949 1882 2004; x_wconf 75' lang='lat' dir='ltr'>laudatur</span> <span class='ocrx_word' id='word_1_158' title='bbox 1919 1964 2044 2018; x_wconf 80' lang='lat' dir='ltr'>pec-</span> 
     </span>
    </p>
   </div>
   <div class='ocr_carea' id='block_1_23' title="bbox 330 2039 2040 2111">
    <p class='ocr_par' dir='ltr' id='par_1_23' title="bbox 330 2039 2040 2111">
     <span class='ocr_line' id='line_1_23' title="bbox 330 2039 2040 2111; baseline -0.004 -13"><span class='ocrx_word' id='word_1_159' title='bbox 330 2049 483 2100; x_wconf 86' lang='lat' dir='ltr'>calor</span> <span class='ocrx_word' id='word_1_160' title='bbox 513 2045 568 2098; x_wconf 90' lang='lat' dir='ltr'>in</span> <span class='ocrx_word' id='word_1_161' title='bbox 601 2043 890 2098; x_wconf 88' lang='lat' dir='ltr'>desideriis</span> <span class='ocrx_word' id='word_1_162' title='bbox 920 2043 1129 2098; x_wconf 67' lang='lat' dir='ltr'>animae</span> <span class='ocrx_word' id='word_1_163' title='bbox 1149 2056 1265 2098; x_wconf 70' lang='lat' dir='ltr'>sua:</span> <span class='ocrx_word' id='word_1_164' title='bbox 1287 2059 1302 2094; x_wconf 86' lang='lat'><em>:</em></span> <span class='ocrx_word' id='word_1_165' title='bbox 1336 2044 1382 2096; x_wconf 84' lang='lat' dir='ltr'>et</span> <span class='ocrx_word' id='word_1_166' title='bbox 1422 2040 1518 2111; x_wconf 85' lang='lat' dir='ltr'>qui</span> <span class='ocrx_word' id='word_1_167' title='bbox 1548 2039 1740 2111; x_wconf 84' lang='lat' dir='ltr'>iniqua</span> <span class='ocrx_word' id='word_1_168' title='bbox 1780 2041 1922 2108; x_wconf 87' lang='lat' dir='ltr'>gerit</span> <span class='ocrx_word' id='word_1_169' title='bbox 1953 2039 2040 2093; x_wconf 86' lang='lat' dir='ltr'>be-</span> 
     </span>
    </p>
   </div>
   <div class='ocr_carea' id='block_1_24' title="bbox 331 2131 1174 2204">
    <p class='ocr_par' dir='ltr' id='par_1_24' title="bbox 331 2131 1174 2204">
     <span class='ocr_line' id='line_1_24' title="bbox 331 2131 1174 2204; baseline -0.002 -17"><span class='ocrx_word' id='word_1_170' title='bbox 331 2135 608 2189; x_wconf 87' lang='lat' dir='ltr'>nedicilur</span> <span class='ocrx_word' id='word_1_171' title='bbox 637 2133 717 2203; x_wconf 90' lang='lat' dir='ltr'>(a)</span> <span class='ocrx_word' id='word_1_172' title='bbox 744 2132 912 2204; x_wconf 89' lang='lat' dir='ltr'>(Psal.</span> <span class='ocrx_word' id='word_1_173' title='bbox 938 2149 1016 2201; x_wconf 84' lang='lat' dir='ltr'>1x,</span> <span class='ocrx_word' id='word_1_174' title='bbox 1039 2132 1131 2203; x_wconf 83' lang='grc'>24)</span> <span class='ocrx_word' id='word_1_175' title='bbox 1147 2131 1174 2186; x_wconf 86' lang='lat'><strong><em>?</em></strong></span> 
     </span>
    </p>
   </div>
   <div class='ocr_carea' id='block_1_25' title="bbox 397 2309 2043 2384">
    <p class='ocr_par' dir='ltr' id='par_1_25' title="bbox 397 2309 2043 2384">
     <span class='ocr_line' id='line_1_25' title="bbox 397 2309 2043 2384; baseline -0.003 -15"><span class='ocrx_word' id='word_1_176' title='bbox 397 2313 487 2369; x_wconf 78' lang='grc'>52.</span> <span class='ocrx_word' id='word_1_177' title='bbox 521 2313 736 2370; x_wconf 86' lang='lat' dir='ltr'>Peccati</span> <span class='ocrx_word' id='word_1_178' title='bbox 779 2319 1007 2384; x_wconf 87' lang='lat' dir='ltr'>quartus</span> <span class='ocrx_word' id='word_1_179' title='bbox 1037 2309 1241 2380; x_wconf 87' lang='lat' dir='ltr'>gradus</span> <span class='ocrx_word' id='word_1_180' title='bbox 1290 2310 1574 2380; x_wconf 74' lang='lat' dir='ltr'>difﬁcilius</span> <span class='ocrx_word' id='word_1_181' title='bbox 1625 2309 1939 2379; x_wconf 80' lang='lat' dir='ltr'>corrigitur.</span> <span class='ocrx_word' id='word_1_182' title='bbox 1975 2339 2043 2350; x_wconf 93' lang='lat'><strong><em>—</em></strong></span> 
     </span>
    </p>
   </div>
   <div class='ocr_carea' id='block_1_26' title="bbox 326 2397 2040 2474">
    <p class='ocr_par' dir='ltr' id='par_1_26' title="bbox 326 2397 2040 2474">
     <span class='ocr_line' id='line_1_26' title="bbox 326 2397 2040 2474; baseline -0.004 -15"><span class='ocrx_word' id='word_1_183' title='bbox 326 2405 640 2461; x_wconf 90' lang='lat' dir='ltr'>Sciendum</span> <span class='ocrx_word' id='word_1_184' title='bbox 660 2419 889 2474; x_wconf 89' lang='lat' dir='ltr'>quoque</span> <span class='ocrx_word' id='word_1_185' title='bbox 911 2406 1015 2472; x_wconf 83' lang='lat' dir='ltr'>est,</span> <span class='ocrx_word' id='word_1_186' title='bbox 1041 2403 1196 2472; x_wconf 91' lang='lat' dir='ltr'>quod</span> <span class='ocrx_word' id='word_1_187' title='bbox 1220 2406 1339 2456; x_wconf 93' lang='lat' dir='ltr'>tres</span> <span class='ocrx_word' id='word_1_188' title='bbox 1362 2399 1447 2454; x_wconf 93' lang='lat' dir='ltr'>illi</span> <span class='ocrx_word' id='word_1_189' title='bbox 1467 2400 1639 2455; x_wconf 94' lang='lat' dir='ltr'>modo</span> <span class='ocrx_word' id='word_1_190' title='bbox 1672 2397 2040 2471; x_wconf 87' lang='lat' dir='ltr'>peccantium</span> 
     </span>
    </p>
   </div>
   <div class='ocr_carea' id='block_1_27' title="bbox 323 2487 2041 2564">
    <p class='ocr_par' dir='ltr' id='par_1_27' title="bbox 323 2487 2041 2564">
     <span class='ocr_line' id='line_1_27' title="bbox 323 2487 2041 2564; baseline -0.006 -16"><span class='ocrx_word' id='word_1_191' title='bbox 323 2493 494 2564; x_wconf 83' lang='lat' dir='ltr'>juxta</span> <span class='ocrx_word' id='word_1_192' title='bbox 528 2493 846 2548; x_wconf 90' lang='lat' dir='ltr'>descensus</span> <span class='ocrx_word' id='word_1_193' title='bbox 904 2490 996 2545; x_wconf 90' lang='lat' dir='ltr'>sui</span> <span class='ocrx_word' id='word_1_194' title='bbox 1057 2491 1318 2545; x_wconf 87' lang='lat' dir='ltr'>ordinem</span> <span class='ocrx_word' id='word_1_195' title='bbox 1369 2487 1598 2544; x_wconf 80' lang='lat' dir='ltr'>facilius</span> <span class='ocrx_word' id='word_1_196' title='bbox 1647 2487 2041 2555; x_wconf 84' lang='lat' dir='ltr'>corriguntur,</span> 
     </span>
    </p>
   </div>
   <div class='ocr_carea' id='block_1_28' title="bbox 329 2577 2038 2654">
    <p class='ocr_par' dir='ltr' id='par_1_28' title="bbox 329 2577 2038 2654">
     <span class='ocr_line' id='line_1_28' title="bbox 329 2577 2038 2654; baseline -0.005 -15"><span class='ocrx_word' id='word_1_197' title='bbox 329 2588 576 2654; x_wconf 89' lang='lat' dir='ltr'>quartus</span> <span class='ocrx_word' id='word_1_198' title='bbox 605 2599 737 2638; x_wconf 89' lang='lat' dir='ltr'>vero</span> <span class='ocrx_word' id='word_1_199' title='bbox 770 2583 878 2637; x_wconf 90' lang='lat' dir='ltr'>iste</span> <span class='ocrx_word' id='word_1_200' title='bbox 908 2580 1212 2636; x_wconf 78' lang='lat' dir='ltr'>difficilius</span> <span class='ocrx_word' id='word_1_201' title='bbox 1244 2579 1608 2636; x_wconf 88' lang='lat' dir='ltr'>emendatur.</span> <span class='ocrx_word' id='word_1_202' title='bbox 1644 2578 1808 2634; x_wconf 87' lang='lat' dir='ltr'>Unde</span> <span class='ocrx_word' id='word_1_203' title='bbox 1839 2582 1895 2632; x_wconf 90' lang='lat' dir='ltr'>et</span> <span class='ocrx_word' id='word_1_204' title='bbox 1930 2577 2038 2631; x_wconf 83' lang='lat' dir='ltr'>Re-</span> 
     </span>
    </p>
   </div>
   <div class='ocr_carea' id='block_1_29' title="bbox 334 2670 2036 2746">
    <p class='ocr_par' dir='ltr' id='par_1_29' title="bbox 334 2670 2036 2746">
     <span class='ocr_line' id='line_1_29' title="bbox 334 2670 2036 2746; baseline -0.005 -17"><span class='ocrx_word' id='word_1_205' title='bbox 334 2676 601 2746; x_wconf 89' lang='lat' dir='ltr'>demptor</span> <span class='ocrx_word' id='word_1_206' title='bbox 639 2677 842 2730; x_wconf 87' lang='lat' dir='ltr'>noster</span> <span class='ocrx_word' id='word_1_207' title='bbox 891 2671 1141 2743; x_wconf 87' lang='lat' dir='ltr'>puellam</span> <span class='ocrx_word' id='word_1_208' title='bbox 1191 2672 1251 2726; x_wconf 94' lang='lat' dir='ltr'>in</span> <span class='ocrx_word' id='word_1_209' title='bbox 1302 2672 1498 2738; x_wconf 91' lang='lat' dir='ltr'>domo,</span> <span class='ocrx_word' id='word_1_210' title='bbox 1545 2670 1825 2740; x_wconf 88' lang='lat' dir='ltr'>juvenem</span> <span class='ocrx_word' id='word_1_211' title='bbox 1875 2671 2036 2722; x_wconf 84' lang='lat' dir='ltr'>extra</span> 
     </span>
    </p>
   </div>
   <div class='ocr_carea' id='block_1_30' title="bbox 330 2755 2040 2834">
    <p class='ocr_par' dir='ltr' id='par_1_30' title="bbox 330 2755 2040 2834">
     <span class='ocr_line' id='line_1_30' title="bbox 330 2755 2040 2834; baseline -0.004 -16"><span class='ocrx_word' id='word_1_212' title='bbox 330 2766 579 2834; x_wconf 89' lang='lat' dir='ltr'>portam,</span> <span class='ocrx_word' id='word_1_213' title='bbox 614 2762 673 2818; x_wconf 91' lang='lat' dir='ltr'>in</span> <span class='ocrx_word' id='word_1_214' title='bbox 701 2760 969 2833; x_wconf 90' lang='lat' dir='ltr'>sepulcro</span> <span class='ocrx_word' id='word_1_215' title='bbox 999 2766 1189 2816; x_wconf 83' lang='lat' dir='ltr'>autem</span> <span class='ocrx_word' id='word_1_216' title='bbox 1219 2760 1499 2814; x_wconf 87' lang='lat' dir='ltr'>Lazarum</span> <span class='ocrx_word' id='word_1_217' title='bbox 1533 2757 1800 2814; x_wconf 83' lang='lat' dir='ltr'>suscitat.</span> <span class='ocrx_word' id='word_1_218' title='bbox 1834 2755 2040 2811; x_wconf 89' lang='lat' dir='ltr'>Adhuc</span> 
     </span>
    </p>
   </div>
   <div class='ocr_carea' id='block_1_31' title="bbox 329 2847 2037 2924">
    <p class='ocr_par' dir='ltr' id='par_1_31' title="bbox 329 2847 2037 2924">
     <span class='ocr_line' id='line_1_31' title="bbox 329 2847 2037 2924; baseline -0.004 -18"><span class='ocrx_word' id='word_1_219' title='bbox 329 2855 546 2924; x_wconf 89' lang='lat' dir='ltr'>quippe</span> <span class='ocrx_word' id='word_1_220' title='bbox 578 2852 636 2906; x_wconf 92' lang='lat' dir='ltr'>in</span> <span class='ocrx_word' id='word_1_221' title='bbox 670 2851 839 2906; x_wconf 91' lang='lat' dir='ltr'>domo</span> <span class='ocrx_word' id='word_1_222' title='bbox 881 2854 1147 2905; x_wconf 84' lang='lat' dir='ltr'>mortuus</span> <span class='ocrx_word' id='word_1_223' title='bbox 1170 2850 1342 2919; x_wconf 87' lang='lat' dir='ltr'>jacet,</span> <span class='ocrx_word' id='word_1_224' title='bbox 1378 2849 1471 2918; x_wconf 89' lang='lat' dir='ltr'>qui</span> <span class='ocrx_word' id='word_1_225' title='bbox 1522 2847 1658 2902; x_wconf 88' lang='lat' dir='ltr'>latet</span> <span class='ocrx_word' id='word_1_226' title='bbox 1690 2848 1747 2901; x_wconf 92' lang='lat' dir='ltr'>in</span> <span class='ocrx_word' id='word_1_227' title='bbox 1782 2849 2037 2918; x_wconf 86' lang='lat' dir='ltr'>peccato.</span> 
     </span>
    </p>
   </div>
   <div class='ocr_carea' id='block_1_32' title="bbox 330 2935 2042 3010">
    <p class='ocr_par' dir='ltr' id='par_1_32' title="bbox 330 2935 2042 3010">
     <span class='ocr_line' id='line_1_32' title="bbox 330 2935 2042 3010; baseline -0.004 -14"><span class='ocrx_word' id='word_1_228' title='bbox 330 2944 458 2996; x_wconf 80' lang='lat' dir='ltr'>lam</span> <span class='ocrx_word' id='word_1_229' title='bbox 512 2941 683 3010; x_wconf 90' lang='lat' dir='ltr'>quasi</span> <span class='ocrx_word' id='word_1_230' title='bbox 732 2949 893 2995; x_wconf 85' lang='lat' dir='ltr'>extra</span> <span class='ocrx_word' id='word_1_231' title='bbox 939 2943 1167 3009; x_wconf 89' lang='lat' dir='ltr'>portam</span> <span class='ocrx_word' id='word_1_232' title='bbox 1217 2938 1507 3006; x_wconf 81' lang='lat' dir='ltr'>educitur,</span> <span class='ocrx_word' id='word_1_233' title='bbox 1541 2938 1712 3006; x_wconf 76' lang='lat' dir='ltr'>cujus</span> <span class='ocrx_word' id='word_1_234' title='bbox 1763 2935 2042 3005; x_wconf 85' lang='lat' dir='ltr'>iniquitas</span> 
     </span>
    </p>
   </div>
   <div class='ocr_carea' id='block_1_33' title="bbox 335 3025 2035 3100">
    <p class='ocr_par' dir='ltr' id='par_1_33' title="bbox 335 3025 2035 3100">
     <span class='ocr_line' id='line_1_33' title="bbox 335 3025 2035 3100; baseline -0.002 -16"><span class='ocrx_word' id='word_1_235' title='bbox 335 3046 522 3100; x_wconf 88' lang='lat' dir='ltr'>usque</span> <span class='ocrx_word' id='word_1_236' title='bbox 545 3030 615 3084; x_wconf 89' lang='lat' dir='ltr'>ad</span> <span class='ocrx_word' id='word_1_237' title='bbox 649 3029 1121 3083; x_wconf 88' lang='lat' dir='ltr'>inverecundiam</span> <span class='ocrx_word' id='word_1_238' title='bbox 1160 3025 1405 3098; x_wconf 80' lang='lat' dir='ltr'>publicae</span> <span class='ocrx_word' id='word_1_239' title='bbox 1438 3026 1873 3097; x_wconf 88' lang='lat' dir='ltr'>perpetrationis</span> <span class='ocrx_word' id='word_1_240' title='bbox 1903 3041 2035 3096; x_wconf 86' lang='lat' dir='ltr'>ape-</span> 
     </span>
    </p>
   </div>
   <div class='ocr_carea' id='block_1_34' title="bbox 2123 423 3838 508">
    <p class='ocr_par' dir='ltr' id='par_1_34' title="bbox 2123 423 3838 508">
     <span class='ocr_line' id='line_1_34' title="bbox 2123 423 3838 508; baseline -0.002 -30"><span class='ocrx_word' id='word_1_241' title='bbox 2123 427 2397 508; x_wconf 76' lang='lat' dir='ltr'>superius</span> <span class='ocrx_word' id='word_1_242' title='bbox 2456 427 2608 482; x_wconf 75' lang='lat'>1‘26</span> <span class='ocrx_word' id='word_1_243' title='bbox 2659 425 2880 480; x_wconf 89' lang='lat' dir='ltr'>dictum</span> <span class='ocrx_word' id='word_1_244' title='bbox 2939 427 3044 491; x_wconf 91' lang='lat' dir='ltr'>est,</span> <span class='ocrx_word' id='word_1_245' title='bbox 3094 423 3225 493; x_wconf 90' lang='lat' dir='ltr'>ipsa</span> <span class='ocrx_word' id='word_1_246' title='bbox 3275 439 3376 492; x_wconf 88' lang='lat' dir='ltr'>spe</span> <span class='ocrx_word' id='word_1_247' title='bbox 3424 428 3668 477; x_wconf 90' lang='lat' dir='ltr'>mentem</span> <span class='ocrx_word' id='word_1_248' title='bbox 3722 436 3838 476; x_wconf 90' lang='lat' dir='ltr'>non</span> 
     </span>
    </p>
   </div>
   <div class='ocr_carea' id='block_1_35' title="bbox 2124 510 3829 585">
    <p class='ocr_par' dir='ltr' id='par_1_35' title="bbox 2124 510 3829 585">
     <span class='ocr_line' id='line_1_35' title="bbox 2124 510 3829 585; baseline -0.002 -17"><span class='ocrx_word' id='word_1_249' title='bbox 2124 513 2435 585; x_wconf 82' lang='lat' dir='ltr'>1ntercipit,</span> <span class='ocrx_word' id='word_1_250' title='bbox 2490 517 2587 571; x_wconf 93' lang='lat' dir='ltr'>sed</span> <span class='ocrx_word' id='word_1_251' title='bbox 2659 515 2810 572; x_wconf 87' lang='lat' dir='ltr'>hanc</span> <span class='ocrx_word' id='word_1_252' title='bbox 2875 513 3124 569; x_wconf 88' lang='lat' dir='ltr'>deterior</span> <span class='ocrx_word' id='word_1_253' title='bbox 3171 511 3497 583; x_wconf 88' lang='lat' dir='ltr'>desperatio</span> <span class='ocrx_word' id='word_1_254' title='bbox 3568 510 3829 581; x_wconf 78' lang='lat' dir='ltr'>conligit,</span> 
     </span>
    </p>
   </div>
   <div class='ocr_carea' id='block_1_36' title="bbox 2129 600 3844 676">
    <p class='ocr_par' dir='ltr' id='par_1_36' title="bbox 2129 600 3844 676">
     <span class='ocr_line' id='line_1_36' title="bbox 2129 600 3844 676; baseline -0.004 -17"><span class='ocrx_word' id='word_1_255' title='bbox 2129 619 2256 674; x_wconf 65' lang='lat' dir='ltr'>qua:</span> <span class='ocrx_word' id='word_1_256' title='bbox 2291 606 2428 661; x_wconf 90' lang='lat' dir='ltr'>dum</span> <span class='ocrx_word' id='word_1_257' title='bbox 2459 621 2693 662; x_wconf 88' lang='lat' dir='ltr'>omnem</span> <span class='ocrx_word' id='word_1_258' title='bbox 2726 620 2886 676; x_wconf 90' lang='lat' dir='ltr'>spem</span> <span class='ocrx_word' id='word_1_259' title='bbox 2922 603 3101 659; x_wconf 68' lang='lat' dir='ltr'>veniae</span> <span class='ocrx_word' id='word_1_260' title='bbox 3133 603 3397 658; x_wconf 87' lang='lat' dir='ltr'>funditus</span> <span class='ocrx_word' id='word_1_261' title='bbox 3430 600 3736 664; x_wconf 88' lang='lat' dir='ltr'>interimit,</span> <span class='ocrx_word' id='word_1_262' title='bbox 3759 616 3844 654; x_wconf 90' lang='lat' dir='ltr'>er-</span> 
     </span>
    </p>
   </div>
   <div class='ocr_carea' id='block_1_37' title="bbox 2131 693 3238 752">
    <p class='ocr_par' dir='ltr' id='par_1_37' title="bbox 2131 693 3238 752">
     <span class='ocr_line' id='line_1_37' title="bbox 2131 693 3238 752; baseline -0.003 -3"><span class='ocrx_word' id='word_1_263' title='bbox 2131 695 2275 750; x_wconf 88' lang='lat' dir='ltr'>roris</span> <span class='ocrx_word' id='word_1_264' title='bbox 2306 695 2453 752; x_wconf 89' lang='lat' dir='ltr'>lacte</span> <span class='ocrx_word' id='word_1_265' title='bbox 2477 695 2728 751; x_wconf 89' lang='lat' dir='ltr'>animam</span> <span class='ocrx_word' id='word_1_266' title='bbox 2761 694 3003 749; x_wconf 91' lang='lat' dir='ltr'>uberius</span> <span class='ocrx_word' id='word_1_267' title='bbox 3037 693 3238 748; x_wconf 86' lang='lat' dir='ltr'>nutrit.</span> 
     </span>
    </p>
   </div>
   <div class='ocr_carea' id='block_1_38' title="bbox 2203 779 3853 854">
    <p class='ocr_par' dir='ltr' id='par_1_38' title="bbox 2203 779 3853 854">
     <span class='ocr_line' id='line_1_38' title="bbox 2203 779 3853 854; baseline -0.003 -15"><span class='ocrx_word' id='word_1_268' title='bbox 2203 786 2353 853; x_wconf 85' lang='lat' dir='ltr'>[Vet.</span> <span class='ocrx_word' id='word_1_269' title='bbox 2387 786 2524 852; x_wconf 84' lang='lat' dir='ltr'><strong><em>XXX,</em></strong></span> <span class='ocrx_word' id='word_1_270' title='bbox 2559 789 2681 842; x_wconf 78' lang='lat' dir='ltr'>Rec.</span> <span class='ocrx_word' id='word_1_271' title='bbox 2740 785 2940 854; x_wconf 79' lang='lat' dir='ltr'>XXVI].</span> <span class='ocrx_word' id='word_1_272' title='bbox 3001 783 3090 838; x_wconf 86' lang='lat'>53.</span> <span class='ocrx_word' id='word_1_273' title='bbox 3145 783 3241 839; x_wconf 85' lang='lat' dir='ltr'>Job</span> <span class='ocrx_word' id='word_1_274' title='bbox 3301 798 3355 837; x_wconf 90' lang='lat' dir='ltr'>se</span> <span class='ocrx_word' id='word_1_275' title='bbox 3412 784 3468 835; x_wconf 86' lang='lat' dir='ltr'>in</span> <span class='ocrx_word' id='word_1_276' title='bbox 3515 783 3696 852; x_wconf 86' lang='lat' dir='ltr'>primo</span> <span class='ocrx_word' id='word_1_277' title='bbox 3751 779 3853 834; x_wconf 80' lang='lat' dir='ltr'>lio-</span> 
     </span>
    </p>
   </div>
   <div class='ocr_carea' id='block_1_39' title="bbox 2133 872 3854 944">
    <p class='ocr_par' dir='ltr' id='par_1_39' title="bbox 2133 872 3854 944">
     <span class='ocr_line' id='line_1_39' title="bbox 2133 872 3854 944; baseline -0.003 -15"><span class='ocrx_word' id='word_1_278' title='bbox 2133 877 2281 930; x_wconf 84' lang='lat' dir='ltr'>mine</span> <span class='ocrx_word' id='word_1_279' title='bbox 2336 891 2602 944; x_wconf 76' lang='lat' dir='ltr'>peccasse,</span> <span class='ocrx_word' id='word_1_280' title='bbox 2635 879 2686 930; x_wconf 86' lang='lat' dir='ltr'>et</span> <span class='ocrx_word' id='word_1_281' title='bbox 2740 874 2907 941; x_wconf 81' lang='lat' dir='ltr'>huius</span> <span class='ocrx_word' id='word_1_282' title='bbox 2960 875 3163 944; x_wconf 78' lang='lat' dir='ltr'>peccati</span> <span class='ocrx_word' id='word_1_283' title='bbox 3211 887 3490 926; x_wconf 63' lang='lat' dir='ltr'>mrumnas</span> <span class='ocrx_word' id='word_1_284' title='bbox 3547 872 3736 940; x_wconf 84' lang='lat' dir='ltr'>deﬂet.</span> <span class='ocrx_word' id='word_1_285' title='bbox 3780 899 3854 910; x_wconf 93' lang='lat'><strong>—</strong></span> 
     </span>
    </p>
   </div>
   <div class='ocr_carea' id='block_1_40' title="bbox 2135 960 3853 1037">
    <p class='ocr_par' dir='ltr' id='par_1_40' title="bbox 2135 960 3853 1037">
     <span class='ocr_line' id='line_1_40' title="bbox 2135 960 3853 1037; baseline -0.003 -17"><span class='ocrx_word' id='word_1_286' title='bbox 2135 965 2470 1022; x_wconf 91' lang='lat' dir='ltr'>Concideret</span> <span class='ocrx_word' id='word_1_287' title='bbox 2523 966 2704 1037; x_wconf 90' lang='lat' dir='ltr'>igitur</span> <span class='ocrx_word' id='word_1_288' title='bbox 2733 972 2972 1021; x_wconf 88' lang='lat' dir='ltr'>sanctus</span> <span class='ocrx_word' id='word_1_289' title='bbox 2997 963 3104 1029; x_wconf 91' lang='lat' dir='ltr'>vir,</span> <span class='ocrx_word' id='word_1_290' title='bbox 3138 967 3272 1035; x_wconf 90' lang='lat' dir='ltr'>post</span> <span class='ocrx_word' id='word_1_291' title='bbox 3304 962 3554 1033; x_wconf 86' lang='lat' dir='ltr'>primam</span> <span class='ocrx_word' id='word_1_292' title='bbox 3609 960 3853 1031; x_wconf 87' lang='lat' dir='ltr'>culpam</span> 
     </span>
    </p>
   </div>
   <div class='ocr_carea' id='block_1_41' title="bbox 2138 1053 3854 1126">
    <p class='ocr_par' dir='ltr' id='par_1_41' title="bbox 2138 1053 3854 1126">
     <span class='ocr_line' id='line_1_41' title="bbox 2138 1053 3854 1126; baseline -0.004 -15"><span class='ocrx_word' id='word_1_293' title='bbox 2138 1060 2354 1126; x_wconf 88' lang='lat' dir='ltr'>quanta</span> <span class='ocrx_word' id='word_1_294' title='bbox 2375 1057 2629 1112; x_wconf 91' lang='lat' dir='ltr'>deterius</span> <span class='ocrx_word' id='word_1_295' title='bbox 2653 1056 2827 1112; x_wconf 89' lang='lat' dir='ltr'>homo</span> <span class='ocrx_word' id='word_1_296' title='bbox 2853 1055 3004 1110; x_wconf 84' lang='lat' dir='ltr'>mala</span> <span class='ocrx_word' id='word_1_297' title='bbox 3035 1053 3364 1121; x_wconf 88' lang='lat' dir='ltr'>commisit;</span> <span class='ocrx_word' id='word_1_298' title='bbox 3400 1057 3714 1124; x_wconf 89' lang='lat' dir='ltr'>postquam</span> <span class='ocrx_word' id='word_1_299' title='bbox 3755 1066 3854 1120; x_wconf 88' lang='lat' dir='ltr'>pa-</span> 
     </span>
    </p>
   </div>
   <div class='ocr_carea' id='block_1_42' title="bbox 2140 1141 3866 1216">
    <p class='ocr_par' dir='ltr' id='par_1_42' title="bbox 2140 1141 3866 1216">
     <span class='ocr_line' id='line_1_42' title="bbox 2140 1141 3866 1216; baseline -0.005 -16"><span class='ocrx_word' id='word_1_300' title='bbox 2140 1147 2400 1201; x_wconf 91' lang='lat' dir='ltr'>radisum</span> <span class='ocrx_word' id='word_1_301' title='bbox 2430 1145 2699 1216; x_wconf 90' lang='lat' dir='ltr'>perdidit,</span> <span class='ocrx_word' id='word_1_302' title='bbox 2725 1162 2912 1216; x_wconf 92' lang='lat' dir='ltr'>usque</span> <span class='ocrx_word' id='word_1_303' title='bbox 2945 1145 3016 1200; x_wconf 89' lang='lat' dir='ltr'>ad</span> <span class='ocrx_word' id='word_1_304' title='bbox 3040 1147 3263 1214; x_wconf 88' lang='lat' dir='ltr'>quanta</span> <span class='ocrx_word' id='word_1_305' title='bbox 3289 1142 3468 1212; x_wconf 87' lang='lat' dir='ltr'>hujus</span> <span class='ocrx_word' id='word_1_306' title='bbox 3501 1141 3688 1196; x_wconf 81' lang='lat' dir='ltr'>exsilii</span> <span class='ocrx_word' id='word_1_307' title='bbox 3715 1156 3866 1210; x_wconf 70' lang='lat' dir='ltr'>pree-</span> 
     </span>
    </p>
   </div>
   <div class='ocr_carea' id='block_1_43' title="bbox 2142 1229 3860 1303">
    <p class='ocr_par' dir='ltr' id='par_1_43' title="bbox 2142 1229 3860 1303">
     <span class='ocr_line' id='line_1_43' title="bbox 2142 1229 3860 1303; baseline -0.003 -15"><span class='ocrx_word' id='word_1_308' title='bbox 2142 1238 2308 1303; x_wconf 89' lang='lat' dir='ltr'>rupta</span> <span class='ocrx_word' id='word_1_309' title='bbox 2361 1233 2674 1299; x_wconf 91' lang='lat' dir='ltr'>descendit,</span> <span class='ocrx_word' id='word_1_310' title='bbox 2703 1237 2758 1286; x_wconf 92' lang='lat' dir='ltr'>et</span> <span class='ocrx_word' id='word_1_311' title='bbox 2788 1232 2978 1286; x_wconf 87' lang='lat' dir='ltr'>dicat:</span> <span class='ocrx_word' id='word_1_312' title='bbox 3014 1233 3192 1298; x_wconf 82' lang='lat' dir='ltr'>Quare</span> <span class='ocrx_word' id='word_1_313' title='bbox 3229 1246 3340 1286; x_wconf 83' lang='lat' dir='ltr'>non</span> <span class='ocrx_word' id='word_1_314' title='bbox 3384 1229 3549 1284; x_wconf 87' lang='lat' dir='ltr'>vulva</span> <span class='ocrx_word' id='word_1_315' title='bbox 3593 1238 3860 1283; x_wconf 87' lang='lat' dir='ltr'>mortuus</span> 
     </span>
    </p>
   </div>
   <div class='ocr_carea' id='block_1_44' title="bbox 2141 1319 3865 1393">
    <p class='ocr_par' dir='ltr' id='par_1_44' title="bbox 2141 1319 3865 1393">
     <span class='ocr_line' id='line_1_44' title="bbox 2141 1319 3865 1393; baseline -0.004 -15"><span class='ocrx_word' id='word_1_316' title='bbox 2141 1326 2305 1378; x_wconf 87' lang='lat' dir='ltr'>sum?</span> <span class='ocrx_word' id='word_1_317' title='bbox 2337 1323 2391 1376; x_wconf 88' lang='lat' dir='ltr'>id</span> <span class='ocrx_word' id='word_1_318' title='bbox 2425 1330 2530 1387; x_wconf 92' lang='lat' dir='ltr'>est,</span> <span class='ocrx_word' id='word_1_319' title='bbox 2563 1337 2696 1378; x_wconf 89' lang='lat' dir='ltr'>cum</span> <span class='ocrx_word' id='word_1_320' title='bbox 2731 1322 3020 1393; x_wconf 88' lang='lat' dir='ltr'>serpentis</span> <span class='ocrx_word' id='word_1_321' title='bbox 3043 1319 3332 1391; x_wconf 84' lang='lat' dir='ltr'>suggestio</span> <span class='ocrx_word' id='word_1_322' title='bbox 3369 1326 3730 1390; x_wconf 90' lang='lat' dir='ltr'>peccatorem</span> <span class='ocrx_word' id='word_1_323' title='bbox 3763 1333 3865 1372; x_wconf 89' lang='lat' dir='ltr'>me</span> 
     </span>
    </p>
   </div>
   <div class='ocr_carea' id='block_1_45' title="bbox 2143 1413 3870 1484">
    <p class='ocr_par' dir='ltr' id='par_1_45' title="bbox 2143 1413 3870 1484">
     <span class='ocr_line' id='line_1_45' title="bbox 2143 1413 3870 1484; baseline -0.005 -14"><span class='ocrx_word' id='word_1_324' title='bbox 2143 1414 2494 1484; x_wconf 88' lang='lat' dir='ltr'>conciperet,</span> <span class='ocrx_word' id='word_1_325' title='bbox 2530 1421 2666 1468; x_wconf 92' lang='lat' dir='ltr'>tunc</span> <span class='ocrx_word' id='word_1_326' title='bbox 2717 1413 2941 1467; x_wconf 90' lang='lat' dir='ltr'>utinam</span> <span class='ocrx_word' id='word_1_327' title='bbox 2995 1429 3120 1482; x_wconf 76' lang='lat' dir='ltr'>quae</span> <span class='ocrx_word' id='word_1_328' title='bbox 3170 1426 3261 1465; x_wconf 91' lang='lat' dir='ltr'>me</span> <span class='ocrx_word' id='word_1_329' title='bbox 3303 1426 3460 1465; x_wconf 90' lang='lat' dir='ltr'>mors</span> <span class='ocrx_word' id='word_1_330' title='bbox 3506 1419 3870 1479; x_wconf 78' lang='lat' dir='ltr'>sequeretur</span> 
     </span>
    </p>
   </div>
   <div class='ocr_carea' id='block_1_46' title="bbox 2147 1498 3873 1575">
    <p class='ocr_par' dir='ltr' id='par_1_46' title="bbox 2147 1498 3873 1575">
     <span class='ocr_line' id='line_1_46' title="bbox 2147 1498 3873 1575; baseline -0.004 -17"><span class='ocrx_word' id='word_1_331' title='bbox 2147 1503 2534 1575; x_wconf 87' lang='lat' dir='ltr'>agnovissem,</span> <span class='ocrx_word' id='word_1_332' title='bbox 2571 1519 2641 1557; x_wconf 91' lang='lat' dir='ltr'>ne</span> <span class='ocrx_word' id='word_1_333' title='bbox 2701 1518 2881 1571; x_wconf 90' lang='lat' dir='ltr'>usque</span> <span class='ocrx_word' id='word_1_334' title='bbox 2939 1502 3008 1556; x_wconf 90' lang='lat' dir='ltr'>ad</span> <span class='ocrx_word' id='word_1_335' title='bbox 3067 1499 3506 1556; x_wconf 88' lang='lat' dir='ltr'>delectationem</span> <span class='ocrx_word' id='word_1_336' title='bbox 3559 1498 3873 1570; x_wconf 88' lang='lat' dir='ltr'>suggestio</span> 
     </span>
    </p>
   </div>
   <div class='ocr_carea' id='block_1_47' title="bbox 2150 1591 3868 1664">
    <p class='ocr_par' dir='ltr' id='par_1_47' title="bbox 2150 1591 3868 1664">
     <span class='ocr_line' id='line_1_47' title="bbox 2150 1591 3868 1664; baseline -0.002 -16"><span class='ocrx_word' id='word_1_337' title='bbox 2150 1597 2399 1664; x_wconf 89' lang='lat' dir='ltr'>raperet,</span> <span class='ocrx_word' id='word_1_338' title='bbox 2434 1597 2491 1648; x_wconf 91' lang='lat' dir='ltr'>et</span> <span class='ocrx_word' id='word_1_339' title='bbox 2523 1593 2692 1648; x_wconf 87' lang='lat' dir='ltr'>morti</span> <span class='ocrx_word' id='word_1_340' title='bbox 2750 1592 2967 1647; x_wconf 90' lang='lat' dir='ltr'>arctius</span> <span class='ocrx_word' id='word_1_341' title='bbox 3019 1591 3246 1662; x_wconf 89' lang='lat' dir='ltr'>ligaret.</span> <span class='ocrx_word' id='word_1_342' title='bbox 3281 1592 3537 1659; x_wconf 73' lang='lat' dir='ltr'>Egressus</span> <span class='ocrx_word' id='word_1_343' title='bbox 3599 1604 3671 1644; x_wconf 74' lang='lat' dir='ltr'>ea:</span> <span class='ocrx_word' id='word_1_344' title='bbox 3701 1593 3868 1644; x_wconf 88' lang='lat' dir='ltr'>utero</span> 
     </span>
    </p>
   </div>
   <div class='ocr_carea' id='block_1_48' title="bbox 2150 1677 3875 1754">
    <p class='ocr_par' dir='ltr' id='par_1_48' title="bbox 2150 1677 3875 1754">
     <span class='ocr_line' id='line_1_48' title="bbox 2150 1677 3875 1754; baseline -0.002 -17"><span class='ocrx_word' id='word_1_345' title='bbox 2150 1698 2261 1738; x_wconf 85' lang='lat' dir='ltr'>non</span> <span class='ocrx_word' id='word_1_346' title='bbox 2292 1684 2475 1738; x_wconf 78' lang='lat' dir='ltr'>statim</span> <span class='ocrx_word' id='word_1_347' title='bbox 2504 1683 2692 1754; x_wconf 83' lang='lat' dir='ltr'>perii?</span> <span class='ocrx_word' id='word_1_348' title='bbox 2721 1683 2798 1736; x_wconf 84' lang='lat' dir='ltr'>Ac</span> <span class='ocrx_word' id='word_1_349' title='bbox 2831 1680 2880 1736; x_wconf 90' lang='lat' dir='ltr'>si</span> <span class='ocrx_word' id='word_1_350' title='bbox 2913 1681 3068 1736; x_wconf 90' lang='lat' dir='ltr'>dicat</span> <span class='ocrx_word' id='word_1_351' title='bbox 3101 1699 3114 1736; x_wconf 87' lang='lat'><strong>:</strong></span> <span class='ocrx_word' id='word_1_352' title='bbox 3149 1680 3381 1735; x_wconf 87' lang='lat' dir='ltr'>Utinam</span> <span class='ocrx_word' id='word_1_353' title='bbox 3415 1680 3484 1733; x_wconf 93' lang='lat' dir='ltr'>ad</span> <span class='ocrx_word' id='word_1_354' title='bbox 3520 1677 3875 1734; x_wconf 85' lang='lat' dir='ltr'>exteriorem</span> 
     </span>
    </p>
   </div>
   <div class='ocr_carea' id='block_1_49' title="bbox 2152 1766 3873 1840">
    <p class='ocr_par' dir='ltr' id='par_1_49' title="bbox 2152 1766 3873 1840">
     <span class='ocr_line' id='line_1_49' title="bbox 2152 1766 3873 1840; baseline -0.003 -15"><span class='ocrx_word' id='word_1_355' title='bbox 2152 1771 2594 1826; x_wconf 89' lang='lat' dir='ltr'>delectationem</span> <span class='ocrx_word' id='word_1_356' title='bbox 2627 1771 2848 1836; x_wconf 82' lang='lat' dir='ltr'>exiens,</span> <span class='ocrx_word' id='word_1_357' title='bbox 2884 1771 3034 1840; x_wconf 91' lang='lat' dir='ltr'>quod</span> <span class='ocrx_word' id='word_1_358' title='bbox 3087 1769 3357 1823; x_wconf 89' lang='lat' dir='ltr'>interiore</span> <span class='ocrx_word' id='word_1_359' title='bbox 3386 1767 3609 1822; x_wconf 92' lang='lat' dir='ltr'>lumine</span> <span class='ocrx_word' id='word_1_360' title='bbox 3663 1766 3873 1837; x_wconf 80' lang='lat' dir='ltr'>priva-</span> 
     </span>
    </p>
   </div>
   <div class='ocr_carea' id='block_1_50' title="bbox 2149 1856 3873 1932">
    <p class='ocr_par' dir='ltr' id='par_1_50' title="bbox 2149 1856 3873 1932">
     <span class='ocr_line' id='line_1_50' title="bbox 2149 1856 3873 1932; baseline -0.002 -18"><span class='ocrx_word' id='word_1_361' title='bbox 2149 1861 2254 1915; x_wconf 86' lang='lat' dir='ltr'>bar</span> <span class='ocrx_word' id='word_1_362' title='bbox 2309 1860 2668 1932; x_wconf 90' lang='lat' dir='ltr'>agnovissem</span> <span class='ocrx_word' id='word_1_363' title='bbox 2698 1877 2710 1927; x_wconf 93' lang='lat'>;</span> <span class='ocrx_word' id='word_1_364' title='bbox 2746 1863 2801 1915; x_wconf 91' lang='lat' dir='ltr'>et</span> <span class='ocrx_word' id='word_1_365' title='bbox 2831 1857 3035 1914; x_wconf 86' lang='lat' dir='ltr'>saltem</span> <span class='ocrx_word' id='word_1_366' title='bbox 3084 1859 3140 1912; x_wconf 93' lang='lat' dir='ltr'>in</span> <span class='ocrx_word' id='word_1_367' title='bbox 3173 1859 3300 1930; x_wconf 91' lang='lat' dir='ltr'>ipsa</span> <span class='ocrx_word' id='word_1_368' title='bbox 3355 1856 3734 1912; x_wconf 87' lang='lat' dir='ltr'>delectatione</span> <span class='ocrx_word' id='word_1_369' title='bbox 3766 1872 3873 1911; x_wconf 91' lang='lat' dir='ltr'>oc-</span> 
     </span>
    </p>
   </div>
   <div class='ocr_carea' id='block_1_51' title="bbox 2151 1946 3871 2021">
    <p class='ocr_par' dir='ltr' id='par_1_51' title="bbox 2151 1946 3871 2021">
     <span class='ocr_line' id='line_1_51' title="bbox 2151 1946 3871 2021; baseline -0.003 -16"><span class='ocrx_word' id='word_1_370' title='bbox 2151 1950 2506 2017; x_wconf 91' lang='lat' dir='ltr'>cumberem,</span> <span class='ocrx_word' id='word_1_371' title='bbox 2539 1965 2610 2005; x_wconf 91' lang='lat' dir='ltr'>ne</span> <span class='ocrx_word' id='word_1_372' title='bbox 2643 1966 2744 2021; x_wconf 90' lang='lat' dir='ltr'>per</span> <span class='ocrx_word' id='word_1_373' title='bbox 2773 1965 3124 2005; x_wconf 84' lang='lat' dir='ltr'>consensum</span> <span class='ocrx_word' id='word_1_374' title='bbox 3177 1965 3334 2003; x_wconf 91' lang='lat' dir='ltr'>mors</span> <span class='ocrx_word' id='word_1_375' title='bbox 3366 1948 3558 2002; x_wconf 90' lang='lat' dir='ltr'>acrius</span> <span class='ocrx_word' id='word_1_376' title='bbox 3603 1946 3871 2016; x_wconf 87' lang='lat' dir='ltr'>puniret.</span> 
     </span>
    </p>
   </div>
   <div class='ocr_carea' id='block_1_52' title="bbox 2152 2035 3875 2111">
    <p class='ocr_par' dir='ltr' id='par_1_52' title="bbox 2152 2035 3875 2111">
     <span class='ocr_line' id='line_1_52' title="bbox 2152 2035 3875 2111; baseline -0.002 -15"><span class='ocrx_word' id='word_1_377' title='bbox 2152 2043 2262 2096; x_wconf 90' lang='lat' dir='ltr'>Cur</span> <span class='ocrx_word' id='word_1_378' title='bbox 2291 2046 2544 2111; x_wconf 73' lang='lat' dir='ltr'>exceptus</span> <span class='ocrx_word' id='word_1_379' title='bbox 2587 2041 2858 2110; x_wconf 79' lang='lat' dir='ltr'>genibus?</span> <span class='ocrx_word' id='word_1_380' title='bbox 2890 2041 2962 2095; x_wconf 78' lang='lat' dir='ltr'>Ac</span> <span class='ocrx_word' id='word_1_381' title='bbox 3005 2039 3050 2094; x_wconf 90' lang='lat' dir='ltr'>si</span> <span class='ocrx_word' id='word_1_382' title='bbox 3093 2039 3248 2094; x_wconf 89' lang='lat' dir='ltr'>dicat</span> <span class='ocrx_word' id='word_1_383' title='bbox 3282 2055 3294 2092; x_wconf 90' lang='lat'><strong>:</strong></span> <span class='ocrx_word' id='word_1_384' title='bbox 3329 2037 3562 2092; x_wconf 90' lang='lat' dir='ltr'>Utinam</span> <span class='ocrx_word' id='word_1_385' title='bbox 3615 2035 3875 2092; x_wconf 88' lang='lat' dir='ltr'>minime</span> 
     </span>
    </p>
   </div>
   <div class='ocr_carea' id='block_1_53' title="bbox 2151 2127 3876 2202">
    <p class='ocr_par' dir='ltr' id='par_1_53' title="bbox 2151 2127 3876 2202">
     <span class='ocr_line' id='line_1_53' title="bbox 2151 2127 3876 2202; baseline -0.003 -17"><span class='ocrx_word' id='word_1_386' title='bbox 2151 2146 2242 2186; x_wconf 90' lang='lat' dir='ltr'>me</span> <span class='ocrx_word' id='word_1_387' title='bbox 2271 2146 2592 2187; x_wconf 91' lang='lat' dir='ltr'>consensus</span> <span class='ocrx_word' id='word_1_388' title='bbox 2615 2130 2691 2202; x_wconf 87' lang='lat' dir='ltr'>(d)</span> <span class='ocrx_word' id='word_1_389' title='bbox 2715 2129 2993 2200; x_wconf 84' lang='lat' dir='ltr'>subjectis</span> <span class='ocrx_word' id='word_1_390' title='bbox 3013 2128 3276 2200; x_wconf 88' lang='lat' dir='ltr'>pravitati</span> <span class='ocrx_word' id='word_1_391' title='bbox 3309 2127 3572 2183; x_wconf 87' lang='lat' dir='ltr'>sensibus</span> <span class='ocrx_word' id='word_1_392' title='bbox 3592 2127 3876 2196; x_wconf 84' lang='lat' dir='ltr'>excepis-</span> 
     </span>
    </p>
   </div>
   <div class='ocr_carea' id='block_1_54' title="bbox 2151 2215 3880 2291">
    <p class='ocr_par' dir='ltr' id='par_1_54' title="bbox 2151 2215 3880 2291">
     <span class='ocr_line' id='line_1_54' title="bbox 2151 2215 3880 2291; baseline -0.003 -15"><span class='ocrx_word' id='word_1_393' title='bbox 2151 2228 2257 2286; x_wconf 88' lang='lat' dir='ltr'>set,</span> <span class='ocrx_word' id='word_1_394' title='bbox 2293 2237 2362 2275; x_wconf 91' lang='lat' dir='ltr'>ne</span> <span class='ocrx_word' id='word_1_395' title='bbox 2393 2221 2520 2291; x_wconf 91' lang='lat' dir='ltr'>ipsa</span> <span class='ocrx_word' id='word_1_396' title='bbox 2561 2236 2654 2275; x_wconf 92' lang='lat' dir='ltr'>me</span> <span class='ocrx_word' id='word_1_397' title='bbox 2681 2220 2990 2275; x_wconf 89' lang='lat' dir='ltr'>consensio</span> <span class='ocrx_word' id='word_1_398' title='bbox 3022 2220 3093 2273; x_wconf 92' lang='lat' dir='ltr'>ad</span> <span class='ocrx_word' id='word_1_399' title='bbox 3137 2218 3442 2274; x_wconf 88' lang='lat' dir='ltr'>audaciam</span> <span class='ocrx_word' id='word_1_400' title='bbox 3474 2215 3724 2273; x_wconf 90' lang='lat' dir='ltr'>deterius</span> <span class='ocrx_word' id='word_1_401' title='bbox 3761 2233 3880 2271; x_wconf 88' lang='lat' dir='ltr'>ra-</span> 
     </span>
    </p>
   </div>
   <div class='ocr_carea' id='block_1_55' title="bbox 2151 2305 3876 2383">
    <p class='ocr_par' dir='ltr' id='par_1_55' title="bbox 2151 2305 3876 2383">
     <span class='ocr_line' id='line_1_55' title="bbox 2151 2305 3876 2383; baseline -0.002 -17"><span class='ocrx_word' id='word_1_402' title='bbox 2151 2315 2332 2383; x_wconf 88' lang='lat' dir='ltr'>peret.</span> <span class='ocrx_word' id='word_1_403' title='bbox 2368 2311 2476 2366; x_wconf 90' lang='lat' dir='ltr'>Cur</span> <span class='ocrx_word' id='word_1_404' title='bbox 2533 2309 2770 2364; x_wconf 82' lang='lat' dir='ltr'>Iactatus</span> <span class='ocrx_word' id='word_1_405' title='bbox 2817 2309 3117 2364; x_wconf 83' lang='lat' dir='ltr'>uberibus?</span> <span class='ocrx_word' id='word_1_406' title='bbox 3164 2309 3246 2363; x_wconf 83' lang='lat' dir='ltr'>Ac</span> <span class='ocrx_word' id='word_1_407' title='bbox 3293 2307 3338 2361; x_wconf 89' lang='lat' dir='ltr'>si</span> <span class='ocrx_word' id='word_1_408' title='bbox 3383 2307 3573 2362; x_wconf 84' lang='lat' dir='ltr'>dicat:</span> <span class='ocrx_word' id='word_1_409' title='bbox 3624 2305 3876 2362; x_wconf 83' lang='lat' dir='ltr'>Utinam</span> 
     </span>
    </p>
   </div>
   <div class='ocr_carea' id='block_1_56' title="bbox 2152 2394 3876 2470">
    <p class='ocr_par' dir='ltr' id='par_1_56' title="bbox 2152 2394 3876 2470">
     <span class='ocr_line' id='line_1_56' title="bbox 2152 2394 3876 2470; baseline -0.002 -16"><span class='ocrx_word' id='word_1_410' title='bbox 2152 2399 2402 2455; x_wconf 89' lang='lat' dir='ltr'>blandiri</span> <span class='ocrx_word' id='word_1_411' title='bbox 2430 2400 2570 2454; x_wconf 86' lang='lat' dir='ltr'>mihi</span> <span class='ocrx_word' id='word_1_412' title='bbox 2598 2400 2804 2454; x_wconf 88' lang='lat' dir='ltr'>saltem</span> <span class='ocrx_word' id='word_1_413' title='bbox 2831 2406 2957 2468; x_wconf 90' lang='lat' dir='ltr'>post</span> <span class='ocrx_word' id='word_1_414' title='bbox 2982 2398 3138 2453; x_wconf 89' lang='lat' dir='ltr'>mala</span> <span class='ocrx_word' id='word_1_415' title='bbox 3160 2401 3492 2470; x_wconf 88' lang='lat' dir='ltr'>perpetrata</span> <span class='ocrx_word' id='word_1_416' title='bbox 3513 2394 3876 2464; x_wconf 84' lang='lat' dir='ltr'>noluissem,</span> 
     </span>
    </p>
   </div>
   <div class='ocr_carea' id='block_1_57' title="bbox 2153 2487 3880 2559">
    <p class='ocr_par' dir='ltr' id='par_1_57' title="bbox 2153 2487 3880 2559">
     <span class='ocr_line' id='line_1_57' title="bbox 2153 2487 3880 2559; baseline -0.002 -15"><span class='ocrx_word' id='word_1_417' title='bbox 2153 2505 2225 2544; x_wconf 89' lang='lat' dir='ltr'>ne</span> <span class='ocrx_word' id='word_1_418' title='bbox 2256 2493 2414 2544; x_wconf 88' lang='lat' dir='ltr'>tanto</span> <span class='ocrx_word' id='word_1_419' title='bbox 2450 2505 2542 2544; x_wconf 92' lang='lat' dir='ltr'>me</span> <span class='ocrx_word' id='word_1_420' title='bbox 2579 2488 2766 2559; x_wconf 60' lang='lat' dir='ltr'>culpas</span> <span class='ocrx_word' id='word_1_421' title='bbox 2799 2487 3046 2558; x_wconf 90' lang='lat' dir='ltr'>nequius</span> <span class='ocrx_word' id='word_1_422' title='bbox 3075 2488 3478 2556; x_wconf 86' lang='lat' dir='ltr'>astringerem,</span> <span class='ocrx_word' id='word_1_423' title='bbox 3513 2489 3744 2557; x_wconf 88' lang='lat' dir='ltr'>quanto</span> <span class='ocrx_word' id='word_1_424' title='bbox 3786 2499 3880 2540; x_wconf 91' lang='lat' dir='ltr'>me</span> 
     </span>
    </p>
   </div>
   <div class='ocr_carea' id='block_1_58' title="bbox 2154 2577 3878 2648">
    <p class='ocr_par' dir='ltr' id='par_1_58' title="bbox 2154 2577 3878 2648">
     <span class='ocr_line' id='line_1_58' title="bbox 2154 2577 3878 2648; baseline -0.001 -16"><span class='ocrx_word' id='word_1_425' title='bbox 2154 2578 2210 2632; x_wconf 91' lang='lat' dir='ltr'>in</span> <span class='ocrx_word' id='word_1_426' title='bbox 2243 2577 2341 2633; x_wconf 90' lang='lat' dir='ltr'>illa</span> <span class='ocrx_word' id='word_1_427' title='bbox 2382 2579 2619 2633; x_wconf 85' lang='lat' dir='ltr'>mollius</span> <span class='ocrx_word' id='word_1_428' title='bbox 2675 2578 2946 2634; x_wconf 90' lang='lat' dir='ltr'>foverem.</span> <span class='ocrx_word' id='word_1_429' title='bbox 2988 2577 3084 2632; x_wconf 86' lang='lat' dir='ltr'>llis</span> <span class='ocrx_word' id='word_1_430' title='bbox 3117 2579 3313 2648; x_wconf 88' lang='lat' dir='ltr'>itaque</span> <span class='ocrx_word' id='word_1_431' title='bbox 3345 2577 3878 2646; x_wconf 86' lang='lat' dir='ltr'>reprehensionum</span> 
     </span>
    </p>
   </div>
   <div class='ocr_carea' id='block_1_59' title="bbox 2153 2666 3887 2739">
    <p class='ocr_par' dir='ltr' id='par_1_59' title="bbox 2153 2666 3887 2739">
     <span class='ocr_line' id='line_1_59' title="bbox 2153 2666 3887 2739; baseline -0.003 -15"><span class='ocrx_word' id='word_1_432' title='bbox 2153 2685 2395 2724; x_wconf 91' lang='lat' dir='ltr'>suarum</span> <span class='ocrx_word' id='word_1_433' title='bbox 2427 2669 2669 2724; x_wconf 88' lang='lat' dir='ltr'>vocibus</span> <span class='ocrx_word' id='word_1_434' title='bbox 2700 2667 2757 2721; x_wconf 91' lang='lat' dir='ltr'>in</span> <span class='ocrx_word' id='word_1_435' title='bbox 2792 2671 3032 2739; x_wconf 90' lang='lat' dir='ltr'>parente</span> <span class='ocrx_word' id='word_1_436' title='bbox 3065 2666 3252 2737; x_wconf 92' lang='lat' dir='ltr'>primo</span> <span class='ocrx_word' id='word_1_437' title='bbox 3280 2683 3337 2721; x_wconf 91' lang='lat' dir='ltr'>se</span> <span class='ocrx_word' id='word_1_438' title='bbox 3370 2681 3645 2737; x_wconf 88' lang='lat' dir='ltr'>peccasse</span> <span class='ocrx_word' id='word_1_439' title='bbox 3680 2667 3887 2721; x_wconf 88' lang='lat' dir='ltr'>redar-</span> 
     </span>
    </p>
   </div>
   <div class='ocr_carea' id='block_1_60' title="bbox 2152 2752 3882 2828">
    <p class='ocr_par' dir='ltr' id='par_1_60' title="bbox 2152 2752 3882 2828">
     <span class='ocr_line' id='line_1_60' title="bbox 2152 2752 3882 2828; baseline -0.001 -17"><span class='ocrx_word' id='word_1_440' title='bbox 2152 2756 2414 2828; x_wconf 91' lang='lat' dir='ltr'>guit.Sed</span> <span class='ocrx_word' id='word_1_441' title='bbox 2431 2755 2477 2811; x_wconf 90' lang='lat' dir='ltr'>si</span> <span class='ocrx_word' id='word_1_442' title='bbox 2496 2755 2567 2810; x_wconf 89' lang='lat' dir='ltr'>ad</span> <span class='ocrx_word' id='word_1_443' title='bbox 2581 2772 2889 2811; x_wconf 72' lang='lat' dir='ltr'>aerumnam</span> <span class='ocrx_word' id='word_1_444' title='bbox 2908 2755 3084 2825; x_wconf 88' lang='lat' dir='ltr'>hujus</span> <span class='ocrx_word' id='word_1_445' title='bbox 3099 2753 3285 2810; x_wconf 86' lang='lat' dir='ltr'>exsilii</span> <span class='ocrx_word' id='word_1_446' title='bbox 3301 2769 3676 2824; x_wconf 89' lang='lat' dir='ltr'>nequaquam</span> <span class='ocrx_word' id='word_1_447' title='bbox 3697 2752 3882 2809; x_wconf 89' lang='lat' dir='ltr'>homo</span> 
     </span>
    </p>
   </div>
   <div class='ocr_carea' id='block_1_61' title="bbox 2152 2842 3888 2916">
    <p class='ocr_par' dir='ltr' id='par_1_61' title="bbox 2152 2842 3888 2916">
     <span class='ocr_line' id='line_1_61' title="bbox 2152 2842 3888 2916; baseline 0 -15"><span class='ocrx_word' id='word_1_448' title='bbox 2152 2847 2445 2916; x_wconf 90' lang='lat' dir='ltr'>peccando</span> <span class='ocrx_word' id='word_1_449' title='bbox 2489 2847 2888 2916; x_wconf 91' lang='lat' dir='ltr'>descenderet,</span> <span class='ocrx_word' id='word_1_450' title='bbox 2922 2845 3073 2901; x_wconf 88' lang='lat' dir='ltr'>dicat</span> <span class='ocrx_word' id='word_1_451' title='bbox 3103 2861 3216 2916; x_wconf 91' lang='lat' dir='ltr'>qua</span> <span class='ocrx_word' id='word_1_452' title='bbox 3265 2844 3481 2916; x_wconf 87' lang='lat' dir='ltr'>perfrui</span> <span class='ocrx_word' id='word_1_453' title='bbox 3515 2842 3711 2914; x_wconf 89' lang='lat' dir='ltr'>quiete</span> <span class='ocrx_word' id='word_1_454' title='bbox 3771 2860 3888 2914; x_wconf 91' lang='lat' dir='ltr'>po-</span> 
     </span>
    </p>
   </div>
   <div class='ocr_carea' id='block_1_62' title="bbox 2151 2937 2723 3008">
    <p class='ocr_par' dir='ltr' id='par_1_62' title="bbox 2151 2937 2723 3008">
     <span class='ocr_line' id='line_1_62' title="bbox 2151 2937 2723 3008; baseline -0.002 -15"><span class='ocrx_word' id='word_1_455' title='bbox 2151 2938 2382 2993; x_wconf 88' lang='lat' dir='ltr'>tuisset.</span> <span class='ocrx_word' id='word_1_456' title='bbox 2416 2937 2723 3008; x_wconf 90' lang='lat' dir='ltr'>Sequitur:</span> 
     </span>
    </p>
   </div>
   <div class='ocr_carea' id='block_1_63' title="bbox 2747 3027 3268 3083">
    <p class='ocr_par' dir='ltr' id='par_1_63' title="bbox 2747 3027 3268 3083">
     <span class='ocr_line' id='line_1_63' title="bbox 2747 3027 3268 3083; baseline -0.004 0"><span class='ocrx_word' id='word_1_457' title='bbox 2747 3027 2982 3083; x_wconf 78' lang='lat' dir='ltr'>CAPUT</span> <span class='ocrx_word' id='word_1_458' title='bbox 3025 3027 3268 3083; x_wconf 81' lang='lat' dir='ltr'>XXVIII.</span> 
     </span>
    </p>
   </div>
   <div class='ocr_carea' id='block_1_64' title="bbox 330 3097 3881 3188">
    <p class='ocr_par' dir='ltr' id='par_1_64' title="bbox 330 3097 3881 3188">
     <span class='ocr_line' id='line_1_64' title="bbox 330 3097 3881 3188; baseline 0 -14"><span class='ocrx_word' id='word_1_459' title='bbox 330 3120 502 3174; x_wconf 87' lang='lat' dir='ltr'>ritur.</span> <span class='ocrx_word' id='word_1_460' title='bbox 532 3119 854 3188; x_wconf 69' lang='lat' dir='ltr'>Sepultum</span> <span class='ocrx_word' id='word_1_461' title='bbox 885 3133 1016 3172; x_wconf 92' lang='lat' dir='ltr'>vero</span> <span class='ocrx_word' id='word_1_462' title='bbox 1039 3131 1243 3188; x_wconf 83' lang='lat' dir='ltr'>aggere</span> <span class='ocrx_word' id='word_1_463' title='bbox 1274 3115 1574 3187; x_wconf 85' lang='lat' dir='ltr'>premitur,</span> <span class='ocrx_word' id='word_1_464' title='bbox 1611 3115 1708 3186; x_wconf 93' lang='lat' dir='ltr'>qui</span> <span class='ocrx_word' id='word_1_465' title='bbox 1742 3117 1800 3170; x_wconf 93' lang='lat' dir='ltr'>in</span> <span class='ocrx_word' id='word_1_466' title='bbox 1832 3131 2034 3185; x_wconf 90' lang='lat' dir='ltr'>perpe-</span> <span class='ocrx_word' id='word_1_467' title='bbox 2069 3097 2114 3162; x_wconf 83' lang='lat' dir='ltr'>C</span> <span class='ocrx_word' id='word_1_468' title='bbox 2223 3117 2396 3173; x_wconf 79' lang='lat' dir='ltr'>Vens.</span> <span class='ocrx_word' id='word_1_469' title='bbox 2433 3119 2518 3173; x_wconf 84' lang='grc'>13.</span> <span class='ocrx_word' id='word_1_470' title='bbox 2553 3150 2619 3158; x_wconf 88' lang='grc'><strong><em>-</em></strong></span> <span class='ocrx_word' id='word_1_471' title='bbox 2653 3121 2808 3174; x_wconf 80' lang='lat' dir='ltr'>Nunc</span> <span class='ocrx_word' id='word_1_472' title='bbox 2835 3121 2977 3175; x_wconf 90' lang='lat' dir='ltr'>enim</span> <span class='ocrx_word' id='word_1_473' title='bbox 3027 3119 3300 3174; x_wconf 85' lang='lat' dir='ltr'>dormiens</span> <span class='ocrx_word' id='word_1_474' title='bbox 3327 3118 3569 3186; x_wconf 87' lang='lat' dir='ltr'>silerem,</span> <span class='ocrx_word' id='word_1_475' title='bbox 3597 3124 3649 3173; x_wconf 86' lang='lat' dir='ltr'>et</span> <span class='ocrx_word' id='word_1_476' title='bbox 3679 3133 3881 3175; x_wconf 82' lang='lat' dir='ltr'>somno</span> 
     </span>
    </p>
   </div>
   <div class='ocr_carea' id='block_1_65' title="bbox 329 3203 2039 3276">
    <p class='ocr_par' dir='ltr' id='par_1_65' title="bbox 329 3203 2039 3276">
     <span class='ocr_line' id='line_1_65' title="bbox 329 3203 2039 3276; baseline -0.002 -14"><span class='ocrx_word' id='word_1_477' title='bbox 329 3208 578 3262; x_wconf 88' lang='lat' dir='ltr'>tratione</span> <span class='ocrx_word' id='word_1_478' title='bbox 612 3207 882 3276; x_wconf 67' lang='lat' dir='ltr'>nequitia:</span> <span class='ocrx_word' id='word_1_479' title='bbox 928 3207 1102 3260; x_wconf 91' lang='lat' dir='ltr'>etiam</span> <span class='ocrx_word' id='word_1_480' title='bbox 1148 3221 1252 3259; x_wconf 89' lang='lat' dir='ltr'>usu</span> <span class='ocrx_word' id='word_1_481' title='bbox 1300 3203 1744 3260; x_wconf 89' lang='lat' dir='ltr'>consuetudinis</span> <span class='ocrx_word' id='word_1_482' title='bbox 1799 3221 2039 3275; x_wconf 90' lang='lat' dir='ltr'>pressus</span> 
     </span>
    </p>
   </div>
   <div class='ocr_carea' id='block_1_66' title="bbox 328 3293 2040 3371">
    <p class='ocr_par' dir='ltr' id='par_1_66' title="bbox 328 3293 2040 3371">
     <span class='ocr_line' id='line_1_66' title="bbox 328 3293 2040 3371; baseline -0.001 -20"><span class='ocrx_word' id='word_1_483' title='bbox 328 3301 623 3371; x_wconf 87' lang='lat' dir='ltr'>gravatur.</span> <span class='ocrx_word' id='word_1_484' title='bbox 659 3296 771 3352; x_wconf 90' lang='lat' dir='ltr'>Sed</span> <span class='ocrx_word' id='word_1_485' title='bbox 812 3297 919 3351; x_wconf 90' lang='lat' dir='ltr'>hos</span> <span class='ocrx_word' id='word_1_486' title='bbox 961 3295 1033 3350; x_wconf 88' lang='lat' dir='ltr'>ad</span> <span class='ocrx_word' id='word_1_487' title='bbox 1066 3296 1244 3350; x_wconf 90' lang='lat' dir='ltr'>vitam</span> <span class='ocrx_word' id='word_1_488' title='bbox 1280 3295 1592 3350; x_wconf 85' lang='lat' dir='ltr'>miseratus</span> <span class='ocrx_word' id='word_1_489' title='bbox 1625 3298 1872 3363; x_wconf 85' lang='lat' dir='ltr'>revocat,</span> <span class='ocrx_word' id='word_1_490' title='bbox 1902 3293 2040 3364; x_wconf 89' lang='lat' dir='ltr'>quia</span> 
     </span>
    </p>
   </div>
   <div class='ocr_carea' id='block_1_67' title="bbox 329 3381 2040 3458">
    <p class='ocr_par' dir='ltr' id='par_1_67' title="bbox 329 3381 2040 3458">
     <span class='ocr_line' id='line_1_67' title="bbox 329 3381 2040 3458; baseline -0.002 -18"><span class='ocrx_word' id='word_1_491' title='bbox 329 3386 670 3458; x_wconf 89' lang='lat' dir='ltr'>plerumque</span> <span class='ocrx_word' id='word_1_492' title='bbox 700 3385 895 3439; x_wconf 89' lang='lat' dir='ltr'>divina</span> <span class='ocrx_word' id='word_1_493' title='bbox 925 3383 1133 3454; x_wconf 89' lang='lat' dir='ltr'>gratia,</span> <span class='ocrx_word' id='word_1_494' title='bbox 1169 3400 1283 3438; x_wconf 90' lang='lat' dir='ltr'>non</span> <span class='ocrx_word' id='word_1_495' title='bbox 1320 3381 1512 3438; x_wconf 89' lang='lat' dir='ltr'>solum</span> <span class='ocrx_word' id='word_1_496' title='bbox 1543 3381 1601 3437; x_wconf 92' lang='lat' dir='ltr'>in</span> <span class='ocrx_word' id='word_1_497' title='bbox 1640 3382 1905 3450; x_wconf 88' lang='lat' dir='ltr'>occultis,</span> <span class='ocrx_word' id='word_1_498' title='bbox 1938 3383 2040 3437; x_wconf 89' lang='lat' dir='ltr'>sed</span> 
     </span>
    </p>
   </div>
   <div class='ocr_carea' id='block_1_68' title="bbox 331 3471 2038 3544">
    <p class='ocr_par' dir='ltr' id='par_1_68' title="bbox 331 3471 2038 3544">
     <span class='ocr_line' id='line_1_68' title="bbox 331 3471 2038 3544; baseline -0.002 -14"><span class='ocrx_word' id='word_1_499' title='bbox 331 3476 502 3531; x_wconf 89' lang='lat' dir='ltr'>etiam</span> <span class='ocrx_word' id='word_1_500' title='bbox 528 3475 589 3529; x_wconf 90' lang='lat' dir='ltr'>in</span> <span class='ocrx_word' id='word_1_501' title='bbox 613 3473 825 3544; x_wconf 91' lang='lat' dir='ltr'>apertis</span> <span class='ocrx_word' id='word_1_502' title='bbox 857 3473 1273 3543; x_wconf 90' lang='lat' dir='ltr'>iniquitatibus</span> <span class='ocrx_word' id='word_1_503' title='bbox 1299 3482 1577 3539; x_wconf 92' lang='lat' dir='ltr'>mortuos,</span> <span class='ocrx_word' id='word_1_504' title='bbox 1598 3476 1653 3528; x_wconf 91' lang='lat' dir='ltr'>et</span> <span class='ocrx_word' id='word_1_505' title='bbox 1684 3471 1833 3528; x_wconf 90' lang='lat' dir='ltr'>mole</span> <span class='ocrx_word' id='word_1_506' title='bbox 1857 3488 2038 3542; x_wconf 67' lang='lat' dir='ltr'>prava</span> 
     </span>
    </p>
   </div>
   <div class='ocr_carea' id='block_1_69' title="bbox 330 3563 2037 3636">
    <p class='ocr_par' dir='ltr' id='par_1_69' title="bbox 330 3563 2037 3636">
     <span class='ocr_line' id='line_1_69' title="bbox 330 3563 2037 3636; baseline -0.002 -16"><span class='ocrx_word' id='word_1_507' title='bbox 330 3564 772 3621; x_wconf 86' lang='lat' dir='ltr'>consuetudinis</span> <span class='ocrx_word' id='word_1_508' title='bbox 802 3580 1051 3636; x_wconf 88' lang='lat' dir='ltr'>pressos,</span> <span class='ocrx_word' id='word_1_509' title='bbox 1078 3573 1372 3635; x_wconf 81' lang='lat' dir='ltr'>respectus</span> <span class='ocrx_word' id='word_1_510' title='bbox 1403 3564 1496 3620; x_wconf 86' lang='lat' dir='ltr'>sui</span> <span class='ocrx_word' id='word_1_511' title='bbox 1519 3563 1740 3619; x_wconf 90' lang='lat' dir='ltr'>lumine</span> <span class='ocrx_word' id='word_1_512' title='bbox 1765 3563 2037 3619; x_wconf 89' lang='lat' dir='ltr'>illustrat.</span> 
     </span>
    </p>
   </div>
   <div class='ocr_carea' id='block_1_70' title="bbox 329 3654 2042 3725">
    <p class='ocr_par' dir='ltr' id='par_1_70' title="bbox 329 3654 2042 3725">
     <span class='ocr_line' id='line_1_70' title="bbox 329 3654 2042 3725; baseline -0.002 -13"><span class='ocrx_word' id='word_1_513' title='bbox 329 3659 611 3722; x_wconf 87' lang='lat' dir='ltr'>Quartum</span> <span class='ocrx_word' id='word_1_514' title='bbox 643 3673 776 3710; x_wconf 91' lang='lat' dir='ltr'>vero</span> <span class='ocrx_word' id='word_1_515' title='bbox 810 3659 1104 3709; x_wconf 90' lang='lat' dir='ltr'>mortuum</span> <span class='ocrx_word' id='word_1_516' title='bbox 1132 3654 1486 3725; x_wconf 83' lang='lat' dir='ltr'>Redemptor</span> <span class='ocrx_word' id='word_1_517' title='bbox 1518 3659 1714 3709; x_wconf 90' lang='lat' dir='ltr'>noster</span> <span class='ocrx_word' id='word_1_518' title='bbox 1737 3655 2042 3709; x_wconf 90' lang='lat' dir='ltr'>nuntiante</span> 
     </span>
    </p>
   </div>
   <div class='ocr_carea' id='block_1_71' title="bbox 330 3744 2043 3816">
    <p class='ocr_par' dir='ltr' id='par_1_71' title="bbox 330 3744 2043 3816">
     <span class='ocr_line' id='line_1_71' title="bbox 330 3744 2043 3816; baseline -0.001 -15"><span class='ocrx_word' id='word_1_519' title='bbox 330 3745 613 3815; x_wconf 88' lang='lat' dir='ltr'>discipulo</span> <span class='ocrx_word' id='word_1_520' title='bbox 654 3745 936 3816; x_wconf 88' lang='lat' dir='ltr'>agnoscit,</span> <span class='ocrx_word' id='word_1_521' title='bbox 987 3761 1090 3799; x_wconf 92' lang='lat' dir='ltr'>nec</span> <span class='ocrx_word' id='word_1_522' title='bbox 1142 3749 1338 3798; x_wconf 91' lang='lat' dir='ltr'>tamen</span> <span class='ocrx_word' id='word_1_523' title='bbox 1388 3745 1653 3811; x_wconf 88' lang='lat' dir='ltr'>suscitat,</span> <span class='ocrx_word' id='word_1_524' title='bbox 1695 3745 1833 3815; x_wconf 91' lang='lat' dir='ltr'>quia</span> <span class='ocrx_word' id='word_1_525' title='bbox 1881 3744 2043 3799; x_wconf 87' lang='lat' dir='ltr'>valde</span> 
     </span>
    </p>
   </div>
   <div class='ocr_carea' id='block_1_72' title="bbox 329 3833 2040 3905">
    <p class='ocr_par' dir='ltr' id='par_1_72' title="bbox 329 3833 2040 3905">
     <span class='ocr_line' id='line_1_72' title="bbox 329 3833 2040 3905; baseline -0.002 -14"><span class='ocrx_word' id='word_1_526' title='bbox 329 3835 566 3891; x_wconf 81' lang='lat' dir='ltr'>difficile</span> <span class='ocrx_word' id='word_1_527' title='bbox 599 3840 687 3890; x_wconf 91' lang='lat' dir='ltr'>est</span> <span class='ocrx_word' id='word_1_528' title='bbox 719 3840 782 3890; x_wconf 94' lang='lat' dir='ltr'>ut</span> <span class='ocrx_word' id='word_1_529' title='bbox 814 3835 860 3889; x_wconf 90' lang='lat' dir='ltr'>is</span> <span class='ocrx_word' id='word_1_530' title='bbox 894 3850 1068 3905; x_wconf 89' lang='lat' dir='ltr'>quem</span> <span class='ocrx_word' id='word_1_531' title='bbox 1100 3838 1228 3903; x_wconf 92' lang='lat' dir='ltr'>post</span> <span class='ocrx_word' id='word_1_532' title='bbox 1259 3851 1431 3890; x_wconf 90' lang='lat' dir='ltr'>usum</span> <span class='ocrx_word' id='word_1_533' title='bbox 1467 3833 1632 3889; x_wconf 62' lang='lat' dir='ltr'>malas</span> <span class='ocrx_word' id='word_1_534' title='bbox 1666 3833 2040 3890; x_wconf 84' lang='lat' dir='ltr'>consuetudi-</span> 
     </span>
    </p>
   </div>
   <div class='ocr_carea' id='block_1_73' title="bbox 333 3923 2042 3995">
    <p class='ocr_par' dir='ltr' id='par_1_73' title="bbox 333 3923 2042 3995">
     <span class='ocr_line' id='line_1_73' title="bbox 333 3923 2042 3995; baseline -0.001 -15"><span class='ocrx_word' id='word_1_535' title='bbox 333 3925 425 3980; x_wconf 88' lang='lat' dir='ltr'>nis</span> <span class='ocrx_word' id='word_1_536' title='bbox 455 3926 628 3980; x_wconf 90' lang='lat' dir='ltr'>etiam</span> <span class='ocrx_word' id='word_1_537' title='bbox 657 3923 1022 3980; x_wconf 88' lang='lat' dir='ltr'>adulantium</span> <span class='ocrx_word' id='word_1_538' title='bbox 1046 3923 1252 3994; x_wconf 76' lang='lat' dir='ltr'>linguae</span> <span class='ocrx_word' id='word_1_539' title='bbox 1282 3923 1600 3995; x_wconf 85' lang='lat' dir='ltr'>excipiunt,</span> <span class='ocrx_word' id='word_1_540' title='bbox 1621 3941 1653 3979; x_wconf 91' lang='lat' dir='ltr'>a</span> <span class='ocrx_word' id='word_1_541' title='bbox 1686 3924 1901 3979; x_wconf 90' lang='lat' dir='ltr'>mentis</span> <span class='ocrx_word' id='word_1_542' title='bbox 1925 3939 2042 3979; x_wconf 66' lang='lat' dir='ltr'>sua:</span> 
     </span>
    </p>
   </div>
   <div class='ocr_carea' id='block_1_74' title="bbox 336 4011 2044 4083">
    <p class='ocr_par' dir='ltr' id='par_1_74' title="bbox 336 4011 2044 4083">
     <span class='ocr_line' id='line_1_74' title="bbox 336 4011 2044 4083; baseline -0.001 -15"><span class='ocrx_word' id='word_1_543' title='bbox 336 4019 524 4070; x_wconf 89' lang='lat' dir='ltr'>morte</span> <span class='ocrx_word' id='word_1_544' title='bbox 583 4016 896 4069; x_wconf 84' lang='lat' dir='ltr'>revocetur.</span> <span class='ocrx_word' id='word_1_545' title='bbox 931 4011 1010 4068; x_wconf 90' lang='lat' dir='ltr'>De</span> <span class='ocrx_word' id='word_1_546' title='bbox 1063 4029 1173 4082; x_wconf 94' lang='lat' dir='ltr'>quo</span> <span class='ocrx_word' id='word_1_547' title='bbox 1232 4017 1288 4066; x_wconf 89' lang='lat' dir='ltr'>et</span> <span class='ocrx_word' id='word_1_548' title='bbox 1320 4012 1464 4068; x_wconf 90' lang='lat' dir='ltr'>bene</span> <span class='ocrx_word' id='word_1_549' title='bbox 1521 4012 1763 4067; x_wconf 91' lang='lat' dir='ltr'>dicitur:</span> <span class='ocrx_word' id='word_1_550' title='bbox 1797 4011 1871 4083; x_wconf 86' lang='lat' dir='ltr'>(b)</span> <span class='ocrx_word' id='word_1_551' title='bbox 1915 4011 2044 4067; x_wconf 86' lang='lat' dir='ltr'>Sine</span> 
     </span>
    </p>
   </div>
   <div class='ocr_carea' id='block_1_75' title="bbox 333 4101 2042 4174">
    <p class='ocr_par' dir='ltr' id='par_1_75' title="bbox 333 4101 2042 4174">
     <span class='ocr_line' id='line_1_75' title="bbox 333 4101 2042 4174; baseline -0.001 -16"><span class='ocrx_word' id='word_1_552' title='bbox 333 4109 579 4160; x_wconf 86' lang='lat' dir='ltr'>mortuos</span> <span class='ocrx_word' id='word_1_553' title='bbox 627 4103 864 4174; x_wconf 83' lang='lat' dir='ltr'>sepelire</span> <span class='ocrx_word' id='word_1_554' title='bbox 917 4110 1156 4157; x_wconf 89' lang='lat' dir='ltr'>mortuos</span> <span class='ocrx_word' id='word_1_555' title='bbox 1191 4118 1314 4157; x_wconf 89' lang='lat' dir='ltr'>suos</span> <span class='ocrx_word' id='word_1_556' title='bbox 1362 4103 1512 4171; x_wconf 91' lang='lat' dir='ltr'>(Luc.</span> <span class='ocrx_word' id='word_1_557' title='bbox 1548 4118 1624 4170; x_wconf 83' lang='lat' dir='ltr'>rx,</span> <span class='ocrx_word' id='word_1_558' title='bbox 1655 4102 1769 4172; x_wconf 85' lang='lat'>60).</span> <span class='ocrx_word' id='word_1_559' title='bbox 1831 4101 2042 4157; x_wconf 86' lang='lat' dir='ltr'>Mortui</span> 
     </span>
    </p>
   </div>
   <div class='ocr_carea' id='block_1_76' title="bbox 334 4193 2040 4264">
    <p class='ocr_par' dir='ltr' id='par_1_76' title="bbox 334 4193 2040 4264">
     <span class='ocr_line' id='line_1_76' title="bbox 334 4193 2040 4264; baseline 0 -15"><span class='ocrx_word' id='word_1_560' title='bbox 334 4195 486 4250; x_wconf 92' lang='lat' dir='ltr'>enim</span> <span class='ocrx_word' id='word_1_561' title='bbox 523 4199 783 4249; x_wconf 91' lang='lat' dir='ltr'>mortuos</span> <span class='ocrx_word' id='word_1_562' title='bbox 815 4193 1120 4264; x_wconf 83' lang='lat' dir='ltr'>sepeliant,</span> <span class='ocrx_word' id='word_1_563' title='bbox 1156 4209 1287 4248; x_wconf 92' lang='lat' dir='ltr'>cum</span> <span class='ocrx_word' id='word_1_564' title='bbox 1324 4197 1653 4263; x_wconf 90' lang='lat' dir='ltr'>peccatores</span> <span class='ocrx_word' id='word_1_565' title='bbox 1687 4201 2040 4262; x_wconf 89' lang='lat' dir='ltr'>peccatorem</span> 
     </span>
    </p>
   </div>
   <div class='ocr_carea' id='block_1_77' title="bbox 333 4281 2040 4354">
    <p class='ocr_par' dir='ltr' id='par_1_77' title="bbox 333 4281 2040 4354">
     <span class='ocr_line' id='line_1_77' title="bbox 333 4281 2040 4354; baseline 0.001 -16"><span class='ocrx_word' id='word_1_566' title='bbox 333 4285 630 4339; x_wconf 88' lang='lat' dir='ltr'>favoribus</span> <span class='ocrx_word' id='word_1_567' title='bbox 665 4290 955 4352; x_wconf 92' lang='lat' dir='ltr'>premunt.</span> <span class='ocrx_word' id='word_1_568' title='bbox 989 4283 1132 4348; x_wconf 87' lang='lat' dir='ltr'>Quid</span> <span class='ocrx_word' id='word_1_569' title='bbox 1168 4283 1237 4353; x_wconf 71' lang='grc' dir='ltr'>(ι’)</span> <span class='ocrx_word' id='word_1_570' title='bbox 1270 4282 1424 4338; x_wconf 91' lang='lat' dir='ltr'>enim</span> <span class='ocrx_word' id='word_1_571' title='bbox 1459 4281 1616 4336; x_wconf 87' lang='lat' dir='ltr'>aliud</span> <span class='ocrx_word' id='word_1_572' title='bbox 1652 4287 1741 4338; x_wconf 92' lang='lat' dir='ltr'>est</span> <span class='ocrx_word' id='word_1_573' title='bbox 1782 4299 2040 4354; x_wconf 88' lang='lat' dir='ltr'>peccare,</span> 
     </span>
    </p>
   </div>
   <div class='ocr_carea' id='block_1_78' title="bbox 337 4373 2043 4443">
    <p class='ocr_par' dir='ltr' id='par_1_78' title="bbox 337 4373 2043 4443">
     <span class='ocr_line' id='line_1_78' title="bbox 337 4373 2043 4443; baseline 0.001 -17"><span class='ocrx_word' id='word_1_574' title='bbox 337 4389 515 4442; x_wconf 90' lang='lat' dir='ltr'>quam</span> <span class='ocrx_word' id='word_1_575' title='bbox 566 4375 950 4437; x_wconf 88' lang='lat' dir='ltr'>occumbere;</span> <span class='ocrx_word' id='word_1_576' title='bbox 1001 4377 1059 4427; x_wconf 91' lang='lat' dir='ltr'>et</span> <span class='ocrx_word' id='word_1_577' title='bbox 1093 4373 1360 4443; x_wconf 88' lang='lat' dir='ltr'>sepelire,</span> <span class='ocrx_word' id='word_1_578' title='bbox 1414 4389 1588 4442; x_wconf 90' lang='lat' dir='ltr'>quam</span> <span class='ocrx_word' id='word_1_579' title='bbox 1639 4373 2043 4428; x_wconf 83' lang='lat' dir='ltr'>abscondere?</span> 
     </span>
    </p>
   </div>
   <div class='ocr_carea' id='block_1_79' title="bbox 2148 3210 2701 3278">
    <p class='ocr_par' dir='ltr' id='par_1_79' title="bbox 2148 3210 2701 3278">
     <span class='ocr_line' id='line_1_79' title="bbox 2148 3210 2701 3278; baseline -0.002 -16"><span class='ocrx_word' id='word_1_580' title='bbox 2148 3223 2264 3263; x_wconf 85' lang='lat' dir='ltr'>meo</span> <span class='ocrx_word' id='word_1_581' title='bbox 2294 3210 2701 3278; x_wconf 80' lang='lat' dir='ltr'>requiescerem.</span> 
     </span>
    </p>
   </div>
   <div class='ocr_carea' id='block_1_80' title="bbox 2219 3297 3870 3369">
    <p class='ocr_par' dir='ltr' id='par_1_80' title="bbox 2219 3297 3870 3369">
     <span class='ocr_line' id='line_1_80' title="bbox 2219 3297 3870 3369; baseline 0.001 -18"><span class='ocrx_word' id='word_1_582' title='bbox 2219 3300 2306 3351; x_wconf 67' lang='grc'>54.</span> <span class='ocrx_word' id='word_1_583' title='bbox 2339 3299 2527 3352; x_wconf 87' lang='lat' dir='ltr'>Prima</span> <span class='ocrx_word' id='word_1_584' title='bbox 2577 3299 2816 3354; x_wconf 84' lang='lat' dir='ltr'>hominis</span> <span class='ocrx_word' id='word_1_585' title='bbox 2847 3298 3104 3368; x_wconf 83' lang='lat' dir='ltr'>conditio,</span> <span class='ocrx_word' id='word_1_586' title='bbox 3137 3316 3171 3353; x_wconf 92' lang='lat' dir='ltr'>a</span> <span class='ocrx_word' id='word_1_587' title='bbox 3201 3315 3308 3369; x_wconf 84' lang='lat' dir='ltr'>qua</span> <span class='ocrx_word' id='word_1_588' title='bbox 3337 3297 3604 3369; x_wconf 83' lang='lat' dir='ltr'>peccando</span> <span class='ocrx_word' id='word_1_589' title='bbox 3637 3299 3870 3354; x_wconf 80' lang='lat' dir='ltr'>cecidit.</span> 
     </span>
    </p>
   </div>
   <div class='ocr_carea' id='block_1_81' title="bbox 2150 3385 3868 3455">
    <p class='ocr_par' dir='ltr' id='par_1_81' title="bbox 2150 3385 3868 3455">
     <span class='ocr_line' id='line_1_81' title="bbox 2150 3385 3868 3455; baseline 0 -15"><span class='ocrx_word' id='word_1_590' title='bbox 2150 3387 2411 3455; x_wconf 84' lang='lat' dir='ltr'>Quietum</span> <span class='ocrx_word' id='word_1_591' title='bbox 2457 3387 2737 3442; x_wconf 86' lang='lat' dir='ltr'>silentium</span> <span class='ocrx_word' id='word_1_592' title='bbox 2791 3387 3030 3442; x_wconf 79' lang='lat' dir='ltr'>hominis</span> <span class='ocrx_word' id='word_1_593' title='bbox 3079 3389 3492 3442; x_wconf 85' lang='lat' dir='ltr'>innocentis.—</span> <span class='ocrx_word' id='word_1_594' title='bbox 3520 3387 3605 3441; x_wconf 86' lang='lat' dir='ltr'>Ac</span> <span class='ocrx_word' id='word_1_595' title='bbox 3657 3385 3774 3440; x_wconf 87' lang='lat' dir='ltr'>hoc</span> <span class='ocrx_word' id='word_1_596' title='bbox 3809 3387 3868 3441; x_wconf 90' lang='lat' dir='ltr'>in</span> 
     </span>
    </p>
   </div>
   <div class='ocr_carea' id='block_1_82' title="bbox 2148 3475 3870 3548">
    <p class='ocr_par' dir='ltr' id='par_1_82' title="bbox 2148 3475 3870 3548">
     <span class='ocr_line' id='line_1_82' title="bbox 2148 3475 3870 3548; baseline 0 -17"><span class='ocrx_word' id='word_1_597' title='bbox 2148 3475 2419 3546; x_wconf 88' lang='lat' dir='ltr'>paradiso</span> <span class='ocrx_word' id='word_1_598' title='bbox 2453 3475 2627 3532; x_wconf 92' lang='lat' dir='ltr'>homo</span> <span class='ocrx_word' id='word_1_599' title='bbox 2660 3476 2880 3548; x_wconf 91' lang='lat' dir='ltr'>positus</span> <span class='ocrx_word' id='word_1_600' title='bbox 2924 3477 3134 3541; x_wconf 89' lang='lat' dir='ltr'>fuerat,</span> <span class='ocrx_word' id='word_1_601' title='bbox 3169 3485 3230 3530; x_wconf 90' lang='lat' dir='ltr'>ut</span> <span class='ocrx_word' id='word_1_602' title='bbox 3260 3476 3310 3532; x_wconf 90' lang='lat' dir='ltr'>si</span> <span class='ocrx_word' id='word_1_603' title='bbox 3342 3491 3406 3531; x_wconf 91' lang='lat' dir='ltr'>se</span> <span class='ocrx_word' id='word_1_604' title='bbox 3435 3476 3506 3531; x_wconf 89' lang='lat' dir='ltr'>ad</span> <span class='ocrx_word' id='word_1_605' title='bbox 3538 3475 3870 3532; x_wconf 91' lang='lat' dir='ltr'>conditoris</span> 
     </span>
    </p>
   </div>
   <div class='ocr_carea' id='block_1_83' title="bbox 2149 3565 3868 3636">
    <p class='ocr_par' dir='ltr' id='par_1_83' title="bbox 2149 3565 3868 3636">
     <span class='ocr_line' id='line_1_83' title="bbox 2149 3565 3868 3636; baseline -0.002 -13"><span class='ocrx_word' id='word_1_606' title='bbox 2149 3567 2240 3623; x_wconf 90' lang='lat' dir='ltr'>sui</span> <span class='ocrx_word' id='word_1_607' title='bbox 2293 3566 2682 3621; x_wconf 88' lang='lat' dir='ltr'>obedientiam</span> <span class='ocrx_word' id='word_1_608' title='bbox 2732 3565 2983 3622; x_wconf 89' lang='lat' dir='ltr'>vinculis</span> <span class='ocrx_word' id='word_1_609' title='bbox 3027 3566 3332 3622; x_wconf 90' lang='lat' dir='ltr'>charitatis</span> <span class='ocrx_word' id='word_1_610' title='bbox 3382 3565 3761 3636; x_wconf 86' lang='lat' dir='ltr'>astringeret,</span> <span class='ocrx_word' id='word_1_611' title='bbox 3801 3565 3868 3620; x_wconf 89' lang='lat' dir='ltr'>ad</span> 
     </span>
    </p>
   </div>
   <div class='ocr_carea' id='block_1_84' title="bbox 2151 3655 3870 3728">
    <p class='ocr_par' dir='ltr' id='par_1_84' title="bbox 2151 3655 3870 3728">
     <span class='ocr_line' id='line_1_84' title="bbox 2151 3655 3870 3728; baseline -0.002 -16"><span class='ocrx_word' id='word_1_612' title='bbox 2151 3656 2444 3712; x_wconf 82' lang='lat' dir='ltr'>caelestem</span> <span class='ocrx_word' id='word_1_613' title='bbox 2475 3655 2819 3727; x_wconf 92' lang='lat' dir='ltr'>angelorum</span> <span class='ocrx_word' id='word_1_614' title='bbox 2854 3657 3097 3728; x_wconf 91' lang='lat' dir='ltr'>patriam</span> <span class='ocrx_word' id='word_1_615' title='bbox 3131 3657 3475 3726; x_wconf 91' lang='lat' dir='ltr'>quandoque</span> <span class='ocrx_word' id='word_1_616' title='bbox 3510 3655 3636 3710; x_wconf 89' lang='lat' dir='ltr'>sine</span> <span class='ocrx_word' id='word_1_617' title='bbox 3668 3656 3870 3710; x_wconf 90' lang='lat' dir='ltr'>carnis</span> 
     </span>
    </p>
   </div>
   <div class='ocr_carea' id='block_1_85' title="bbox 2153 3744 3869 3817">
    <p class='ocr_par' dir='ltr' id='par_1_85' title="bbox 2153 3744 3869 3817">
     <span class='ocr_line' id='line_1_85' title="bbox 2153 3744 3869 3817; baseline -0.001 -15"><span class='ocrx_word' id='word_1_618' title='bbox 2153 3750 2336 3803; x_wconf 87' lang='lat' dir='ltr'>morte</span> <span class='ocrx_word' id='word_1_619' title='bbox 2367 3746 2661 3802; x_wconf 90' lang='lat' dir='ltr'>transiret.</span> <span class='ocrx_word' id='word_1_620' title='bbox 2695 3747 2784 3802; x_wconf 92' lang='lat' dir='ltr'>Sic</span> <span class='ocrx_word' id='word_1_621' title='bbox 2833 3761 3088 3817; x_wconf 90' lang='lat' dir='ltr'>namque</span> <span class='ocrx_word' id='word_1_622' title='bbox 3119 3744 3471 3801; x_wconf 89' lang='lat' dir='ltr'>immortalis</span> <span class='ocrx_word' id='word_1_623' title='bbox 3514 3749 3600 3800; x_wconf 86' lang='lat' dir='ltr'>est</span> <span class='ocrx_word' id='word_1_624' title='bbox 3653 3745 3869 3800; x_wconf 83' lang='lat' dir='ltr'>condi-</span> 
     </span>
    </p>
   </div>
   <div class='ocr_carea' id='block_1_86' title="bbox 2153 3834 3872 3908">
    <p class='ocr_par' dir='ltr' id='par_1_86' title="bbox 2153 3834 3872 3908">
     <span class='ocr_line' id='line_1_86' title="bbox 2153 3834 3872 3908; baseline -0.002 -16"><span class='ocrx_word' id='word_1_625' title='bbox 2153 3841 2266 3904; x_wconf 88' lang='lat' dir='ltr'>tus,</span> <span class='ocrx_word' id='word_1_626' title='bbox 2301 3841 2364 3892; x_wconf 92' lang='lat' dir='ltr'>ut</span> <span class='ocrx_word' id='word_1_627' title='bbox 2396 3841 2589 3892; x_wconf 90' lang='lat' dir='ltr'>tamen</span> <span class='ocrx_word' id='word_1_628' title='bbox 2613 3838 2661 3892; x_wconf 92' lang='lat' dir='ltr'>si</span> <span class='ocrx_word' id='word_1_629' title='bbox 2688 3841 2968 3908; x_wconf 86' lang='lat' dir='ltr'>peccaret,</span> <span class='ocrx_word' id='word_1_630' title='bbox 2993 3841 3048 3891; x_wconf 91' lang='lat' dir='ltr'>et</span> <span class='ocrx_word' id='word_1_631' title='bbox 3077 3836 3224 3891; x_wconf 86' lang='lat' dir='ltr'>mori</span> <span class='ocrx_word' id='word_1_632' title='bbox 3257 3840 3453 3905; x_wconf 81' lang='lat' dir='ltr'>posset</span> <span class='ocrx_word' id='word_1_633' title='bbox 3477 3852 3490 3900; x_wconf 90' lang='lat'><strong>;</strong></span> <span class='ocrx_word' id='word_1_634' title='bbox 3525 3839 3582 3889; x_wconf 89' lang='lat' dir='ltr'>et</span> <span class='ocrx_word' id='word_1_635' title='bbox 3603 3834 3687 3889; x_wconf 89' lang='lat' dir='ltr'>sic</span> <span class='ocrx_word' id='word_1_636' title='bbox 3713 3851 3872 3889; x_wconf 87' lang='lat' dir='ltr'>mor-</span> 
     </span>
    </p>
   </div>
   <div class='ocr_carea' id='block_1_87' title="bbox 2151 3924 3869 3998">
    <p class='ocr_par' dir='ltr' id='par_1_87' title="bbox 2151 3924 3869 3998">
     <span class='ocr_line' id='line_1_87' title="bbox 2151 3924 3869 3998; baseline -0.002 -17"><span class='ocrx_word' id='word_1_637' title='bbox 2151 3927 2283 3982; x_wconf 89' lang='lat' dir='ltr'>talis</span> <span class='ocrx_word' id='word_1_638' title='bbox 2307 3935 2390 3983; x_wconf 90' lang='lat' dir='ltr'>est</span> <span class='ocrx_word' id='word_1_639' title='bbox 2424 3929 2718 3993; x_wconf 91' lang='lat' dir='ltr'>conditus,</span> <span class='ocrx_word' id='word_1_640' title='bbox 2745 3932 2804 3982; x_wconf 88' lang='lat' dir='ltr'>ut</span> <span class='ocrx_word' id='word_1_641' title='bbox 2835 3926 2884 3982; x_wconf 91' lang='lat' dir='ltr'>si</span> <span class='ocrx_word' id='word_1_642' title='bbox 2911 3943 3024 3982; x_wconf 90' lang='lat' dir='ltr'>non</span> <span class='ocrx_word' id='word_1_643' title='bbox 3051 3930 3333 3998; x_wconf 87' lang='lat' dir='ltr'>peccaret,</span> <span class='ocrx_word' id='word_1_644' title='bbox 3358 3925 3532 3981; x_wconf 88' lang='lat' dir='ltr'>etiam</span> <span class='ocrx_word' id='word_1_645' title='bbox 3563 3941 3673 3980; x_wconf 91' lang='lat' dir='ltr'>non</span> <span class='ocrx_word' id='word_1_646' title='bbox 3709 3924 3869 3980; x_wconf 85' lang='lat' dir='ltr'>mori</span> 
     </span>
    </p>
   </div>
   <div class='ocr_carea' id='block_1_88' title="bbox 2152 4013 3858 4089">
    <p class='ocr_par' dir='ltr' id='par_1_88' title="bbox 2152 4013 3858 4089">
     <span class='ocr_line' id='line_1_88' title="bbox 2152 4013 3858 4089; baseline -0.004 -15"><span class='ocrx_word' id='word_1_647' title='bbox 2152 4021 2385 4089; x_wconf 90' lang='lat' dir='ltr'>posset;</span> <span class='ocrx_word' id='word_1_648' title='bbox 2422 4021 2595 4086; x_wconf 90' lang='lat' dir='ltr'>atque</span> <span class='ocrx_word' id='word_1_649' title='bbox 2635 4033 2703 4072; x_wconf 87' lang='lat' dir='ltr'>ex</span> <span class='ocrx_word' id='word_1_650' title='bbox 2735 4017 2937 4072; x_wconf 90' lang='lat' dir='ltr'>merito</span> <span class='ocrx_word' id='word_1_651' title='bbox 2975 4015 3142 4072; x_wconf 90' lang='lat' dir='ltr'>liberi</span> <span class='ocrx_word' id='word_1_652' title='bbox 3179 4015 3403 4072; x_wconf 91' lang='lat' dir='ltr'>arbitrii</span> <span class='ocrx_word' id='word_1_653' title='bbox 3435 4013 3858 4070; x_wconf 88' lang='lat' dir='ltr'>beatitudinem</span> 
     </span>
    </p>
   </div>
   <div class='ocr_carea' id='block_1_89' title="bbox 2152 4099 3865 4177">
    <p class='ocr_par' dir='ltr' id='par_1_89' title="bbox 2152 4099 3865 4177">
     <span class='ocr_line' id='line_1_89' title="bbox 2152 4099 3865 4177; baseline -0.003 -17"><span class='ocrx_word' id='word_1_654' title='bbox 2152 4105 2310 4162; x_wconf 91' lang='lat' dir='ltr'>illius</span> <span class='ocrx_word' id='word_1_655' title='bbox 2379 4105 2634 4177; x_wconf 87' lang='lat' dir='ltr'>regionis</span> <span class='ocrx_word' id='word_1_656' title='bbox 2674 4106 3009 4177; x_wconf 89' lang='lat' dir='ltr'>attingeret,</span> <span class='ocrx_word' id='word_1_657' title='bbox 3053 4104 3116 4161; x_wconf 92' lang='lat' dir='ltr'>in</span> <span class='ocrx_word' id='word_1_658' title='bbox 3165 4121 3278 4175; x_wconf 86' lang='lat' dir='ltr'>qua</span> <span class='ocrx_word' id='word_1_659' title='bbox 3325 4104 3415 4160; x_wconf 90' lang='lat' dir='ltr'>vel</span> <span class='ocrx_word' id='word_1_660' title='bbox 3469 4118 3715 4175; x_wconf 87' lang='lat' dir='ltr'>peccare,</span> <span class='ocrx_word' id='word_1_661' title='bbox 3769 4099 3865 4156; x_wconf 87' lang='lat' dir='ltr'>vel</span> 
     </span>
    </p>
   </div>
   <div class='ocr_carea' id='block_1_90' title="bbox 2151 4193 3866 4267">
    <p class='ocr_par' dir='ltr' id='par_1_90' title="bbox 2151 4193 3866 4267">
     <span class='ocr_line' id='line_1_90' title="bbox 2151 4193 3866 4267; baseline -0.002 -16"><span class='ocrx_word' id='word_1_662' title='bbox 2151 4195 2297 4251; x_wconf 91' lang='lat' dir='ltr'>mori</span> <span class='ocrx_word' id='word_1_663' title='bbox 2331 4213 2446 4250; x_wconf 90' lang='lat' dir='ltr'>non</span> <span class='ocrx_word' id='word_1_664' title='bbox 2480 4199 2698 4266; x_wconf 89' lang='lat' dir='ltr'>posset.</span> <span class='ocrx_word' id='word_1_665' title='bbox 2737 4195 2844 4249; x_wconf 93' lang='lat' dir='ltr'>Ubi</span> <span class='ocrx_word' id='word_1_666' title='bbox 2877 4196 3057 4267; x_wconf 91' lang='lat' dir='ltr'>igitur</span> <span class='ocrx_word' id='word_1_667' title='bbox 3087 4202 3216 4266; x_wconf 92' lang='lat' dir='ltr'>post</span> <span class='ocrx_word' id='word_1_668' title='bbox 3264 4193 3680 4266; x_wconf 90' lang='lat' dir='ltr'>redemptionis</span> <span class='ocrx_word' id='word_1_669' title='bbox 3709 4196 3866 4248; x_wconf 83' lang='lat' dir='ltr'>tem-</span> 
     </span>
    </p>
   </div>
   <div class='ocr_carea' id='block_1_91' title="bbox 2152 4281 3867 4357">
    <p class='ocr_par' dir='ltr' id='par_1_91' title="bbox 2152 4281 3867 4357">
     <span class='ocr_line' id='line_1_91' title="bbox 2152 4281 3867 4357; baseline -0.003 -16"><span class='ocrx_word' id='word_1_670' title='bbox 2152 4301 2280 4357; x_wconf 91' lang='lat' dir='ltr'>pus,</span> <span class='ocrx_word' id='word_1_671' title='bbox 2314 4285 2509 4340; x_wconf 89' lang='lat' dir='ltr'>carnis</span> <span class='ocrx_word' id='word_1_672' title='bbox 2547 4289 2734 4340; x_wconf 91' lang='lat' dir='ltr'>morte</span> <span class='ocrx_word' id='word_1_673' title='bbox 2764 4285 3132 4356; x_wconf 89' lang='lat' dir='ltr'>interposita,</span> <span class='ocrx_word' id='word_1_674' title='bbox 3164 4283 3331 4339; x_wconf 90' lang='lat' dir='ltr'>electi</span> <span class='ocrx_word' id='word_1_675' title='bbox 3363 4287 3685 4350; x_wconf 89' lang='lat' dir='ltr'>transeunt,</span> <span class='ocrx_word' id='word_1_676' title='bbox 3718 4281 3867 4336; x_wconf 90' lang='lat' dir='ltr'>illuc</span> 
     </span>
    </p>
   </div>
   <div class='ocr_carea' id='block_1_92' title="bbox 2152 4371 3865 4446">
    <p class='ocr_par' dir='ltr' id='par_1_92' title="bbox 2152 4371 3865 4446">
     <span class='ocr_line' id='line_1_92' title="bbox 2152 4371 3865 4446; baseline -0.003 -16"><span class='ocrx_word' id='word_1_677' title='bbox 2152 4374 2354 4445; x_wconf 92' lang='lat' dir='ltr'>procul</span> <span class='ocrx_word' id='word_1_678' title='bbox 2413 4374 2590 4430; x_wconf 90' lang='lat' dir='ltr'>dubio</span> <span class='ocrx_word' id='word_1_679' title='bbox 2658 4381 2928 4444; x_wconf 88' lang='lat' dir='ltr'>parentes</span> <span class='ocrx_word' id='word_1_680' title='bbox 2975 4373 3171 4446; x_wconf 90' lang='lat' dir='ltr'>primi,</span> <span class='ocrx_word' id='word_1_681' title='bbox 3226 4375 3284 4427; x_wconf 93' lang='lat' dir='ltr'>in</span> <span class='ocrx_word' id='word_1_682' title='bbox 3329 4371 3682 4429; x_wconf 91' lang='lat' dir='ltr'>conditionis</span> <span class='ocrx_word' id='word_1_683' title='bbox 3743 4387 3865 4426; x_wconf 67' lang='lat' dir='ltr'>sua</span> 
     </span>
    </p>
   </div>
   <div class='ocr_carea' id='block_1_93' title="bbox 334 4461 3862 4536">
    <p class='ocr_par' dir='ltr' id='par_1_93' title="bbox 334 4461 3862 4536">
     <span class='ocr_line' id='line_1_93' title="bbox 334 4461 3862 4536; baseline 0 -20"><span class='ocrx_word' id='word_1_684' title='bbox 334 4462 440 4517; x_wconf 88' lang='lat' dir='ltr'>Sed</span> <span class='ocrx_word' id='word_1_685' title='bbox 467 4461 913 4532; x_wconf 85' lang='lat' dir='ltr'>quipeccantem</span> <span class='ocrx_word' id='word_1_686' title='bbox 939 4462 1213 4517; x_wconf 91' lang='lat' dir='ltr'>laudibus</span> <span class='ocrx_word' id='word_1_687' title='bbox 1230 4467 2040 4534; x_wconf 87' lang='lat' dir='ltr'>prosequuntur,exstinctum</span> <span class='ocrx_word' id='word_1_688' title='bbox 2069 4465 2114 4530; x_wconf 90' lang='lat' dir='ltr'><strong>D</strong></span> <span class='ocrx_word' id='word_1_689' title='bbox 2147 4469 2300 4520; x_wconf 91' lang='lat' dir='ltr'>statu</span> <span class='ocrx_word' id='word_1_690' title='bbox 2335 4465 2714 4536; x_wconf 84' lang='lat' dir='ltr'>pertitissent,</span> <span class='ocrx_word' id='word_1_691' title='bbox 2750 4465 2923 4520; x_wconf 88' lang='lat' dir='ltr'>etiam</span> <span class='ocrx_word' id='word_1_692' title='bbox 2953 4464 3079 4520; x_wconf 89' lang='lat' dir='ltr'>sine</span> <span class='ocrx_word' id='word_1_693' title='bbox 3112 4467 3297 4518; x_wconf 91' lang='lat' dir='ltr'>morte</span> <span class='ocrx_word' id='word_1_694' title='bbox 3321 4478 3627 4533; x_wconf 88' lang='lat' dir='ltr'>corporum</span> <span class='ocrx_word' id='word_1_695' title='bbox 3663 4468 3862 4517; x_wconf 85' lang='lat' dir='ltr'>trans-</span> 
     </span>
    </p>
   </div>
   <div class='ocr_carea' id='block_1_94' title="bbox 332 4550 2038 4622">
    <p class='ocr_par' dir='ltr' id='par_1_94' title="bbox 332 4550 2038 4622">
     <span class='ocr_line' id='line_1_94' title="bbox 332 4550 2038 4622; baseline 0.003 -16"><span class='ocrx_word' id='word_1_696' title='bbox 332 4551 443 4606; x_wconf 90' lang='lat' dir='ltr'>sub</span> <span class='ocrx_word' id='word_1_697' title='bbox 469 4550 776 4605; x_wconf 91' lang='lat' dir='ltr'>verborum</span> <span class='ocrx_word' id='word_1_698' title='bbox 794 4567 1034 4605; x_wconf 91' lang='lat' dir='ltr'>suorum</span> <span class='ocrx_word' id='word_1_699' title='bbox 1059 4567 1266 4622; x_wconf 89' lang='lat' dir='ltr'>aggere</span> <span class='ocrx_word' id='word_1_700' title='bbox 1289 4553 1674 4609; x_wconf 89' lang='lat' dir='ltr'>abscondunt.</span> <span class='ocrx_word' id='word_1_701' title='bbox 1693 4555 1826 4610; x_wconf 74' lang='lat' dir='ltr'>Erat</span> <span class='ocrx_word' id='word_1_702' title='bbox 1847 4561 2038 4612; x_wconf 90' lang='lat' dir='ltr'>autem</span> 
     </span>
    </p>
   </div>
   <div class='ocr_carea' id='block_1_95' title="bbox 330 4641 2038 4717">
    <p class='ocr_par' dir='ltr' id='par_1_95' title="bbox 330 4641 2038 4717">
     <span class='ocr_line' id='line_1_95' title="bbox 330 4641 2038 4717; baseline 0.002 -21"><span class='ocrx_word' id='word_1_703' title='bbox 330 4645 386 4696; x_wconf 88' lang='lat' dir='ltr'>et</span> <span class='ocrx_word' id='word_1_704' title='bbox 415 4641 659 4695; x_wconf 86' lang='lat' dir='ltr'>Lazarus</span> <span class='ocrx_word' id='word_1_705' title='bbox 694 4644 984 4704; x_wconf 89' lang='lat' dir='ltr'>mortuus,</span> <span class='ocrx_word' id='word_1_706' title='bbox 1010 4641 1110 4695; x_wconf 91' lang='lat' dir='ltr'>sed</span> <span class='ocrx_word' id='word_1_707' title='bbox 1146 4649 1334 4696; x_wconf 89' lang='lat' dir='ltr'>tamen</span> <span class='ocrx_word' id='word_1_708' title='bbox 1367 4660 1480 4698; x_wconf 89' lang='lat' dir='ltr'>non</span> <span class='ocrx_word' id='word_1_709' title='bbox 1504 4661 1536 4699; x_wconf 91' lang='lat' dir='ltr'>a</span> <span class='ocrx_word' id='word_1_710' title='bbox 1568 4645 1811 4700; x_wconf 91' lang='lat' dir='ltr'>mortuis</span> <span class='ocrx_word' id='word_1_711' title='bbox 1841 4646 2038 4717; x_wconf 86' lang='lat' dir='ltr'>sepul-</span> 
     </span>
    </p>
   </div>
   <div class='ocr_carea' id='block_1_96' title="bbox 332 4727 2036 4804">
    <p class='ocr_par' dir='ltr' id='par_1_96' title="bbox 332 4727 2036 4804">
     <span class='ocr_line' id='line_1_96' title="bbox 332 4727 2036 4804; baseline 0.003 -19"><span class='ocrx_word' id='word_1_712' title='bbox 332 4735 451 4787; x_wconf 88' lang='lat' dir='ltr'>tus.</span> <span class='ocrx_word' id='word_1_713' title='bbox 502 4727 731 4784; x_wconf 90' lang='lat' dir='ltr'>Fideles</span> <span class='ocrx_word' id='word_1_714' title='bbox 764 4728 978 4799; x_wconf 89' lang='lat' dir='ltr'>quippe</span> <span class='ocrx_word' id='word_1_715' title='bbox 1019 4729 1292 4786; x_wconf 89' lang='lat' dir='ltr'>mulieres</span> <span class='ocrx_word' id='word_1_716' title='bbox 1333 4730 1500 4785; x_wconf 92' lang='lat' dir='ltr'>illum</span> <span class='ocrx_word' id='word_1_717' title='bbox 1544 4735 1881 4800; x_wconf 91' lang='lat' dir='ltr'>obruerant,</span> <span class='ocrx_word' id='word_1_718' title='bbox 1914 4751 2036 4804; x_wconf 70' lang='lat' dir='ltr'>quas</span> 
     </span>
    </p>
   </div>
   <div class='ocr_carea' id='block_1_97' title="bbox 331 4819 2041 4896">
    <p class='ocr_par' dir='ltr' id='par_1_97' title="bbox 331 4819 2041 4896">
     <span class='ocr_line' id='line_1_97' title="bbox 331 4819 2041 4896; baseline 0.002 -19"><span class='ocrx_word' id='word_1_719' title='bbox 331 4826 387 4877; x_wconf 92' lang='lat' dir='ltr'>et</span> <span class='ocrx_word' id='word_1_720' title='bbox 417 4823 544 4893; x_wconf 84' lang='lat' dir='ltr'>ejus</span> <span class='ocrx_word' id='word_1_721' title='bbox 579 4824 818 4876; x_wconf 87' lang='lat' dir='ltr'>mortem</span> <span class='ocrx_word' id='word_1_722' title='bbox 852 4819 1190 4876; x_wconf 88' lang='lat' dir='ltr'>vivificatori</span> <span class='ocrx_word' id='word_1_723' title='bbox 1230 4822 1600 4878; x_wconf 89' lang='lat' dir='ltr'>nuntiabant.</span> <span class='ocrx_word' id='word_1_724' title='bbox 1635 4823 1794 4880; x_wconf 91' lang='lat' dir='ltr'>Unde</span> <span class='ocrx_word' id='word_1_725' title='bbox 1824 4828 1879 4879; x_wconf 91' lang='lat' dir='ltr'>et</span> <span class='ocrx_word' id='word_1_726' title='bbox 1906 4842 2041 4896; x_wconf 86' lang='lat' dir='ltr'>pro-</span> 
     </span>
    </p>
   </div>
   <div class='ocr_carea' id='block_1_98' title="bbox 333 4909 2039 4983">
    <p class='ocr_par' dir='ltr' id='par_1_98' title="bbox 333 4909 2039 4983">
     <span class='ocr_line' id='line_1_98' title="bbox 333 4909 2039 4983; baseline 0.004 -19"><span class='ocrx_word' id='word_1_727' title='bbox 333 4910 494 4966; x_wconf 88' lang='lat' dir='ltr'>tinus</span> <span class='ocrx_word' id='word_1_728' title='bbox 522 4911 591 4966; x_wconf 91' lang='lat' dir='ltr'>ad</span> <span class='ocrx_word' id='word_1_729' title='bbox 628 4909 812 4966; x_wconf 90' lang='lat' dir='ltr'>lucem</span> <span class='ocrx_word' id='word_1_730' title='bbox 861 4910 1053 4978; x_wconf 89' lang='lat' dir='ltr'>rediit,</span> <span class='ocrx_word' id='word_1_731' title='bbox 1091 4910 1228 4980; x_wconf 89' lang='lat' dir='ltr'>quia</span> <span class='ocrx_word' id='word_1_732' title='bbox 1255 4926 1388 4965; x_wconf 91' lang='lat' dir='ltr'>cum</span> <span class='ocrx_word' id='word_1_733' title='bbox 1439 4912 1495 4966; x_wconf 93' lang='lat' dir='ltr'>in</span> <span class='ocrx_word' id='word_1_734' title='bbox 1530 4919 1760 4983; x_wconf 87' lang='lat' dir='ltr'>peccato</span> <span class='ocrx_word' id='word_1_735' title='bbox 1805 4915 2039 4970; x_wconf 91' lang='lat' dir='ltr'>animus</span> 
     </span>
    </p>
   </div>
   <div class='ocr_carea' id='block_1_99' title="bbox 335 5000 2040 5074">
    <p class='ocr_par' dir='ltr' id='par_1_99' title="bbox 335 5000 2040 5074">
     <span class='ocr_line' id='line_1_99' title="bbox 335 5000 2040 5074; baseline 0.004 -19"><span class='ocrx_word' id='word_1_736' title='bbox 335 5002 597 5066; x_wconf 85' lang='lat' dir='ltr'>moritur,</span> <span class='ocrx_word' id='word_1_737' title='bbox 650 5001 821 5057; x_wconf 91' lang='lat' dir='ltr'>citius</span> <span class='ocrx_word' id='word_1_738' title='bbox 870 5001 935 5055; x_wconf 91' lang='lat' dir='ltr'>ad</span> <span class='ocrx_word' id='word_1_739' title='bbox 983 5000 1162 5056; x_wconf 88' lang='lat' dir='ltr'>vitam</span> <span class='ocrx_word' id='word_1_740' title='bbox 1214 5001 1531 5069; x_wconf 90' lang='lat' dir='ltr'>reducitur,</span> <span class='ocrx_word' id='word_1_741' title='bbox 1568 5003 1616 5058; x_wconf 85' lang='lat' dir='ltr'>si</span> <span class='ocrx_word' id='word_1_742' title='bbox 1667 5020 1842 5074; x_wconf 90' lang='lat' dir='ltr'>super</span> <span class='ocrx_word' id='word_1_743' title='bbox 1885 5005 2040 5061; x_wconf 92' lang='lat' dir='ltr'>hunc</span> 
     </span>
    </p>
   </div>
   <div class='ocr_carea' id='block_1_100' title="bbox 405 5109 2043 5182">
    <p class='ocr_par' dir='ltr' id='par_1_100' title="bbox 405 5109 2043 5182">
     <span class='ocr_line' id='line_1_100' title="bbox 405 5109 2043 5182; baseline 0.004 -20"><span class='ocrx_word' id='word_1_744' title='bbox 405 5110 483 5180; x_wconf 75' lang='lat' dir='ltr'>(a)</span> <span class='ocrx_word' id='word_1_745' title='bbox 510 5116 563 5166; x_wconf 87' lang='lat' dir='ltr'>In</span> <span class='ocrx_word' id='word_1_746' title='bbox 589 5110 695 5165; x_wconf 88' lang='lat' dir='ltr'>Ms.</span> <span class='ocrx_word' id='word_1_747' title='bbox 722 5110 904 5178; x_wconf 91' lang='lat' dir='ltr'>Colb.,</span> <span class='ocrx_word' id='word_1_748' title='bbox 928 5117 1068 5180; x_wconf 88' lang='lat' dir='ltr'>post,</span> <span class='ocrx_word' id='word_1_749' title='bbox 1097 5109 1459 5173; x_wconf 79' lang='lat' dir='ltr'>benedicitur.</span> <span class='ocrx_word' id='word_1_750' title='bbox 1485 5111 1748 5182; x_wconf 92' lang='lat' dir='ltr'>sequitur</span> <span class='ocrx_word' id='word_1_751' title='bbox 1774 5129 1786 5166; x_wconf 92' lang='lat'>:</span> <span class='ocrx_word' id='word_1_752' title='bbox 1815 5113 2043 5181; x_wconf 81' lang='lat' dir='ltr'>difﬁcile</span> 
     </span>
    </p>
   </div>
   <div class='ocr_carea' id='block_1_101' title="bbox 339 5183 2040 5253">
    <p class='ocr_par' dir='ltr' id='par_1_101' title="bbox 339 5183 2040 5253">
     <span class='ocr_line' id='line_1_101' title="bbox 339 5183 2040 5253; baseline 0.004 -19"><span class='ocrx_word' id='word_1_753' title='bbox 339 5183 660 5235; x_wconf 80' lang='lat' dir='ltr'>emendatur</span> <span class='ocrx_word' id='word_1_754' title='bbox 697 5193 998 5252; x_wconf 62' lang='lat' dir='ltr'>peceatum,</span> <span class='ocrx_word' id='word_1_755' title='bbox 1025 5183 1163 5252; x_wconf 84' lang='lat' dir='ltr'>quod</span> <span class='ocrx_word' id='word_1_756' title='bbox 1204 5184 1403 5253; x_wconf 84' lang='lat' dir='ltr'>linguis</span> <span class='ocrx_word' id='word_1_757' title='bbox 1435 5201 1728 5251; x_wconf 75' lang='lat' dir='ltr'>pravorum</span> <span class='ocrx_word' id='word_1_758' title='bbox 1770 5187 2040 5242; x_wconf 76' lang='lat' dir='ltr'>nutritur.</span> 
     </span>
    </p>
   </div>
   <div class='ocr_carea' id='block_1_102' title="bbox 339 5255 2043 5320">
    <p class='ocr_par' dir='ltr' id='par_1_102' title="bbox 339 5255 2043 5320">
     <span class='ocr_line' id='line_1_102' title="bbox 339 5255 2043 5320; baseline 0.005 -16"><span class='ocrx_word' id='word_1_759' title='bbox 339 5255 471 5315; x_wconf 67' lang='lat' dir='ltr'>Quae</span> <span class='ocrx_word' id='word_1_760' title='bbox 505 5255 916 5320; x_wconf 88' lang='lat' dir='ltr'>verba,addito</span> <span class='ocrx_word' id='word_1_761' title='bbox 950 5257 1093 5309; x_wconf 86' lang='lat' dir='ltr'>enim</span> <span class='ocrx_word' id='word_1_762' title='bbox 1118 5255 1401 5309; x_wconf 89' lang='lat' dir='ltr'>Gussanv.</span> <span class='ocrx_word' id='word_1_763' title='bbox 1433 5257 1488 5308; x_wconf 90' lang='lat' dir='ltr'>in</span> <span class='ocrx_word' id='word_1_764' title='bbox 1523 5267 1692 5311; x_wconf 77' lang='lat' dir='ltr'>suam</span> <span class='ocrx_word' id='word_1_765' title='bbox 1727 5257 2043 5312; x_wconf 86' lang='lat' dir='ltr'>editionem</span> 
     </span>
    </p>
   </div>
   <div class='ocr_carea' id='block_1_103' title="bbox 341 5324 2044 5400">
    <p class='ocr_par' dir='ltr' id='par_1_103' title="bbox 341 5324 2044 5400">
     <span class='ocr_line' id='line_1_103' title="bbox 341 5324 2044 5400; baseline 0.005 -24"><span class='ocrx_word' id='word_1_766' title='bbox 341 5324 660 5400; x_wconf 79' lang='lat' dir='ltr'>transtulit,</span> <span class='ocrx_word' id='word_1_767' title='bbox 696 5326 964 5400; x_wconf 76' lang='lat' dir='ltr'>quamvis</span> <span class='ocrx_word' id='word_1_768' title='bbox 1012 5327 1291 5400; x_wconf 86' lang='lat' dir='ltr'>orationis</span> <span class='ocrx_word' id='word_1_769' title='bbox 1339 5327 1548 5382; x_wconf 89' lang='lat' dir='ltr'>seriem</span> <span class='ocrx_word' id='word_1_770' title='bbox 1599 5327 1846 5393; x_wconf 89' lang='lat' dir='ltr'>solvant,</span> <span class='ocrx_word' id='word_1_771' title='bbox 1881 5333 1936 5382; x_wconf 92' lang='lat' dir='ltr'>et</span> <span class='ocrx_word' id='word_1_772' title='bbox 1974 5329 2044 5384; x_wconf 87' lang='lat' dir='ltr'>ab</span> 
     </span>
    </p>
   </div>
   <div class='ocr_carea' id='block_1_104' title="bbox 339 5394 2044 5472">
    <p class='ocr_par' dir='ltr' id='par_1_104' title="bbox 339 5394 2044 5472">
     <span class='ocr_line' id='line_1_104' title="bbox 339 5394 2044 5472; baseline 0.004 -24"><span class='ocrx_word' id='word_1_773' title='bbox 339 5394 614 5472; x_wconf 81' lang='lat' dir='ltr'>omnibus</span> <span class='ocrx_word' id='word_1_774' title='bbox 657 5395 786 5472; x_wconf 79' lang='lat' dir='ltr'>aliis</span> <span class='ocrx_word' id='word_1_775' title='bbox 833 5396 1081 5450; x_wconf 89' lang='lat' dir='ltr'>Codicib.</span> <span class='ocrx_word' id='word_1_776' title='bbox 1118 5399 1236 5454; x_wconf 88' lang='lat' dir='ltr'>sive</span> <span class='ocrx_word' id='word_1_777' title='bbox 1272 5416 1443 5454; x_wconf 87' lang='lat' dir='ltr'>manu</span> <span class='ocrx_word' id='word_1_778' title='bbox 1487 5402 1760 5468; x_wconf 86' lang='lat' dir='ltr'>exaratis,</span> <span class='ocrx_word' id='word_1_779' title='bbox 1796 5401 1916 5456; x_wconf 89' lang='lat' dir='ltr'>sive</span> <span class='ocrx_word' id='word_1_780' title='bbox 1947 5417 2044 5456; x_wconf 89' lang='lat' dir='ltr'>ex-</span> 
     </span>
    </p>
   </div>
   <div class='ocr_carea' id='block_1_105' title="bbox 339 5463 808 5519">
    <p class='ocr_par' dir='ltr' id='par_1_105' title="bbox 339 5463 808 5519">
     <span class='ocr_line' id='line_1_105' title="bbox 339 5463 808 5519; baseline 0 -1"><span class='ocrx_word' id='word_1_781' title='bbox 339 5463 499 5518; x_wconf 90' lang='lat' dir='ltr'>cusis</span> <span class='ocrx_word' id='word_1_782' title='bbox 528 5463 808 5519; x_wconf 83' lang='lat' dir='ltr'>exsulent.</span> 
     </span>
    </p>
   </div>
   <div class='ocr_carea' id='block_1_106' title="bbox 415 5535 2046 5618">
    <p class='ocr_par' dir='ltr' id='par_1_106' title="bbox 415 5535 2046 5618">
     <span class='ocr_line' id='line_1_106' title="bbox 415 5535 2046 5618; baseline 0.008 -31"><span class='ocrx_word' id='word_1_783' title='bbox 415 5536 491 5618; x_wconf 66' lang='lat' dir='ltr'>(b)</span> <span class='ocrx_word' id='word_1_784' title='bbox 517 5535 578 5588; x_wconf 91' lang='lat' dir='ltr'><strong>In</strong></span> <span class='ocrx_word' id='word_1_785' title='bbox 604 5535 750 5607; x_wconf 88' lang='lat' dir='ltr'>pler.</span> <span class='ocrx_word' id='word_1_786' title='bbox 779 5538 1620 5618; x_wconf 54' lang='lat' dir='ltr'>Mss.,sinemortupssepeliant</span> <span class='ocrx_word' id='word_1_787' title='bbox 1641 5551 1882 5601; x_wconf 83' lang='lat' dir='ltr'>mortuos</span> <span class='ocrx_word' id='word_1_788' title='bbox 1903 5561 2046 5601; x_wconf 83' lang='lat' dir='ltr'>suos.</span> 
     </span>
    </p>
   </div>
   <div class='ocr_carea' id='block_1_107' title="bbox 344 5605 2049 5683">
    <p class='ocr_par' dir='ltr' id='par_1_107' title="bbox 344 5605 2049 5683">
     <span class='ocr_line' id='line_1_107' title="bbox 344 5605 2049 5683; baseline 0.006 -21"><span class='ocrx_word' id='word_1_789' title='bbox 344 5605 548 5683; x_wconf 82' lang='lat' dir='ltr'>Melius</span> <span class='ocrx_word' id='word_1_790' title='bbox 605 5605 758 5662; x_wconf 75' lang='lat' dir='ltr'>unus</span> <span class='ocrx_word' id='word_1_791' title='bbox 797 5610 1112 5683; x_wconf 56' lang='lat' dir='ltr'>Compend.</span> <span class='ocrx_word' id='word_1_792' title='bbox 1147 5621 1198 5665; x_wconf 90' lang='lat' dir='ltr'>et</span> <span class='ocrx_word' id='word_1_793' title='bbox 1246 5605 1508 5683; x_wconf 12' lang='lat' dir='ltr'>Val.rCl.,</span> <span class='ocrx_word' id='word_1_794' title='bbox 1541 5619 1655 5670; x_wconf 85' lang='lat' dir='ltr'>sine</span> <span class='ocrx_word' id='word_1_795' title='bbox 1697 5625 1956 5682; x_wconf 87' lang='lat' dir='ltr'>mortuos,</span> <span class='ocrx_word' id='word_1_796' title='bbox 1989 5621 2049 5673; x_wconf 85' lang='lat' dir='ltr'>ut</span> 
     </span>
    </p>
   </div>
   <div class='ocr_carea' id='block_1_108' title="bbox 345 5679 1932 5754">
    <p class='ocr_par' dir='ltr' id='par_1_108' title="bbox 345 5679 1932 5754">
     <span class='ocr_line' id='line_1_108' title="bbox 345 5679 1932 5754; baseline 0.008 -21"><span class='ocrx_word' id='word_1_797' title='bbox 345 5679 611 5752; x_wconf 85' lang='lat' dir='ltr'>sepeliant</span> <span class='ocrx_word' id='word_1_798' title='bbox 643 5683 882 5737; x_wconf 87' lang='lat' dir='ltr'>mortuos</span> <span class='ocrx_word' id='word_1_799' title='bbox 915 5693 1058 5734; x_wconf 86' lang='lat' dir='ltr'>suos.</span> <span class='ocrx_word' id='word_1_800' title='bbox 1091 5681 1175 5736; x_wconf 89' lang='lat' dir='ltr'>Ita</span> <span class='ocrx_word' id='word_1_801' title='bbox 1205 5683 1341 5738; x_wconf 87' lang='lat' dir='ltr'>olim</span> <span class='ocrx_word' id='word_1_802' title='bbox 1374 5679 1670 5754; x_wconf 85' lang='lat' dir='ltr'>legebatur</span> <span class='ocrx_word' id='word_1_803' title='bbox 1699 5687 1756 5743; x_wconf 91' lang='lat' dir='ltr'>in</span> <span class='ocrx_word' id='word_1_804' title='bbox 1787 5687 1932 5746; x_wconf 89' lang='lat' dir='ltr'>Utic.</span> 
     </span>
    </p>
   </div>
   <div class='ocr_carea' id='block_1_109' title="bbox 2151 4551 3864 4626">
    <p class='ocr_par' dir='ltr' id='par_1_109' title="bbox 2151 4551 3864 4626">
     <span class='ocr_line' id='line_1_109' title="bbox 2151 4551 3864 4626; baseline -0.002 -17"><span class='ocrx_word' id='word_1_805' title='bbox 2151 4554 2285 4610; x_wconf 90' lang='lat' dir='ltr'>ferri</span> <span class='ocrx_word' id='word_1_806' title='bbox 2340 4553 2687 4626; x_wconf 88' lang='lat' dir='ltr'>potuissent.</span> <span class='ocrx_word' id='word_1_807' title='bbox 2723 4553 3031 4609; x_wconf 89' lang='lat' dir='ltr'>Dormiens</span> <span class='ocrx_word' id='word_1_808' title='bbox 3080 4553 3259 4625; x_wconf 89' lang='lat' dir='ltr'>igitur</span> <span class='ocrx_word' id='word_1_809' title='bbox 3303 4551 3517 4620; x_wconf 88' lang='lat' dir='ltr'>sileret,</span> <span class='ocrx_word' id='word_1_810' title='bbox 3551 4555 3608 4608; x_wconf 90' lang='lat' dir='ltr'>et</span> <span class='ocrx_word' id='word_1_811' title='bbox 3654 4566 3864 4607; x_wconf 89' lang='lat' dir='ltr'>somno</span> 
     </span>
    </p>
   </div>
   <div class='ocr_carea' id='block_1_110' title="bbox 2151 4641 3864 4714">
    <p class='ocr_par' dir='ltr' id='par_1_110' title="bbox 2151 4641 3864 4714">
     <span class='ocr_line' id='line_1_110' title="bbox 2151 4641 3864 4714; baseline -0.004 -13"><span class='ocrx_word' id='word_1_812' title='bbox 2151 4660 2255 4701; x_wconf 89' lang='lat' dir='ltr'>suo</span> <span class='ocrx_word' id='word_1_813' title='bbox 2288 4644 2464 4700; x_wconf 92' lang='lat' dir='ltr'>homo</span> <span class='ocrx_word' id='word_1_814' title='bbox 2517 4645 2921 4714; x_wconf 88' lang='lat' dir='ltr'>requiesceret,</span> <span class='ocrx_word' id='word_1_815' title='bbox 2955 4645 3096 4698; x_wconf 89' lang='lat' dir='ltr'>dum</span> <span class='ocrx_word' id='word_1_816' title='bbox 3146 4643 3214 4698; x_wconf 91' lang='lat' dir='ltr'>ad</span> <span class='ocrx_word' id='word_1_817' title='bbox 3254 4647 3481 4699; x_wconf 63' lang='lat' dir='ltr'>eterna</span> <span class='ocrx_word' id='word_1_818' title='bbox 3529 4641 3734 4713; x_wconf 86' lang='lat' dir='ltr'>patriae</span> <span class='ocrx_word' id='word_1_819' title='bbox 3770 4658 3864 4696; x_wconf 88' lang='lat' dir='ltr'>re-</span> 
     </span>
    </p>
   </div>
   <div class='ocr_carea' id='block_1_111' title="bbox 2152 4732 3864 4808">
    <p class='ocr_par' dir='ltr' id='par_1_111' title="bbox 2152 4732 3864 4808">
     <span class='ocr_line' id='line_1_111' title="bbox 2152 4732 3864 4808; baseline -0.002 -18"><span class='ocrx_word' id='word_1_820' title='bbox 2152 4735 2347 4808; x_wconf 90' lang='lat' dir='ltr'>quiem</span> <span class='ocrx_word' id='word_1_821' title='bbox 2370 4736 2607 4806; x_wconf 91' lang='lat' dir='ltr'>ductus,</span> <span class='ocrx_word' id='word_1_822' title='bbox 2625 4735 2792 4806; x_wconf 92' lang='lat' dir='ltr'>quasi</span> <span class='ocrx_word' id='word_1_823' title='bbox 2815 4736 3196 4805; x_wconf 91' lang='lat' dir='ltr'>(e)secessum</span> <span class='ocrx_word' id='word_1_824' title='bbox 3220 4733 3540 4805; x_wconf 88' lang='lat' dir='ltr'>quemdam</span> <span class='ocrx_word' id='word_1_825' title='bbox 3557 4749 3588 4786; x_wconf 92' lang='lat' dir='ltr'>a</span> <span class='ocrx_word' id='word_1_826' title='bbox 3610 4732 3864 4788; x_wconf 86' lang='lat' dir='ltr'>clamore</span> 
     </span>
    </p>
   </div>
   <div class='ocr_carea' id='block_1_112' title="bbox 2152 4822 3861 4894">
    <p class='ocr_par' dir='ltr' id='par_1_112' title="bbox 2152 4822 3861 4894">
     <span class='ocr_line' id='line_1_112' title="bbox 2152 4822 3861 4894; baseline -0.002 -14"><span class='ocrx_word' id='word_1_827' title='bbox 2152 4825 2261 4880; x_wconf 90' lang='lat' dir='ltr'>hoc</span> <span class='ocrx_word' id='word_1_828' title='bbox 2295 4825 2562 4881; x_wconf 76' lang='lat' dir='ltr'>humanae</span> <span class='ocrx_word' id='word_1_829' title='bbox 2613 4825 2971 4881; x_wconf 89' lang='lat' dir='ltr'>infirmitatis</span> <span class='ocrx_word' id='word_1_830' title='bbox 3021 4824 3326 4880; x_wconf 85' lang='lat' dir='ltr'>inveniret.</span> <span class='ocrx_word' id='word_1_831' title='bbox 3371 4822 3508 4879; x_wconf 89' lang='lat' dir='ltr'>Post</span> <span class='ocrx_word' id='word_1_832' title='bbox 3559 4829 3861 4894; x_wconf 89' lang='lat' dir='ltr'>peccatum</span> 
     </span>
    </p>
   </div>
   <div class='ocr_carea' id='block_1_113' title="bbox 2153 4913 3868 4987">
    <p class='ocr_par' dir='ltr' id='par_1_113' title="bbox 2153 4913 3868 4987">
     <span class='ocr_line' id='line_1_113' title="bbox 2153 4913 3868 4987; baseline -0.003 -16"><span class='ocrx_word' id='word_1_833' title='bbox 2153 4931 2406 4986; x_wconf 87' lang='lat' dir='ltr'>namque</span> <span class='ocrx_word' id='word_1_834' title='bbox 2427 4915 2592 4987; x_wconf 92' lang='lat' dir='ltr'>quasi</span> <span class='ocrx_word' id='word_1_835' title='bbox 2619 4914 2879 4970; x_wconf 91' lang='lat' dir='ltr'>clamans</span> <span class='ocrx_word' id='word_1_836' title='bbox 2909 4915 3128 4987; x_wconf 89' lang='lat' dir='ltr'>vigilat,</span> <span class='ocrx_word' id='word_1_837' title='bbox 3150 4914 3251 4985; x_wconf 89' lang='lat' dir='ltr'>qui</span> <span class='ocrx_word' id='word_1_838' title='bbox 3284 4913 3714 4970; x_wconf 88' lang='lat' dir='ltr'>contentionem</span> <span class='ocrx_word' id='word_1_839' title='bbox 3736 4927 3868 4966; x_wconf 86' lang='lat' dir='ltr'>car-</span> 
     </span>
    </p>
   </div>
   <div class='ocr_carea' id='block_1_114' title="bbox 2155 5002 3865 5078">
    <p class='ocr_par' dir='ltr' id='par_1_114' title="bbox 2155 5002 3865 5078">
     <span class='ocr_line' id='line_1_114' title="bbox 2155 5002 3865 5078; baseline -0.003 -16"><span class='ocrx_word' id='word_1_840' title='bbox 2155 5007 2248 5062; x_wconf 89' lang='lat' dir='ltr'>nis</span> <span class='ocrx_word' id='word_1_841' title='bbox 2279 5007 2519 5078; x_wconf 62' lang='lat' dir='ltr'>proprias</span> <span class='ocrx_word' id='word_1_842' title='bbox 2553 5021 2885 5078; x_wconf 90' lang='lat' dir='ltr'>repugnans</span> <span class='ocrx_word' id='word_1_843' title='bbox 2916 5009 3122 5076; x_wconf 89' lang='lat' dir='ltr'>portat.</span> <span class='ocrx_word' id='word_1_844' title='bbox 3158 5005 3273 5062; x_wconf 87' lang='lat' dir='ltr'>Hoc</span> <span class='ocrx_word' id='word_1_845' title='bbox 3314 5005 3530 5075; x_wconf 88' lang='lat' dir='ltr'>quietis</span> <span class='ocrx_word' id='word_1_846' title='bbox 3562 5002 3865 5059; x_wconf 89' lang='lat' dir='ltr'>silentium</span> 
     </span>
    </p>
   </div>
   <div class='ocr_carea' id='block_1_115' title="bbox 2226 5111 3864 5182">
    <p class='ocr_par' dir='ltr' id='par_1_115' title="bbox 2226 5111 3864 5182">
     <span class='ocr_line' id='line_1_115' title="bbox 2226 5111 3864 5182; baseline -0.003 -14"><span class='ocrx_word' id='word_1_847' title='bbox 2226 5114 2297 5182; x_wconf 80' lang='grc' dir='ltr'>(ο)</span> <span class='ocrx_word' id='word_1_848' title='bbox 2333 5113 2624 5169; x_wconf 89' lang='lat' dir='ltr'>Barthol.:</span> <span class='ocrx_word' id='word_1_849' title='bbox 2663 5112 2801 5180; x_wconf 83' lang='lat' dir='ltr'>Quid</span> <span class='ocrx_word' id='word_1_850' title='bbox 2831 5115 2978 5168; x_wconf 88' lang='lat' dir='ltr'>enim</span> <span class='ocrx_word' id='word_1_851' title='bbox 3002 5119 3079 5168; x_wconf 81' lang='lat' dir='ltr'>est</span> <span class='ocrx_word' id='word_1_852' title='bbox 3109 5111 3270 5167; x_wconf 85' lang='lat' dir='ltr'>aliud</span> <span class='ocrx_word' id='word_1_853' title='bbox 3307 5111 3535 5177; x_wconf 81' lang='lat' dir='ltr'>sepelire</span> <span class='ocrx_word' id='word_1_854' title='bbox 3565 5127 3728 5181; x_wconf 87' lang='lat' dir='ltr'>quam</span> <span class='ocrx_word' id='word_1_855' title='bbox 3771 5125 3864 5164; x_wconf 81' lang='lat' dir='ltr'>oc-</span> 
     </span>
    </p>
   </div>
   <div class='ocr_carea' id='block_1_116' title="bbox 2155 5183 3866 5254">
    <p class='ocr_par' dir='ltr' id='par_1_116' title="bbox 2155 5183 3866 5254">
     <span class='ocr_line' id='line_1_116' title="bbox 2155 5183 3866 5254; baseline -0.002 -16"><span class='ocrx_word' id='word_1_856' title='bbox 2155 5186 2382 5240; x_wconf 81' lang='lat' dir='ltr'>culere?</span> <span class='ocrx_word' id='word_1_857' title='bbox 2411 5185 2512 5239; x_wconf 86' lang='lat' dir='ltr'>Sed</span> <span class='ocrx_word' id='word_1_858' title='bbox 2551 5187 2665 5254; x_wconf 85' lang='lat' dir='ltr'>qui.</span> <span class='ocrx_word' id='word_1_859' title='bbox 2697 5184 2833 5239; x_wconf 79' lang='lat' dir='ltr'>Alias</span> <span class='ocrx_word' id='word_1_860' title='bbox 2879 5189 2991 5239; x_wconf 90' lang='lat' dir='ltr'>vet.</span> <span class='ocrx_word' id='word_1_861' title='bbox 3046 5184 3144 5239; x_wconf 87' lang='lat' dir='ltr'>Ed.</span> <span class='ocrx_word' id='word_1_862' title='bbox 3182 5201 3312 5239; x_wconf 90' lang='lat' dir='ltr'>eum</span> <span class='ocrx_word' id='word_1_863' title='bbox 3364 5184 3501 5239; x_wconf 85' lang='lat' dir='ltr'>Mss.</span> <span class='ocrx_word' id='word_1_864' title='bbox 3556 5183 3718 5253; x_wconf 80' lang='lat' dir='ltr'>Ileg.,</span> <span class='ocrx_word' id='word_1_865' title='bbox 3761 5197 3866 5252; x_wconf 91' lang='lat' dir='ltr'>pro</span> 
     </span>
    </p>
   </div>
   <div class='ocr_carea' id='block_1_117' title="bbox 2157 5255 3863 5322">
    <p class='ocr_par' dir='ltr' id='par_1_117' title="bbox 2157 5255 3863 5322">
     <span class='ocr_line' id='line_1_117' title="bbox 2157 5255 3863 5322; baseline -0.003 -11"><span class='ocrx_word' id='word_1_866' title='bbox 2157 5257 2416 5320; x_wconf 86' lang='lat' dir='ltr'>occulere,</span> <span class='ocrx_word' id='word_1_867' title='bbox 2466 5256 2697 5322; x_wconf 88' lang='lat' dir='ltr'>habent,</span> <span class='ocrx_word' id='word_1_868' title='bbox 2731 5257 3058 5312; x_wconf 76' lang='lat' dir='ltr'>occumbere.</span> <span class='ocrx_word' id='word_1_869' title='bbox 3092 5257 3154 5310; x_wconf 92' lang='lat' dir='ltr'><strong>In</strong></span> <span class='ocrx_word' id='word_1_870' title='bbox 3205 5255 3334 5310; x_wconf 87' lang='lat' dir='ltr'>aliis</span> <span class='ocrx_word' id='word_1_871' title='bbox 3385 5258 3518 5310; x_wconf 82' lang='lat' dir='ltr'>Mss.</span> <span class='ocrx_word' id='word_1_872' title='bbox 3552 5255 3863 5316; x_wconf 91' lang='lat' dir='ltr'>omittitur,</span> 
     </span>
    </p>
   </div>
   <div class='ocr_carea' id='block_1_118' title="bbox 2156 5326 3862 5399">
    <p class='ocr_par' dir='ltr' id='par_1_118' title="bbox 2156 5326 3862 5399">
     <span class='ocr_line' id='line_1_118' title="bbox 2156 5326 3862 5399; baseline -0.004 -16"><span class='ocrx_word' id='word_1_873' title='bbox 2156 5332 2209 5383; x_wconf 89' lang='lat' dir='ltr'>et</span> <span class='ocrx_word' id='word_1_874' title='bbox 2249 5328 2482 5398; x_wconf 86' lang='lat' dir='ltr'>sepelire</span> <span class='ocrx_word' id='word_1_875' title='bbox 2520 5345 2682 5397; x_wconf 87' lang='lat' dir='ltr'>quam</span> <span class='ocrx_word' id='word_1_876' title='bbox 2731 5328 3074 5383; x_wconf 83' lang='lat' dir='ltr'>abscondere.</span> <span class='ocrx_word' id='word_1_877' title='bbox 3126 5329 3283 5393; x_wconf 85' lang='lat' dir='ltr'>Quod</span> <span class='ocrx_word' id='word_1_878' title='bbox 3337 5327 3487 5399; x_wconf 80' lang='lat' dir='ltr'>typis</span> <span class='ocrx_word' id='word_1_879' title='bbox 3535 5327 3672 5381; x_wconf 89' lang='lat' dir='ltr'>data</span> <span class='ocrx_word' id='word_1_880' title='bbox 3722 5326 3862 5388; x_wconf 85' lang='lat' dir='ltr'>sint,</span> 
     </span>
    </p>
   </div>
   <div class='ocr_carea' id='block_1_119' title="bbox 2156 5399 2686 5456">
    <p class='ocr_par' dir='ltr' id='par_1_119' title="bbox 2156 5399 2686 5456">
     <span class='ocr_line' id='line_1_119' title="bbox 2156 5399 2686 5456; baseline -0.006 0"><span class='ocrx_word' id='word_1_881' title='bbox 2156 5401 2360 5456; x_wconf 91' lang='lat' dir='ltr'>Coccio</span> <span class='ocrx_word' id='word_1_882' title='bbox 2386 5399 2686 5454; x_wconf 90' lang='lat' dir='ltr'>debemus.</span> 
     </span>
    </p>
   </div>
   <div class='ocr_carea' id='block_1_120' title="bbox 2229 5471 3663 5542">
    <p class='ocr_par' dir='ltr' id='par_1_120' title="bbox 2229 5471 3663 5542">
     <span class='ocr_line' id='line_1_120' title="bbox 2229 5471 3663 5542; baseline 0.002 -18"><span class='ocrx_word' id='word_1_883' title='bbox 2229 5472 2304 5541; x_wconf 78' lang='grc' dir='ltr'>(ά)</span> <span class='ocrx_word' id='word_1_884' title='bbox 2336 5472 2603 5536; x_wconf 89' lang='lat' dir='ltr'>Vindoc.,</span> <span class='ocrx_word' id='word_1_885' title='bbox 2635 5471 2890 5538; x_wconf 79' lang='lat' dir='ltr'>subiectis</span> <span class='ocrx_word' id='word_1_886' title='bbox 2916 5471 3191 5541; x_wconf 84' lang='lat' dir='ltr'>pravitati</span> <span class='ocrx_word' id='word_1_887' title='bbox 3218 5473 3450 5540; x_wconf 86' lang='lat' dir='ltr'>genibus</span> <span class='ocrx_word' id='word_1_888' title='bbox 3481 5487 3663 5542; x_wconf 71' lang='lat' dir='ltr'>excep.</span> 
     </span>
    </p>
   </div>
   <div class='ocr_carea' id='block_1_121' title="bbox 2229 5539 3864 5616">
    <p class='ocr_par' dir='ltr' id='par_1_121' title="bbox 2229 5539 3864 5616">
     <span class='ocr_line' id='line_1_121' title="bbox 2229 5539 3864 5616; baseline -0.001 -20"><span class='ocrx_word' id='word_1_889' title='bbox 2229 5539 2300 5614; x_wconf 77' lang='grc' dir='ltr'>(ε)</span> <span class='ocrx_word' id='word_1_890' title='bbox 2334 5543 2490 5611; x_wconf 90' lang='lat' dir='ltr'>Mss.,</span> <span class='ocrx_word' id='word_1_891' title='bbox 2518 5558 2729 5616; x_wconf 79' lang='lat' dir='ltr'>magno</span> <span class='ocrx_word' id='word_1_892' title='bbox 2749 5539 3352 5616; x_wconf 20' lang='lat' dir='ltr'>consensu,seces’sum</span> <span class='ocrx_word' id='word_1_893' title='bbox 3381 5539 3650 5616; x_wconf 74' lang='lat' dir='ltr'>quoddam</span> <span class='ocrx_word' id='word_1_894' title='bbox 3682 5539 3774 5597; x_wconf 89' lang='lat' dir='ltr'>hic</span> <span class='ocrx_word' id='word_1_895' title='bbox 3805 5540 3864 5596; x_wconf 86' lang='lat' dir='ltr'>et</span> 
     </span>
    </p>
   </div>
   <div class='ocr_carea' id='block_1_122' title="bbox 2159 5613 3326 5688">
    <p class='ocr_par' dir='ltr' id='par_1_122' title="bbox 2159 5613 3326 5688">
     <span class='ocr_line' id='line_1_122' title="bbox 2159 5613 3326 5688; baseline 0.002 -18"><span class='ocrx_word' id='word_1_896' title='bbox 2159 5613 2337 5683; x_wconf 84' lang='lat' dir='ltr'>infra,</span> <span class='ocrx_word' id='word_1_897' title='bbox 2370 5631 2496 5686; x_wconf 89' lang='lat' dir='ltr'>cap.</span> <span class='ocrx_word' id='word_1_898' title='bbox 2533 5613 2729 5683; x_wconf 23' lang='lat'>01.728,</span> <span class='ocrx_word' id='word_1_899' title='bbox 2754 5631 2910 5672; x_wconf 88' lang='lat' dir='ltr'>nunc</span> <span class='ocrx_word' id='word_1_900' title='bbox 2941 5632 2989 5671; x_wconf 92' lang='lat' dir='ltr'>c.</span> <span class='ocrx_word' id='word_1_901' title='bbox 3023 5615 3112 5688; x_wconf 86' lang='lat'>29,</span> <span class='ocrx_word' id='word_1_902' title='bbox 3147 5633 3204 5671; x_wconf 91' lang='lat' dir='ltr'>n.</span> <span class='ocrx_word' id='word_1_903' title='bbox 3235 5616 3326 5672; x_wconf 83' lang='lat'>58.</span> 
     </span>
    </p>
   </div>
  </div>
