4134 6174
228 241 348 305 665

1147 225 1567 291 MORALIUM
1611 224 1759 285 LIB.
1808 222 1916 283 IV.
1963 255 2039 266 —
2083 224 2164 282 IN
2208 223 2377 285 CAP.
2430 228 2512 288 III
2561 229 2630 290 Β.
2675 230 2841 292 .1οΒ.

3632 236 3751 298 666

228 378 407 433 homo
437 371 709 430 conditus
741 367 967 434 habuit,
1001 380 1131 421 cum
1155 369 1377 419 contrat
1408 361 1635 417 hostem
1668 374 1840 414 suum
1866 357 1937 411 li-
1971 356 2025 423 Α
2057 357 2126 412 lis
2182 358 2347 415 homo
2380 361 2723 433 quiesceret,
2771 366 2821 420 si
2866 367 3229 438 persuasoris
3277 367 3535 440 linguam
3584 368 3746 441 sequi

230 466 435 521 herum
486 459 805 518 voluntatis
849 456 1154 512 arbitrium
1213 455 1457 526 accepit.
1506 451 1609 507 Cui
1652 448 1787 520 quia
1836 464 1941 504 sua

228 559 437 627 sponte
485 548 813 616 succubuit,
855 564 982 601 mox
1027 547 1097 601 de
1146 561 1228 613 se,
1280 543 1433 615 quod
1469 550 1670 599 contra
1719 558 1780 597 se
1813 558 1943 611 per-

230 646 539 715 streperet,
609 639 847 704 invenit,
901 653 1035 692 mox
1092 635 1151 689 in
1202 634 1521 689 certamine
1582 630 1941 687 inﬁrmitatis

230 729 521 787 tumultus
570 726 821 800 reperit;
881 730 937 780 et
994 722 1265 796 quamvis
1306 722 1364 776 in
1418 737 1553 793 pace
1606 719 1821 775 silentii
1870 718 1941 775 ab

234 824 475 877 auctore
506 819 694 875 fuerat
724 816 1015 883 conditus,
1044 813 1193 869 hosti
1225 818 1417 867 tamen
1443 814 1648 881 sponte
1681 810 1947 865 substra-

236 921 349 983 tus,
396 910 683 966 clamores
741 908 811 963 de
843 922 1037 978 pugna
1067 904 1352 960 toleravit.
1406 902 1535 973 Ipsa
1566 901 1719 956 enim
1752 902 1942 956 carnis

235 1001 560 1075 suggestio,
593 998 763 1071 quasi
804 998 1041 1069 quidam
1074 994 1294 1050 clamor
1319 998 1406 1048 est
1455 997 1659 1047 contra
1690 992 1942 1063 quietem

238 1094 479 1156 mentis,
512 1106 682 1161 quam
734 1095 864 1144 ante
898 1086 1420 1156 transgressionem
1462 1084 1637 1138 homo
1667 1100 1777 1138 non
1811 1099 1941 1137 sen-

237 1183 313 1237 sit
353 1198 368 1248 ;
404 1180 537 1252 quia
581 1178 857 1234 nimirum
892 1177 1046 1248 quod
1096 1176 1163 1230 de
1198 1175 1534 1229 infirmitate
1567 1180 1757 1244 posset
1806 1172 1946 1230 tole-

231 1288 383 1335 rare,
443 1286 559 1325 non
617 1268 842 1324 habuit.
905 1267 1217 1337 Postquam
1249 1282 1380 1320 vero
1415 1282 1475 1319 se
1535 1268 1745 1335 sponte
1790 1264 1940 1319 hosti

231 1360 513 1425 subdidit,
537 1358 810 1414 astrictus
831 1356 1014 1427 culpae
1047 1372 1163 1411 suas
1196 1354 1466 1422 vinculis,
1493 1353 1552 1408 in
1586 1354 1941 1424 quibusdam

235 1452 284 1507 ei
319 1450 495 1506 etiam
530 1448 732 1504 nolens
765 1446 960 1511 servit,
993 1450 1047 1501 et
1077 1444 1357 1501 clamores
1390 1445 1447 1499 in
1478 1449 1671 1499 mente
1705 1445 1942 1515 patitur,

235 1557 372 1597 cum
407 1555 541 1596 caro
572 1537 804 1609 spiritui
837 1536 1173 1591 reluctatur.
1206 1537 1289 1588 An
1325 1551 1439 1589 non
1473 1533 1757 1589 clamores
1790 1535 1938 1590 ηπ

236 1627 597 1683 intrinsecus
620 1624 912 1689 audiebat,
940 1624 1037 1695 qui
1065 1640 1250 1696 pravas
1285 1630 1485 1678 contra
1517 1638 1577 1677 se
1600 1620 1747 1693 legis
1772 1624 1946 1680 verba

2051 448 2352 507 noluisset.
2389 454 2495 519 Qui
2554 456 2700 512 bene
2732 457 2905 514 etiam
2961 458 3231 514 consules
3270 466 3569 527 vocantur,
3614 460 3753 531 quia

2051 540 2297 610 spiritali
2332 543 2663 614 reipublicae
2712 548 3046 617 consulunt,
3080 551 3221 604 dum
3258 567 3361 606 nos
3392 550 3503 605 sibi
3550 550 3621 605 ad
3656 566 3754 604 re-

2050 646 2230 700 gnum
2266 633 2454 688 socios
2478 635 2759 707 jungunt.
2797 636 2948 693 Bene
2980 641 3252 695 consules
3284 644 3587 706 vocantur,
3615 638 3753 711 quia

2054 722 2192 777 dum
2226 724 2368 794 ipsis
2399 728 2808 787 nuntiantibus
2844 731 3201 787 voluntatem
3236 732 3551 788 conditoris
3582 746 3753 800 agno-

2051 811 2291 879 scimus,
2324 814 2381 869 in
2415 816 2493 871 eis
2527 819 2725 888 procul
2759 821 2935 876 dubio
2966 821 3298 878 consultum
3329 822 3401 877 ab
3435 821 3542 877 hac
3573 836 3758 891 angu-

2054 904 2162 958 stia
2196 922 2378 960 nosrae
2410 906 2803 967 tribulationis
2835 911 3190 968 invenimus.

2126 994 2263 1064 [νει.
2322 997 2536 1069 XXXIL]
2606 1000 2695 1055 56.
2772 1002 2963 1057 Sancti
3018 1007 3143 1058 ante
3202 1002 3477 1058 Christum
3534 1001 3755 1071 inferno

2053 1084 2463 1156 detinebantur,
2522 1106 2667 1145 nunc
2710 1092 2829 1146 sine
2874 1109 3027 1147 mora
3084 1091 3287 1147 cwlum
3344 1094 3555 1163 petunt.
3591 1089 3764 1159 Reges

2052 1185 2103 1231 et
2127 1179 2365 1233 consules
2388 1185 2518 1235 sunt
2535 1185 2716 1237 sancti
2730 1184 3134 1253 pr.'edicalores.
3160 1214 3227 1226 —-
3251 1185 3361 1239 Sed
3387 1184 3523 1255 quia
3546 1184 3757 1238 beatus

2052 1265 2159 1319 Job
2220 1273 2420 1325 sancto
2479 1271 2816 1327 aeternitatis
2875 1274 3080 1344 spiritu
3117 1272 3398 1343 impletur,
3441 1276 3497 1328 et
3554 1270 3755 1339 fuisse,

2052 1358 2138 1412 vel
2174 1358 2436 1415 futurum
2471 1377 2595 1417 esse
2628 1364 2917 1418 aeternitas
2941 1381 3056 1419 non
3088 1364 3282 1433 habet,
3316 1362 3410 1418 cui
3452 1362 3756 1430 nimirum,

2056 1464 2158 1502 nec
2218 1450 2497 1520 prmterita
2537 1456 2860 1519 transeunt,
2924 1469 3026 1509 nec
3060 1470 3188 1523 quae
3249 1454 3438 1508 futura
3482 1456 3636 1518 sunt,
3669 1467 3764 1506 ve-

2055 1538 2245 1604 niunt,
2280 1538 2380 1609 qui
2428 1546 2634 1597 cuncta
2687 1558 2782 1611 per
2811 1559 3064 1613 praesens
3103 1542 3283 1609 videt,
3316 1546 3504 1614 potest
3536 1542 3759 1596 futuros

2057 1628 2460 1699 praedicatores
2509 1631 2771 1687 Ecclesiae
2804 1634 2859 1687 in
2892 1633 3196 1705 praesentia
3236 1633 3476 1702 spiritus
3505 1635 3764 1687 contem-

236 1717 542 1784 tolerabat,
575 1717 777 1773 dicens
806 1732 819 1771 :
858 1715 1011 1772 Video
1041 1716 1211 1771 aliam
1245 1715 1415 1782 legem
1447 1714 1505 1768 in
1529 1715 1785 1771 membris
1814 1718 1948 1774 meis
1980 1724 2023 1789 Β
2057 1717 2224 1788 plari,
2259 1718 2357 1788 qui
2392 1724 2695 1791 postquam
2725 1723 2794 1777 de
2825 1724 3166 1794 corporibus
3198 1724 3525 1789 transeunt,
3549 1735 3765 1789 nequa-

230 1810 629 1879 repugnantem
662 1804 774 1875 tegi
804 1808 998 1861 mentis
1044 1821 1198 1874 mere,
1232 1810 1282 1859 et
1315 1806 1590 1875 captivum
1623 1823 1709 1860 me
1741 1808 1944 1864 ducen-

230 1902 343 1954 tem
375 1898 438 1953 in
470 1898 591 1966 lege
616 1897 1083 1968 peceati,quwest
1105 1896 1167 1950 in
1182 1896 1442 1950 membris
1464 1895 1604 1950 meis
1635 1896 1813 1967 (Rom.
1852 1916 1947 1967 vn,

232 1988 361 2057 23)?
384 1987 823 2059 Contemplatur
854 2002 989 2058 ergo
1032 1986 1119 2040 vir
1150 1989 1388 2041 sanctus
1422 1984 1479 2039 in
1514 1990 1730 2055 quanta
1758 1989 1949 2044 cordis

235 2093 382 2149 pace
414 2079 828 2149 requiesceret,
853 2076 900 2132 si
936 2077 1220 2148 serpentis
1252 2076 1423 2131 verba
1452 2076 1744 2145 suscipere
1776 2078 1950 2134 homo

242 2167 549 2227 noluisset,
583 2172 640 2223 et
672 2168 819 2222 dicat
856 2183 869 2221 :
903 2168 1056 2222 Nunc
1110 2168 1259 2221 enim
1291 2167 1570 2221 dormiens
1625 2169 1867 2237 silerem,
1900 2178 1952 2224 et

234 2273 429 2314 somno
494 2273 614 2313 meo
676 2257 1088 2327 requiescerem,
1142 2255 1199 2309 id
1277 2261 1384 2320 est,
1438 2255 1589 2310 intra
1664 2266 1949 2312 secretum

238 2345 455 2401 mentis
486 2344 565 2414 (α)
598 2344 668 2399 ad
692 2343 1005 2399 conditoris
1023 2342 1571 2413 contemplationem
1599 2344 1949 2413 secederem,

240 2433 359 2489 nisi
379 2450 469 2490 me
483 2440 643 2489 extra
660 2449 753 2488 me
768 2434 1149 2489 tentationum
1165 2431 1514 2487 tumultibus
1538 2433 1613 2503 (b)
1638 2433 1952 2490 conschsus

237 2524 419 2595 primi
450 2522 621 2595 culpa
646 2522 1017 2594 prodidisset.
1044 2524 1233 2592 Hujus
1260 2526 1453 2577 autem
1490 2523 1703 2592 quietis
1726 2524 1953 2592 gaudiis

236 2631 381 2669 cum
436 2614 651 2684 quibus
709 2615 883 2670 etiam
944 2615 1118 2670 sociis
1173 2615 1595 2687 perl‘rueretur,
1646 2616 1953 2688 adjungat,

236 2703 454 2759 dicens
486 2720 500 2759 :

498 2794 726 2851 CAPUT
754 2795 927 2851 XXIX
958 2796 1099 2868 [νει.
1133 2797 1296 2865 XXXI,
1329 2798 1453 2854 Rec.
1487 2798 1703 2867 XXVII].

314 2885 495 2942 Vens.
541 2887 624 2940 14.
651 2917 719 2930 -
747 2890 883 2942 Cum
921 2889 1145 2958 regibus
1170 2894 1222 2943 et
1243 2888 1557 2944 consulibus
1588 2896 1774 2945 terra.

316 2978 407 3033 55.
442 2978 691 3045 Angelici
718 2977 912 3048 gaudii
939 2980 1121 3033 socius
1178 2978 1395 3046 luisset.
1430 2979 1545 3051 Qui
1602 2981 1785 3050 angeli
1841 2981 1953 3036 sint

238 3084 400 3136 reges
432 3072 481 3122 et
512 3068 780 3123 consules.
813 3098 880 3107 —-
908 3069 984 3122 Ex
1011 3068 1185 3123 rebus
1208 3068 1649 3125 insensibilibus
1673 3069 1952 3127 discimus
1989 3101 2031 3169 Ο

241 3159 390 3231 quid
428 3158 499 3214 de
522 3158 899 3215 sensibilibus
924 3164 1097 3230 atque
1119 3158 1589 3231 intelligibilihus
1609 3162 1954 3219 sentiamus.

243 3252 428 3304 Terra
479 3264 733 3320 namque
766 3265 896 3305 aere
945 3250 1310 3315 fecundatur,
1366 3267 1460 3306 aer
1491 3256 1683 3309 autem
1732 3270 1801 3309 ex
1832 3253 1960 3309 coeli

243 3336 529 3410 qualitate
560 3339 910 3410 disponitur.
945 3338 1034 3394 Sic
1068 3340 1347 3409 jumentis
1378 3340 1671 3409 homines,
1703 3342 1960 3399 homini-

243 3429 367 3484 bus
416 3427 629 3499 angeli,
670 3428 1000 3499 archangeli
1031 3444 1162 3484 vero
1222 3429 1445 3499 angelis
1478 3436 1757 3501 praesunt.
1812 3432 1959 3487 Nam

245 3518 410 3589 quod
453 3518 741 3587 jumentis
792 3517 1061 3573 homines
1112 3519 1369 3589 presint,
1403 3524 1461 3574 et
1498 3537 1603 3575 usu
1638 3521 1957 3583 cernimus,

242 3612 310 3664 et
345 3606 531 3664 verbis
578 3607 901 3663 Psalmistaa
946 3610 1242 3674 docemur,
1276 3608 1373 3679 qui
1405 3610 1521 3665 ait:
1557 3610 1755 3666 Omnia
1783 3612 1962 3682 subje-

241 3695 382 3754 cisti
410 3697 509 3752 sub
538 3697 765 3769 pedibus
804 3698 943 3768 ejus,
970 3714 1087 3755 oves
1119 3706 1169 3754 et
1201 3698 1356 3755 boves
1395 3700 1699 3767 universas,
1732 3700 1962 3771 insuper

241 3798 299 3845 et
333 3804 531 3860 pecora
577 3789 758 3860 campi
804 3789 976 3861 (Psal.
1010 3806 1130 3854 vm,
1163 3790 1241 3860 8).
1273 3790 1418 3854 Quia
1466 3808 1596 3846 vero
1628 3791 1817 3863 angeli
1855 3790 1963 3847 ho-

243 3877 514 3933 minibus
569 3878 825 3949 praesint,
879 3894 978 3949 per
1022 3878 1359 3950 prophetam
1410 3884 1659 3935 testatur
1700 3880 1961 3951 angelus,

244 3966 455 4022 dicens
491 3982 503 4019 :
537 3968 800 4039 Princeps
851 3970 1014 4039 regni
1044 3970 1339 4023 Persarum
1382 3971 1584 4025 restitit
1605 3971 1746 4025 mihi
1798 3971 1959 4042 (Dan.

242 4074 309 4125 x,
347 4056 460 4127 13).
517 4056 676 4121 Quod
709 4073 840 4113 vero
883 4057 1074 4128 angeli
1106 4075 1139 4113 a
1198 4060 1564 4131 superiorum
1623 4060 1961 4132 angelorum

244 4146 641 4219 potestatibus
686 4148 1119 4220 dispensentur,
1166 4151 1473 4208 Zacharias
1522 4152 1786 4224 perhibet
1830 4171 1961 4223 pro-

245 4237 453 4308 pheta,
489 4237 589 4309 qui
621 4237 703 4293 ait
736 4254 748 4291 :
784 4239 913 4294 Ecce
941 4239 1187 4309 angelus,
1237 4242 1332 4311 qui
1397 4242 1713 4313 loquebatur
1739 4246 1798 4298 in
1854 4261 1962 4312 me,

245 4327 674 4397 egrediebatur;
712 4334 765 4384 et
795 4328 1021 4398 angelus
1051 4328 1201 4384 alius
1240 4331 1630 4401 egrediebatur
1660 4333 1719 4389 in
1778 4350 1963 4390 occur-

245 4432 379 4472 sum
409 4418 547 4484 eius,
568 4422 619 4471 et
651 4416 797 4472 dixit
834 4417 904 4472 ad
950 4434 1073 4473 eum
1101 4435 1121 4473 .’
1164 4419 1353 4486 Curre,
1387 4421 1604 4491 loquere
1633 4422 1703 4478 ad
1730 4439 1965 4494 puerum

2060 1824 2233 1877 quam
2268 1825 2367 1879 per
2393 1826 2688 1866 morarum
2709 1813 2915 1881 spatia,
2940 1815 3091 1868 sicut
3109 1812 3329 1883 antiqui
3357 1812 3572 1877 Patres,
3598 1826 3761 1865 acce-

2055 1896 2220 1953 lestis
2253 1901 2449 1970 patriae
2479 1903 2838 1971 perceptione
2870 1904 3242 1957 differuntur.
3280 1902 3412 1957 Mox
3444 1901 3663 1973 quippe
3696 1902 3762 1954 ut

2061 2005 2094 2043 a
2119 1990 2312 2043 carnis
2344 1989 2715 2061 colligatione
2749 1998 2984 2059 exeunt,
3018 1993 3074 2046 in
3110 1992 3327 2048 cmleeti
3361 1992 3497 2047 sede
3542 1988 3764 2060 requie-

2060 2085 2251 2147 scunt,
2302 2080 2482 2135 Paulo
2531 2086 2857 2148 attestante,
2892 2085 2989 2154 qui
3024 2084 3104 2140 ait
3138 2101 3150 2139 :
3185 2086 3397 2139 Scimus
3426 2080 3690 2153 quoniam
3719 2078 3769 2133 si

2060 2171 2329 2223 terrestris
2351 2169 2542 2224 domus
2572 2180 2757 2227 nostra
2792 2172 2959 2241 hujus
2998 2171 3363 2227 habitationis
3407 2169 3763 2234 dissolvatur,

2059 2260 2196 2329 quod
2225 2260 2644 2329 aediﬁcationem
2688 2278 2756 2317 ea:
2788 2262 2889 2316 Deo
2943 2262 3200 2317 habemus
3248 2260 3469 2315 domum
3500 2275 3613 2312 non
3644 2274 3762 2310 ma-

2062 2351 2364 2419 nufactam,
2421 2362 2686 2407 aeternam
2752 2353 2809 2405 in
2861 2353 3005 2407 cretis
3062 2352 3144 2417 (ΙΙ
3192 2351 3311 2406 Cor.
3360 2366 3417 2417 v,
3469 2348 3539 2418 1).
3594 2345 3762 2400 Prius

2062 2442 2254 2493 autem
2289 2456 2461 2510 quam
2514 2441 2860 2512 Redemptor
2918 2446 3115 2498 noster
3140 2444 3326 2496 morte
3374 2456 3481 2494 sua
3525 2434 3766 2492 humani

2062 2529 2293 2601 generis
2325 2548 2550 2601 poenam
2583 2532 2847 2597 solveret,
2881 2549 2979 2588 eos
3018 2532 3194 2587 etiam
3246 2532 3344 2602 qui
3376 2527 3624 2585 coelestia
3665 2542 3771 2598 pa-

2062 2618 2184 2673 triae
2215 2618 2339 2674 vias
2370 2620 2569 2675 sectati
2603 2624 2763 2691 sunt,
2800 2626 2931 2692 post
2972 2637 3272 2693 egressum
3323 2620 3515 2675 carnis
3558 2613 3773 2670 inferni

2063 2707 2313 2763 claustra
2346 2713 2704 2765 tenuerunt:
2760 2711 2913 2766 128
2945 2727 3059 2767 non
3106 2714 3169 2766 ut
3202 2727 3372 2782 poena
3418 2706 3584 2779 quasi
3634 2720 3768 2777 pec-

2064 2806 2283 2853 catores
2340 2798 2631 2870 plecteret,
2666 2801 2766 2855 sed
2802 2804 2866 2855 ut
2906 2816 3003 2856 eos
3043 2799 3106 2856 in
3158 2800 3302 2855 locis
3361 2794 3771 2854 remotioribus

2063 2889 2445 2959 quiescentes,
2481 2890 2619 2960 quia
2651 2891 2898 2946 necdum
2945 2890 3276 2946 intercessio
3301 2887 3635 2944 Mediatoris
3667 2884 3770 2941 ad-

2061 2982 2315 3047 venerat,
2352 2979 2423 3032 ab
2451 2978 2719 3048 ingressu
2752 2979 2913 3049 regni
2945 2988 3136 3035 reatus
3188 2977 3388 3050 prima
3417 2976 3600 3048 culpa:
3632 2988 3774 3043 pro-

2066 3067 2311 3125 hiberet.
2383 3068 2543 3125 Unde
2578 3070 2747 3140 juxta
2789 3071 3051 3141 ejusdem
3116 3067 3523 3140 Redemptoris
3583 3062 3769 3121 nostri

2068 3159 2492 3225 testimonium,
2524 3160 2684 3215 dives
2739 3160 2839 3231 qui
2891 3161 3041 3233 apud
3088 3160 3303 3216 inferos
3336 3162 3657 3228 torquetur,
3708 3153 3770 3208 in

2068 3250 2201 3305 sinu
2277 3249 2518 3306 Abrahae
2578 3251 2937 3321 requiescere
2995 3256 3273 3306 Lazarum
3343 3245 3772 3317 contemplatur

2067 3341 2216 3411 (Luc.
2251 3358 2362 3409 XVI,
2400 3340 2509 3411 19).
2544 3340 2651 3403 Qui
2686 3341 2943 3412 profecto
2968 3342 3015 3396 si
3051 3341 3242 3396 adhuc
3274 3340 3332 3394 in
3366 3339 3499 3394 imis
3531 3352 3646 3391 non
3676 3350 3770 3389 es-

2069 3434 2219 3496 sent,
2253 3429 2355 3485 hos
2387 3428 2481 3483 ille
2512 3429 2573 3484 in
2604 3431 2909 3486 tormentis
2937 3430 3158 3501 positus
3189 3447 3304 3486 non
3334 3428 3570 3483 videret.
3605 3423 3769 3480 Unde

2069 3523 2125 3574 et
2156 3520 2336 3574 isdem
2370 3518 2721 3589 Redemptor
2772 3524 2970 3575 noster
2992 3536 3093 3592 pro
3127 3525 3337 3576 nostrae
3368 3516 3550 3588 culpae
3574 3512 3767 3569 debito

2070 3608 2443 3677 occumbens,
2468 3607 2695 3664 inferna
2726 3613 3016 3679 penetrat;
3051 3616 3111 3665 ut
3134 3626 3291 3680 suos,
3318 3609 3417 3679 qui
3450 3608 3500 3664 ei
3520 3605 3769 3661 inhaese-

2072 3706 2219 3765 rant,
2252 3697 2323 3752 ad
2374 3696 2625 3753 ccelestia
2668 3699 2920 3756 reducat.
2967 3699 3077 3755 Sed
3128 3716 3239 3771 quo
3290 3714 3443 3753 nunc
3474 3697 3646 3753 homo
3679 3711 3773 3752 re-

2072 3789 2338 3859 demptos
2373 3788 2655 3855 ascendit,
2680 3788 2817 3845 illuc
2840 3791 3090 3860 profecto
3114 3790 3163 3844 si
3194 3805 3433 3861 peccare
3461 3786 3773 3854 noluisset,

2070 3880 2244 3934 etiam
2282 3878 2407 3933 sine
2438 3878 2837 3949 redemptione
2869 3880 3238 3952 pertingeret.
3272 3878 3604 3933 Consideret
3633 3890 3769 3945 ergo

2069 3969 2156 4023 vir
2212 3972 2450 4025 sanctus
2489 3969 2626 4039 quia
2656 3968 2705 4024 si
2740 3985 2853 4024 non
2905 3972 3221 4041 peccasset,
3256 3967 3393 4021 illuc
3442 3967 3617 4021 etiam
3651 3978 3766 4018 non

2068 4058 2407 4129 redemptus
2439 4060 2794 4128 ascenderet,
2818 4059 2889 4114 ad
2914 4059 3067 4130 quod
3101 4058 3503 4130 praedicatores
3534 4056 3770 4110 sanctos

2069 4152 2202 4220 post
2233 4150 2686 4220 redemptionem
2720 4164 2956 4205 necesse
3005 4156 3091 4205 est
3140 4165 3269 4205 cum
3306 4162 3520 4218 magno
3574 4145 3771 4201 labore

2070 4239 2386 4310 pervenire.
2420 4241 2489 4295 Et
2518 4255 2647 4295 cum
2689 4238 2903 4311 quibus
2926 4240 3052 4310 jam
3094 4254 3248 4295 nunc
3278 4238 3623 4309 quiesceret,
3674 4234 3767 4289 in-

2070 4329 2283 4397 sinuet,
2343 4329 2589 4385 dicens:
2649 4333 2787 4385 Cum
2844 4330 3069 4403 regibus
3122 4332 3173 4385 et
3229 4326 3539 4383 consulibus
3606 4330 3772 4380 terra?

2072 4419 2220 4486 [Vet.
2270 4419 2484 4489 XXXII].
2520 4418 2701 4491 Reges
2751 4419 2967 4491 quippe
2998 4422 3136 4475 sunt
3181 4417 3366 4475 sancti
3426 4414 3771 4487 praedicato-

248 4507 446 4570 istum,
502 4505 686 4562 dicens
723 4523 741 4561 :
792 4508 998 4578 Absque
1052 4524 1208 4564 muro
1268 4487 1608 4567 habita-bitur
1661 4487 1962 4569 Jerusalem
1992 4487 2039 4548 ί)
2068 4522 2165 4564 res
2195 4487 2483 4577 Ecclesiae,
2518 4487 2704 4580 quiet
2735 4487 3083 4566 com-missos
3113 4508 3225 4565 sibi
3259 4511 3410 4565 recte
3442 4507 3770 4577 disponere,

246 4597 445 4671 (Zach.
479 4616 542 4669 ιι,
573 4599 647 4671 3).
707 4599 767 4655 Si
818 4598 973 4655 enim
1031 4600 1091 4655 in
1149 4600 1295 4671 ipsis
1353 4602 1560 4658 ofﬁciis
1620 4610 1959 4660 sanctorum

251 4686 576 4757 spirituum
610 4703 983 4759 nequaquam
1045 4693 1362 4759 potestates
1412 4707 1651 4749 summae
1684 4694 1960 4750 minimas

250 4775 656 4848 disponerent,
692 4778 853 4834 nullo
888 4778 1060 4834 modo
1094 4779 1221 4847 hoc,
1258 4782 1409 4853 quod
1441 4781 1665 4839 homini
1722 4784 1957 4853 diceret,

251 4865 507 4939 angelus
529 4868 603 4939 (ο)
630 4867 702 4923 ab
725 4868 931 4939 angelo
953 4870 1340 4941 cognovisset.
1360 4872 1504 4936 Quia
1530 4874 1709 4945 igitur
1730 4880 1963 4932 cuncto-

252 4972 389 5011 rum
414 4956 687 5012 conditor
717 4957 914 5014 omnia
944 4975 1045 5029 per
1073 4960 1454 5032 semetipsum
1489 4966 1662 5028 tenet,
1689 4968 1745 5019 et
1767 4967 1960 5020 tamen

254 5046 326 5102 ad
351 5045 834 5120 distinguendum
858 5048 1523 5120 pulchreuniversitatis
1540 5051 1826 5121 ordinem,
1850 5058 1965 5111 alia

254 5137 391 5193 aliis
424 5139 901 5209 dispensantibus
934 5141 1099 5213 regit,
1127 5158 1240 5197 non
1264 5143 1552 5199 immerito
1582 5159 1767 5216 reges,
1799 5161 1967 5216 ange-

256 5226 449 5283 lorum
486 5229 728 5299 spiritus
782 5231 1117 5301 accipimus,
1152 5232 1252 5303 qui
1286 5248 1399 5302 quo
1444 5234 1664 5289 auctori
1698 5236 1961 5291 omnium

255 5316 605 5375 familiarius
637 5320 914 5389 serviunt,
949 5337 1013 5377 eo
1046 5322 1310 5393 subjecta
1332 5323 1527 5394 potius
1559 5331 1787 5398 regunt.
1816 5327 1963 5383 Cum

256 5410 493 5479 regibus
525 5424 662 5481 ergo
695 5410 994 5480 dormiret,
1028 5413 1164 5485 quia
1195 5412 1612 5485 nimirumjam
1636 5432 1765 5473 cum
1790 5432 1968 5489 ange-

330 5582 455 5657 (a)l
486 5584 737 5664 Remig._,
763 5603 898 5645 cum
924 5604 1040 5647 uno
1073 5588 1238 5661 Reg,
1264 5608 1295 5646 a
1316 5591 1605 5647 conditoris
1625 5591 1968 5664 contempla-

260 5659 405 5713 tione
434 5672 546 5712 non
572 5658 901 5716 secederem.

333 5728 413 5804 (b)
441 5728 535 5786 Sic
566 5728 702 5789 Mss.
738 5732 888 5790 Editi
920 5748 1075 5805 vero,
1106 5750 1396 5795 consensus
1423 5736 1626 5809 prima?
1654 5737 1849 5810 culpa.

2071 4601 2128 4653 et
2157 4612 2262 4653 sua
2293 4597 2435 4653 bene
2466 4614 2662 4670 regere
2692 4614 2936 4671 corpora
2975 4599 3203 4667 sciunt;
3238 4598 3335 4671 qui
3368 4599 3509 4654 dum
3542 4596 3769 4652 deside-

2073 4687 2292 4743 riorum
2322 4687 2383 4744 in
2414 4704 2475 4745 se
2507 4693 2701 4746 motus
2724 4694 3072 4761 temperant,
3106 4706 3282 4761 super
3307 4688 3585 4759 subjectis
3614 4685 3775 4758 cogi-

2071 4777 2390 4833 tationibus
2418 4778 2541 4846 lege
2562 4779 2788 4836 virtutis
2812 4785 3075 4853 regnant.
3102 4781 3209 4844 Qui
3243 4781 3387 4837 bene
3414 4778 3587 4834 etiam
3616 4780 3774 4831 terrae

2071 4868 2340 4926 consules
2362 4874 2659 4926 vocantur.
2682 4874 2863 4942 Reges
2879 4871 3031 4927 enim
3052 4874 3212 4940 sunt,
3234 4870 3369 4940 quia
3393 4862 3778 4933 sibimetipsis

2074 4960 2385 5030 praesident
2419 4978 2432 5026 ;
2466 4963 2631 5016 terra:
2689 4965 2887 5016 autem
2946 4958 3235 5025 consules,
3283 4957 3420 5027 quia
3477 4952 3778 5010 exstinctis

2075 5049 2475 5121 peccatoribus
2535 5051 2661 5105 vitae
2706 5050 3041 5107 consultum
3093 5046 3365 5118 praebent.
3402 5044 3585 5114 Reges
3617 5045 3779 5109 sunt,

2075 5139 2213 5210 quia
2234 5140 2579 5212 semetipsos
2619 5154 2815 5211 regere
2857 5138 3048 5195 sciunt
3076 5153 3089 5203 ;
3125 5141 3285 5191 terrae
3318 5140 3458 5188 sunt
3488 5130 3778 5199 consules,

2076 5230 2212 5300 quia
2265 5234 2524 5285 terrenas
2575 5234 2798 5285 mentes
2831 5243 2931 5298 per
2961 5225 3374 5281 exhortationis
3421 5240 3540 5279 sua;
3588 5220 3781 5278 consi-

2077 5318 2219 5375 lium
2265 5322 2333 5373 ad
2369 5318 2622 5374 coelestia
2670 5316 3033 5389 pertrahunt.
3069 5316 3155 5369 An
3214 5319 3377 5371 terrae
3408 5313 3613 5370 consul
3664 5329 3781 5370 non

2076 5413 2218 5478 erat,
2252 5410 2346 5479 qui
2407 5410 2633 5465 dicebat
2678 5425 2690 5464 :
2742 5410 2819 5463 De
2870 5406 3180 5477 virginibus
3226 5415 3409 5464 autem
3450 5414 3783 5480 praeceptum

2076 5664 2123 5719 ἰ.
2148 5591 2311 5717 (ο)ιΙη
2345 5590 2487 5647 Mss.
2513 5591 2698 5647 Norm.
2724 5594 2781 5647 et
2814 5590 3141 5661 nonnullis,
3170 5591 3396 5662 angelus
3416 5590 3616 5663 angelo
3645 5607 3785 5646 nun-

2102 5679 2217 5719 zare
2247 5704 2261 5719 .

2102 5679 2239 5721 taret
2247 5704 2261 5722 ο
