4134 6174
379 284 499 344 667

1649 277 1922 340 SANCTI
1971 270 2342 338 GREGORII
2389 269 2634 332 MAGNI

3785 274 3907 339 668

377 415 601 472 Domini
643 429 751 470 non
797 412 988 481 habeo,
1030 411 1324 468 consilium
1374 418 1560 468 autem
1609 411 1674 466 do
1717 411 1765 482 (1
1814 413 1939 470 Cor.
1982 427 2081 477 vn,
2114 408 2166 475 Α
2196 406 2495 462 Honorum
2555 401 2898 460 sublimium
2931 403 3148 462 infulas
3203 407 3444 476 appetit,
3478 407 3718 464 exaltari
3775 426 3907 466 suc-

376 506 512 573 25)?
544 505 611 560 Et
640 504 850 558 iterum
887 521 899 558 :
954 501 1170 558 Beatior
1212 501 1342 570 erit,
1374 503 1421 556 si
1459 504 1537 556 sic
1581 504 1966 572 permanserit,
2001 517 2082 556 se-

379 596 618 652 cundum
639 612 823 652 meum
849 594 1145 650 consilium
1176 592 1364 663 (Ibid.,
1398 593 1509 660 40).
1543 592 1694 648 Bene
1727 596 1916 648 autem
1951 591 2085 646 sub-

384 687 543 742 ditur
564 705 583 742 :

785 810 1014 867 CAPUT
1040 809 1198 866 xxx
1228 810 1372 883 [Rea
1411 809 1674 881 XXVIII].

455 925 594 976 Iern.
631 951 698 961 -~
729 921 834 988 Qui
866 919 1141 988 aediﬁcant
1169 919 1278 974 sibi
1306 917 1646 974 solitudines.

447 1048 537 1102 57.
593 1046 821 1101 Turbam
872 1047 1300 1101 tumultuantem
1345 1048 1400 1100 in
1453 1062 1508 1102 se
1544 1048 1776 1117 gestant.
1832 1044 2087 1100 Lururim

377 1134 614 1201 deditus,
653 1135 972 1202 iracundus,
1006 1152 1231 1202 avarus,
1281 1135 1565 1206 superbus,
1615 1135 1763 1189 euris
1797 1133 2088 1190 saeculari-

381 1224 477 1279 bus
515 1225 842 1281 deserviens.
892 1225 1107 1280 Omnes
1157 1225 1335 1293 enim,
1373 1225 1472 1295 qui
1523 1223 1610 1278 vel
1657 1223 1858 1278 illicita
1908 1239 2086 1294 appe-

375 1318 532 1384 tunt,
566 1315 652 1372 vel
682 1316 741 1370 in
782 1317 885 1371 hoc
917 1315 1136 1371 mundo
1167 1316 1344 1371 videri
1377 1315 1598 1386 aliquid
1631 1313 1856 1381 volunt,
1883 1314 2085 1369 densis

379 1405 800 1475 cogitationum
853 1404 1211 1460 tumultibus
1241 1405 1300 1459 in
1353 1405 1523 1459 corde
1567 1403 2084 1472 comprimuntur;

381 1495 641 1566 dumque
673 1494 1096 1550 desideriorum
1133 1494 1335 1550 turbas
1365 1496 1519 1549 intra
1549 1510 1610 1550 se
1649 1494 1918 1560 excitant,
1955 1509 2085 1564 pro-

377 1588 621 1639 stratam
649 1590 904 1640 mentem
928 1585 1070 1656 pede
1095 1585 1316 1640 miserae
1342 1583 1821 1654 frequentationis
1840 1581 2083 1638 calcant.

379 1673 543 1728 Alius
593 1690 844 1744 namque
869 1674 987 1743 juri
1021 1691 1081 1729 se
1131 1674 1373 1728 luxuria:
1430 1674 1713 1741 subdidit,
1749 1681 1922 1742 atque
1952 1675 2086 1726 ante

381 1762 590 1816 mentis
613 1763 811 1818 oculos
836 1763 1135 1818 schemata
1158 1763 1420 1833 turpium
1447 1763 1945 1832 perpetrationum
1982 1762 2086 1815 [ἰη-
2118 1771 2163 1836 Β

379 1849 495 1922 git:
531 1856 586 1905 et
616 1869 744 1906 cum
780 1852 1019 1907 effectus
1043 1869 1158 1906 non
1209 1850 1486 1906 tribuitur
1517 1850 1728 1921 operis,
1789 1851 1896 1905 hoc
1955 1866 2080 1904 cre-

379 1935 541 1992 brius
588 1939 774 2009 agitar
803 1938 1123 1993 intentione
1163 1938 1548 2009 cogitationis.
1583 1936 1913 2006 Voluptatis
1952 1953 2081 2006 per-

380 2026 551 2082 fectio
593 2027 886 2098 quaeritur,
921 2032 974 2082 et
1007 2043 1326 2082 concussus
1358 2026 1642 2082 enerviter
1669 2028 1924 2092 animus,
1953 2026 2087 2080 hinc

378 2115 512 2172 inde
541 2122 598 2172 et
628 2117 910 2172 sollicitus
943 2123 996 2172 et
1017 2124 1287 2182 emeatus,
1315 2116 1679 2172 occasionem
1713 2116 2088 2187 nequissima

381 2206 724 2275 expiationis
747 2208 1011 2262 rimatur.
1037 2207 1194 2261 Mens
1219 2207 1408 2276 itaque
1433 2207 1548 2260 haec
1581 2207 1746 2277 quasi
1773 2205 2084 2275 quemdam

380 2294 664 2364 pupulum
691 2297 926 2367 patitur,
943 2311 1072 2366 quae
1097 2294 1367 2349 insolenti
1391 2294 1804 2366 cogitationum
1828 2294 2087 2349 tumultu

378 2390 656 2439 vastatur.
691 2384 854 2440 Alius
886 2385 982 2438 irae
1036 2401 1096 2439 se
1147 2384 1407 2439 dominio
1457 2385 1663 2439 stravit
1697 2401 1709 2450 ;
1744 2392 1796 2439 et
1826 2385 1963 2453 quid
2027 2385 2086 2439 in

380 2476 572 2537 corde,
607 2473 716 2528 nisi
770 2475 989 2546 jurgia,
1024 2475 1202 2529 etiam
1255 2490 1382 2545 quae
1432 2476 1642 2529 desunt
1677 2475 1954 2544 peragit?
1987 2474 2089 2532 Hic

381 2581 530 2633 saepe
589 2574 899 2636 praesentes
959 2582 1070 2620 non
1126 2564 1300 2628 videt,
1334 2565 1676 2620 absentibus
1721 2565 2087 2635 contradicit,

379 2655 535 2710 intra
565 2656 944 2724 semetipsum
982 2653 1364 2709 contumelias
1397 2655 1612 2722 profert
1644 2658 1702 2708 et
1746 2655 1969 2725 recipit,
2003 2673 2090 2712 re-

380 2747 563 2816 ceptis
594 2751 790 2800 autem
848 2745 1053 2799 durius
1087 2747 1430 2815 respondet;
1483 2748 1698 2799 etcum
1749 2745 1844 2813 qui
1898 2746 2090 2801 obviet

381 2834 576 2890 nullus
608 2837 782 2901 adsit,
819 2834 1044 2905 magnis
1073 2833 1424 2888 clamoribus
1449 2832 1600 2888 rixas
1632 2833 1690 2887 in
1723 2834 1893 2888 corde
1925 2851 2089 2890 eom-

383 2924 564 2991 ponit.
589 2923 838 2977 Turbam
865 2923 1056 2992 itaque
1081 2921 1345 2977 hicintus
1367 2922 1639 2992 sustinet,
1661 2938 1833 2993 quem
1861 2922 2089 2992 pondus

378 3010 693 3064 vehemens
728 3009 1101 3064 inflammata:
1129 3009 1497 3080 cogitationis
1531 3015 1756 3080 premit.
1778 3011 1942 3066 Alius
1965 3012 2087 3081 juri

379 3113 440 3153 se
471 3099 718 3152 avaritize
750 3099 1085 3164 tradidit,et
1117 3099 1419 3154 fastidiens
1452 3099 1703 3170 prepria,
1729 3098 1919 3155 aliena
1946 3118 2086 3156 con-

379 3187 647 3254 cupiscit.
683 3187 784 3242 Hic
839 3187 1180 3258 plerumque
1211 3187 1518 3259 concepita
1565 3188 1809 3258 adipisci
1848 3205 1961 3244 non
1993 3207 2086 3246 va-

379 3276 524 3342 lens,
560 3277 713 3331 diem
767 3276 1000 3346 quidem
1035 3276 1090 3330 in
1125 3276 1329 3344 otium,
1366 3281 1592 3332 noctem
1618 3294 1752 3332 vero
1785 3279 1840 3333 in
1875 3279 2086 3350 cogita-

380 3367 599 3423 tionem
634 3373 818 3420 versat
850 3382 861 3419 :
914 3370 1102 3437 torpet
1134 3366 1206 3420 ab
1252 3365 1378 3420 utili
1412 3382 1599 3436 opere,
1636 3367 1774 3438 quia
1816 3368 2087 3439 fatigatur

379 3453 583 3510 illicita
629 3454 971 3525 cogitatione
1005 3475 1019 3522 ;
1055 3456 1294 3511 consilia
1345 3455 1713 3526 multiplicat,
1775 3460 1831 3512 et
1889 3457 2085 3515 sinum

382 3545 590 3599 mentis
606 3545 1019 3615 cogitationum
1037 3545 1558 3615 (a)inventionibus
1579 3545 1752 3601 latius
1775 3547 2083 3617 expandit;

381 3633 674 3704 pervenire
706 3637 772 3690 ad
807 3635 1114 3705 concupita
1159 3637 1392 3707 satagit,
1427 3641 1599 3707 atque
1640 3637 1709 3692 ad
1765 3638 2085 3695 obtinenda

381 3723 503 3777 haec
535 3725 822 3795 quosdam
855 3725 1280 3780 secretissimos
1312 3742 1619 3780 causarum
1665 3732 1894 3783 meatus
1926 3745 2082 3798 quae-

381 3813 477 3866 rit.
511 3813 616 3879 Qui
657 3831 786 3869 mox
814 3820 877 3869 ut
909 3815 965 3869 in
1000 3831 1175 3870 causa
1207 3814 1427 3886 aliquid
1458 3815 1666 3870 subtile
1701 3816 1992 3872 invenisse
2022 3834 2084 3873 se

381 3903 649 3969 aestimat,
676 3905 797 3972 jam
834 3921 895 3960 se
926 3905 1252 3961 obtinuisse
1291 3907 1441 3976 quod
1502 3906 1896 3977 concupierat,
1931 3908 2081 3963 I29

380 3991 628 4047 exsultat
662 3993 825 4062 :jam
858 3993 996 4063 quid
1029 3994 1200 4049 etiam
1234 3995 1456 4065 adeptae
1482 3995 1559 4049 rei
1592 3995 1890 4065 adjungat,
1919 4012 2084 4052 exco-

380 4081 549 4151 gitat,
583 4086 757 4152 atque
789 4091 849 4137 ut
881 4086 937 4137 in
980 4084 1204 4139 meliori
1255 4090 1408 4139 statu
1452 4085 1655 4139 debeat
1704 4085 1907 4152 excoli,
1955 4102 2084 4156 per-

375 4173 612 4225 tractat.
659 4173 842 4236 Quam
876 4173 1014 4243 quia
1046 4173 1171 4242 jam
1205 4174 1372 4243 quasi
1405 4173 1685 4242 possidet,
1718 4179 1773 4227 et
1809 4175 1977 4243 quasi
2010 4178 2081 4232 ad

378 4258 675 4314 meliorem
701 4260 954 4331 speciem
980 4262 1088 4315 add
1103 4261 1242 4328 ueit,
1268 4277 1401 4316 mox
1429 4261 1672 4316 insidias
1696 4261 2079 4319 invidentium

378 4346 726 4417 considerat,
771 4354 827 4405 et
857 4350 994 4421 quid
1029 4355 1230 4406 contra
1262 4367 1322 4407 se
1355 4351 1537 4421 jurgii
1587 4354 1904 4419 moveatur,
1939 4369 2076 4424 pen-

378 4442 468 4492 sat
502 4440 788 4507 :exquirit
845 4441 979 4509 quid
1033 4442 1396 4512 respondeat,
1428 4446 1484 4496 et
1524 4457 1654 4496 cum
1689 4456 1806 4496 rem
1860 4442 2078 4498 nullam

2190 495 2454 550 cessibus
2484 493 2752 563 exquirit,
2788 501 3092 565 totumque
3115 493 3271 567 quod
3297 512 3420 552 esse
3444 496 3758 565 desiderat,
3794 499 3906 554 sibi

2189 585 2341 655 apud
2393 583 2770 653 semetipsum
2821 582 2880 636 in
2925 583 3382 655 cogitationibus
3439 585 3701 655 depingit
3738 588 3902 656 :jam

2189 674 2355 745 quasi
2403 673 2676 728 tribunali
2733 673 3022 743 praesidet,
3047 674 3170 744 jam
3222 674 3333 729 sibi
3367 689 3571 746 parere
3622 677 3909 746 obsequia

2190 764 2583 834 subjectorum
2629 761 2802 830 videt,
2843 763 2969 830 jam
3019 763 3245 819 caeteris
3296 764 3539 830 eminet,
3592 766 3714 835 jam
3773 767 3912 821 aliis

2190 853 2344 908 mala
2391 853 2627 924 irrogat,
2663 851 2792 907 aliis
2824 851 2962 923 quia
3028 854 3410 925 irrogaverint
3470 861 3908 926 recompensat.

2189 943 2316 998 Jam
2370 944 2521 1014 apud
2556 942 2938 1012 semetipum
2973 942 3224 1014 stipatus
3256 945 3458 1001 cuneis
3491 945 3561 1000 ad
3598 945 3905 1016 publicum

2192 1032 2474 1104 procedit,
2508 1032 2623 1101 iam
2675 1031 2888 1102 quibus
2934 1031 3230 1103 obsequiis
3272 1032 3542 1088 fulciatur
3573 1034 3910 1105 conspicit;

2191 1121 2285 1192 qui
2312 1127 2510 1178 tamen
2540 1120 2662 1175 hanc
2686 1121 2946 1191 cogitans
2967 1122 3044 1192 (b)
3075 1121 3237 1178 solus
3269 1122 3418 1192 repit
3445 1123 3598 1192 ;jam
3624 1123 3739 1179 alia
3761 1141 3909 1180 con-

2192 1212 2402 1280 culcat,
2436 1212 2549 1267 alia
2579 1211 2842 1267 sublevat
2875 1227 2887 1277 ;
2931 1213 3057 1282 jam
3109 1214 3180 1268 de
3212 1213 3570 1268 conculcatis
3619 1215 3923 1270 satisfecit

2193 1302 2365 1368 odiis,
2394 1303 2518 1372 jam
2548 1302 2618 1356 de
2667 1301 2987 1356 sublevatis
3021 1302 3225 1369 recipit
3275 1303 3523 1358 favores.
3573 1303 3677 1368 Qui
3723 1304 3923 1374 igitur

2192 1396 2278 1445 tot
2303 1391 2720 1462 phantasmata
2744 1391 2900 1446 cordi
2927 1390 3384 1461 imprimit,quid
3411 1393 3516 1447 iste
3543 1391 3694 1447 aliud
3725 1409 3918 1464 quam

2193 1481 2491 1536 somnium
2523 1479 2768 1551 vigilans
2797 1479 2993 1535 videt?
3021 1479 3167 1543 Quia
3198 1495 3332 1550 ergo
3364 1484 3448 1535 tot
3469 1496 3663 1536 rerum
3697 1497 3914 1537 causas

2195 1587 2339 1641 quas
2369 1569 2538 1641 ﬁngit
2567 1570 2798 1635 tolerat,
2829 1570 3110 1625 nimirum
3135 1570 3488 1626 intrinsecus
3521 1577 3689 1626 natas
3714 1588 3781 1628 ex
3813 1573 3918 1627 de-

2193 1659 2425 1715 sideriis
2468 1660 2671 1715 turbas
2705 1663 2915 1731 portat.
2949 1660 3109 1715 Alius
3150 1661 3275 1730 jam
3301 1659 3503 1716 illicita
3537 1661 3767 1730 refugit,
3800 1663 3915 1717 sed

2195 1752 2391 1804 tamen
2447 1749 2616 1804 bonis
2669 1749 2878 1804 mundi
2928 1765 3122 1806 carere
3172 1749 3577 1820 pertimescit:
3631 1766 3922 1806 concessa

2196 1848 2388 1894 tenere
2409 1838 2643 1907 appetit,
2676 1837 2856 1890 videri
2888 1836 3040 1893 inter
3070 1837 3332 1894 homines
3368 1840 3560 1894 minor
3581 1841 3914 1908 erubescit,

2195 1932 2252 1982 et
2282 1932 2442 1980 curat
2473 1942 2843 1997 summopere
2879 1943 2947 1982 ne
2977 1926 3148 1999 inops
3174 1928 3232 1983 iu
3264 1929 3433 1984 domo
3466 1929 3562 1997 sit,
3596 1945 3666 1985 ne
3694 1931 3915 2000 despe-

2196 2021 2325 2071 ctus
2367 2016 2428 2071 in
2479 2017 2730 2086 publico.
2793 2017 3051 2087 Exquirit
3090 2019 3232 2088 quid
3286 2019 3400 2074 sibi
3451 2020 3720 2088 sufficiat,
3755 2021 3917 2090 quid

2197 2107 2515 2161 necessitas
2553 2106 2949 2176 subjectorum
2985 2113 3139 2177 petat
3169 2127 3183 2175 ;
3217 2112 3388 2179 atque
3433 2112 3492 2163 ut
3541 2110 3921 2166 sufﬁcienter

2192 2196 2327 2265 jura
2379 2201 2712 2267 patronatus
2770 2196 3021 2253 subditis
3070 2197 3313 2267 expleat,
3375 2203 3638 2268 patronos
3689 2199 3928 2269 quaerit

2197 2286 2412 2356 quibus
2441 2287 2567 2358 ipse
2599 2288 2940 2355 famulatur;
2970 2291 3068 2344 sed
3105 2288 3189 2342 bis
3220 2288 3359 2342 dum
3385 2288 3739 2343 familiariter
3766 2291 3926 2357 jun-

2196 2377 2374 2446 gitur,
2405 2393 2603 2433 eorum
2639 2378 2839 2449 procul
2871 2378 3045 2432 dubio
3077 2378 3270 2432 causis
3304 2378 3652 2447 implicatur,
3679 2379 3910 2447 quibus

2198 2481 2347 2535 saepe
2397 2467 2683 2522 consentit
2739 2468 2798 2521 in
2848 2466 3088 2533 illicitis,
3121 2476 3176 2521 et
3209 2466 3361 2521 mala
3393 2482 3517 2537 qua
3551 2473 3781 2537 propter
3814 2483 3920 2523 se-

2199 2557 2512 2624 metipsum
2564 2573 2677 2613 non
2728 2556 2967 2628 appetit,
3001 2557 3318 2611 committit
3366 2562 3600 2628 prepter
3629 2556 3741 2611 alia
3771 2573 3920 2628 quae

2198 2662 2314 2700 non
2359 2646 2729 2718 derelinquit.
2770 2649 2910 2702 Nam
2947 2664 3097 2718 saepe
3143 2648 3283 2701 dum
3318 2646 3596 2703 honorem
3640 2663 3813 2702 suum
3853 2650 3928 2704 in

2199 2735 2307 2790 hoc
2343 2738 2561 2792 mundo
2593 2736 2856 2792 imminui
2890 2737 3160 2807 trepidat,
3194 2753 3260 2792 ea
3292 2737 3444 2808 apud
3481 2735 3730 2807 majores
3777 2753 3924 2807 per-

2197 2841 2367 2880 sonas
2419 2828 2721 2898 approbat,
2773 2843 2898 2897 qure
2945 2828 3069 2897 jam
3123 2841 3223 2898 per
3266 2825 3566 2897 preprium
3611 2825 3922 2897 judicium

2198 2915 2456 2971 damnat.
2494 2918 2545 2971 Is
2605 2917 2744 2971 dum
2778 2917 3024 2972 sollicite
3055 2917 3290 2986 cogitat,
3324 2916 3468 2986 quid
3511 2919 3769 2986 patronis
3802 2919 3926 2973 de-

2197 3004 2352 3070 beat,
2382 3006 2522 3076 quid
2554 3006 2868 3077 subjectis;
2903 3007 3042 3077 quid
3087 3007 3198 3062 sibi
3231 3012 3458 3077 augeat,
3493 3007 3564 3078 (ε)
3594 3007 3729 3077 quid
3764 3007 3924 3063 affe-

2199 3095 2390 3149 ctibus
2423 3098 2623 3166 prosit,
2657 3097 2828 3166 quasi
2880 3101 3039 3150 tanta
3072 3096 3393 3166 frequentia
3426 3097 3728 3151 turbarum
3762 3111 3926 3166 pre-

2197 3184 2397 3252 mitur,
2431 3191 2651 3256 quanta
2682 3202 2954 3241 curarum
2988 3186 3426 3257 importunitate
3459 3186 3756 3240 laceratur.

2266 3274 2400 3344 [νει.
2453 3275 2684 3345 XXXIV.]
2724 3276 2814 3332 58.
2855 3277 2976 3331 Sole
3014 3291 3194 3331 secum
3234 3281 3363 3331 sunt
3415 3277 3512 3347 qui
3550 3275 3687 3331 vitia
3733 3276 3918 3332 sube-

2192 3369 2497 3436 gerunt.-—
2519 3367 2803 3420 Atcontra
2824 3365 3154 3433 sanctiviri,
3170 3366 3306 3437 quia
3332 3365 3476 3420 nihil
3500 3365 3678 3436 hujus
3694 3368 3926 3434 mundi

2193 3458 2499 3525 appetunt,
2549 3453 2724 3509 nullis
2757 3458 2956 3526 procul
3001 3455 3174 3510 dubio
3217 3454 3278 3510 in
3329 3456 3500 3512 corde
3548 3455 3921 3512 tumultibus

2193 3549 2574 3614 premuntur;
2609 3559 2812 3599 omnes
2843 3545 3056 3615 quippe
3088 3544 3448 3600 inordinatos
3482 3544 3917 3604 desideriorum

2194 3638 2386 3690 motus
2433 3652 2464 3688 a
2494 3633 2670 3688 cubili
2705 3635 2918 3699 cordis,
2955 3650 3124 3689 manu
3175 3643 3383 3690 sanctas
3416 3636 3916 3693 considerationis

2191 3722 2453 3792 ejiciunt,
2478 3727 2533 3776 et
2565 3722 2702 3794 quia
2721 3722 3058 3777 transitoria
3087 3730 3299 3778 cuncta
3329 3724 3680 3793 despiciunt,
3713 3741 3780 3780 ex
3806 3725 3911 3782 his

2193 3820 2495 3869 nascentes
2545 3814 2958 3884 cogitationum
3012 3813 3355 3870 insolentias
3406 3831 3521 3869 non
3569 3817 3910 3885 patiuntur.

2190 3901 2381 3957 Solam
2417 3918 2664 3973 namque
2694 3912 2971 3957 aeternam
3020 3905 3267 3974 patriam
3303 3909 3625 3975 appetunt;
3657 3914 3708 3959 et
3755 3908 3909 3976 quia

2191 3991 2349 4046 nulla
2370 3992 2544 4061 hujus
2571 3992 2772 4046 mundi
2796 3993 3069 4062 diligunt,
3090 4009 3298 4064 magna
3321 3995 3535 4049 mentis
3559 3994 3910 4064 tranquilli-

2187 4085 2304 4137 tate
2325 4082 2720 4152 perfruuntur.
2749 4080 2911 4136 Unde
2934 4087 2990 4136 et
3024 4087 3174 4137 recte
3195 4083 3444 4138 dicitur:
3484 4084 3584 4150 Qui
3609 4082 3908 4151 zdiﬁcant

2188 4171 2293 4224 sibi
2339 4171 2680 4225 solitudines.
2724 4170 3082 4227 Solitudines
3133 4172 3347 4243 quippe
3393 4172 3693 4239 aedificare,
3727 4176 3820 4227 est
3872 4193 3909 4230 a

2189 4270 2404 4315 secreto
2463 4259 2652 4315 cordis
2709 4263 3071 4317 terrenorum
3128 4261 3551 4317 desideriorum
3605 4261 3906 4319 tumultus

2188 4350 2491 4422 expellere,
2532 4349 2699 4405 I80
2727 4355 2784 4406 et
2816 4368 2932 4406 una
2977 4351 3302 4407 intentione
3341 4359 3560 4407 internae
3595 4351 3792 4422 patriae
3839 4355 3905 4408 in

2187 4455 2441 4494 amorem
2475 4439 2694 4495 intimae
2735 4440 2950 4512 quietis
2981 4441 3275 4497 anhelare.
3308 4443 3392 4496 An
3444 4458 3558 4496 non
3592 4448 3838 4498 cunctos
3875 4460 3910 4498 a

375 4529 590 4595 teneat,
630 4528 754 4596 jam
787 4528 845 4582 in
896 4530 1230 4586 defensione
1261 4531 1340 4585 rei
1376 4547 1548 4601 quam
1593 4532 1835 4603 appetit,
1866 4549 2084 4589 vacuus
2116 4528 2162 4590 D
2193 4544 2255 4585 se
2302 4529 2725 4600 cogitationum
2770 4529 3059 4585 tumultus
3109 4531 3431 4602 expulerat,
3476 4531 3576 4602 qui
3619 4531 3856 4586 dicebat
3887 4547 3926 4588 :.

377 4616 634 4687 litigator
663 4616 943 4672 elaborat.
978 4620 1248 4682 Quamvis
1298 4635 1433 4691 ergo
1466 4621 1610 4676 nihil
1643 4621 1714 4676 de
1771 4623 2077 4692 concupita

374 4720 435 4761 re
492 4705 728 4773 ceperit,
765 4705 935 4761 habet
982 4710 1178 4762 tamen
1210 4707 1267 4762 in
1300 4710 1470 4764 corde
1495 4710 1618 4780 jam
1654 4708 1903 4764 fructum
1937 4727 2076 4765 con-

370 4793 763 4866 cupiscentiae,
824 4795 1077 4852 laborem
1137 4795 1289 4851 rixae.
1351 4798 1520 4854 Gravi
1581 4801 1780 4871 itaque
1853 4802 2070 4873 populo

370 4884 677 4957 premitur,
712 4885 808 4956 qui
841 4885 1172 4954 instigantis
1202 4887 1457 4941 avaritiae
1487 4889 1746 4946 tumultu
1792 4896 2069 4946 vastatur.

368 4975 534 5031 Alius
582 4991 639 5032 se
678 4975 975 5046 tyrannidi
1017 4976 1300 5046 superbi
1342 4976 1625 5046 subjecit;
1660 4984 1716 5034 et
1760 4996 1858 5035 cor
1889 4980 2074 5037 mise-

367 5081 519 5133 rum,
574 5066 711 5122 dum
769 5071 975 5122 contra
1005 5065 1272 5120 homines
1323 5065 1515 5137 erigit,
1547 5067 1685 5122 vitio
1727 5069 2049 5124 substernit

438 5177 516 5245 (a)
551 5175 711 5230 Unus
743 5176 1008 5245 eRemig.
1044 5179 1100 5229 et
1149 5173 1370 5241 Norm.,
1402 5191 1546 5247 quos
1577 5186 1897 5246 sequuntur
1930 5178 2070 5234 Bar-

369 5245 513 5311 thol,
550 5252 606 5298 et
635 5247 757 5301 aliae
789 5255 1000 5303 vetust.
1044 5247 1363 5312 Editiones,
1396 5245 1878 5304 immensitatibus.

438 5315 514 5392 _(b)
548 5315 632 5370 Ita
661 5320 830 5392 Corb.
881 5321 1094 5388 Germ.,
1149 5319 1378 5386 Rhem.,
1421 5322 1638 5392 Remig.
1690 5321 1799 5376 Alii
1851 5321 2071 5377 habent

365 5385 513 5440 solus
545 5391 751 5463 repetit,
799 5401 894 5446 aut
947 5385 1160 5462 recipit.
1204 5385 1565 5448 Pratulimus
1589 5385 1873 5463 vpriorem
1908 5394 2063 5461 lect.,

369 5473 498 5526 quae
558 5459 892 5514 nobiliorem
947 5459 1183 5518 sensum
1241 5465 1487 5520 exhibet.
1549 5459 1816 5521 Secunda
1873 5459 2065 5522 tamen

369 5544 544 5583 SBDBU
581 5546 694 5583 non
727 5539 893 5585 caret.

548 5601 610 5677 [_n
631 5600 998 5677 quibusdam
1024 5605 1193 5677 lites"
1227 5607 1518 5677 effectibus.

433 5671 880 5751 (d)ASubjic_iun_t
911 5673 1146 5751 δίο-βά,
1171 5671 1371 5733 omnib.
1406 5678 1546 5734 dieb.
1572 5681 1698 5736 vitm
1712 5696 1883 5741 meae;
1908 5681 2058 5751 quod

366 5741 535 5799 abest
565 5759 599 5799 a
629 5741 972 5799 melioribus
999 5747 1130 5800 Mss.

2189 4621 2361 4676 Unam
2405 4622 2537 4690 petii
2568 4636 2601 4674 a
2653 4619 2903 4675 Domino.
2952 4620 3092 4674 hanc
3141 4623 3438 4690 requiram,
3469 4630 3531 4675 ut
3582 4621 3902 4677 inhabilem

2188 4711 2248 4763 in
2279 4709 2434 4764 domo
2455 4711 2674 4764 Domini
2701 4709 3135 4780 (d)(Psal.xxv1,
3153 4709 3246 4780 li)?
3265 4712 3308 4765 A
3333 4709 3661 4780 frequentia
3679 4712 3902 4782 quippe

2184 4802 2543 4855 terrenorum
2560 4798 2981 4854 desideriorum
3001 4800 3050 4853 fu
3060 4800 3392 4870 gerat,(e)ad
3410 4815 3684 4871 magnam
3699 4802 3906 4857 videli-

2181 4893 2274 4944 cet
2305 4889 2680 4945 solitudinem
2705 4890 3104 4962 semetipsum,
3127 4891 3225 4945 ubi
3244 4907 3310 4948 eo
3331 4891 3514 4946 tutius
3531 4891 3676 4947 nihil
3699 4898 3899 4949 extra-

2182 4993 2357 5033 neum
2391 4978 2772 5048 conspiceret,
2812 4995 2924 5049 quo
2951 4979 3348 5050 incompetens
3391 4979 3535 5035 nihil
3567 4986 3806 5036 amaret.
3846 4985 3900 5039 Α

2178 5067 2437 5123 tumultu
2466 5083 2656 5123 rerum
2688 5069 2758 5137 (Γ)
2788 5069 3191 5140 temporalium
3227 5085 3508 5140 magnum
3568 5072 3895 5142 quemdam

2252 5178 2318 5246 (ε)
2351 5179 2412 5229 In
2445 5175 2731 5246 Vulgatis,
2765 5181 2814 5232 et
2853 5177 2922 5232 ad
2959 5193 3206 5248 magnam
3254 5177 3502 5234 videlicet
3531 5180 3897 5236 solitudinem

2178 5249 2530 5322 semetipsum
2557 5247 2875 5322 contulerat
2897 5265 2917 5311 ;
2941 5247 3054 5320 quo
3077 5253 3426 5322 depravatur
3459 5267 3670 5308 sensus
3700 5255 3897 5308 sancti

2177 5318 2437 5390 Gregorii
2495 5336 2609 5374 non
2669 5320 2842 5375 aliam
2876 5318 3043 5375 nobis
3085 5318 3459 5377 solitudinem
3521 5327 3893 5380 ostendentis

2180 5407 2354 5461 quam
2383 5390 2793 5465 nosmetipsos,
2829 5409 2940 5446 non
2970 5392 3148 5446 alium
3183 5410 3477 5450 secessum
3511 5410 3690 5465 quam
3727 5413 3891 5452 men-

2177 5468 2291 5516 tem
2327 5463 2611 5532 quietam,
2647 5469 2709 5517 ut
2748 5465 2917 5533 paulo
2952 5473 3079 5533 post
3109 5465 3341 5533 legitur.

2254 5535 2318 5602 (1)
2355 5535 2525 5600 Edit.,
2554 5537 2940 5608 corporalium.
2978 5543 3046 5589 At
3071 5536 3233 5602 Mss.,
3267 5541 3683 5608 temporalium;
3716 5540 3888 5607 ibid.,

2173 5620 2430 5674 magnum
2493 5605 2761 5683 quoddam
2822 5623 3104 5683 secessum,
3165 5605 3379 5683 legitur
3427 5612 3484 5665 in
3555 5612 3714 5680 Mss.,
3777 5605 3883 5683 pro

2172 5692 2440 5745 magn-um
2497 5679 2824 5748 quemdam;
2845 5677 2973 5734 vide
3014 5695 3142 5753 quae
3173 5677 3429 5738 diximus
3459 5698 3660 5756 supra,
3695 5677 3755 5740 n.
3777 5677 3884 5740 ⁷54.
