4134 6174
282 267 406 329 669

1215 261 1629 330 MORALIUM
1679 261 1824 328 LIB.
1873 261 1977 326 IV.
2026 295 2099 311 —-
2145 265 2219 325 IN
2265 261 2440 331 CAP.
2491 269 2572 330 ΙΙΙ
2620 269 2690 330 Β.
2736 267 2896 331 JOB.

3697 272 3815 333 670

283 416 584 459 secessum
618 399 693 471 (a)
725 399 968 471 petierat
997 396 1253 470 quietam
1288 404 1568 466 mentem,
1598 400 1656 455 in
1693 416 1810 472 qua
1841 401 1997 454 tanto
2027 401 2077 465 Α
2111 401 2448 470 abscondat,
2483 404 2682 460 dicens
2714 419 2727 458 :
2755 405 2800 460 Α
2827 402 2974 473 facie
3003 418 3198 458 manus
3227 407 3335 459 tua:
3363 405 3508 460 solus
3539 405 3817 473 sedebam,

282 495 494 566 purius
530 494 706 548 Deum
740 499 1017 558 cerneret,
1050 498 1262 562 quanto
1311 492 1469 549 hunc
1500 509 1630 549 cum
1664 508 1724 548 se
1756 492 1878 549 solo
1910 508 2002 548 so-

286 585 414 642 lum
455 583 760 640 inveniret.

358 674 450 730 59.
492 675 559 730 Et
599 689 722 729 vere
762 673 1004 728 consules
1042 675 1189 739 su-nt,
1227 673 1359 744 quia
1397 674 1687 729 consulere
1723 673 1853 728 aliis
1894 689 2002 728 non

284 765 575 821 desistunt.
611 795 676 803 —
708 766 858 818 Bene
890 770 1080 817 autem
1114 762 1192 827 hi,
1221 763 1319 833 qui
1352 763 1464 819 sibi
1497 763 1843 819 solitudines
1866 779 2002 818 con-

284 859 548 919 struunt,
575 853 750 908 etiam
777 849 1048 907 consules
1079 856 1382 920 vocantur,
1408 853 1544 924 quia
1577 853 1658 908 sic
1691 853 1746 907 in
1778 868 1837 908 se
1869 850 2004 906 soli-

282 946 553 1001 tudinem
584 943 797 1001 mentis
820 942 1129 1010 mdiﬁcant,
1155 947 1217 998 ut
1237 949 1432 999 tamen
1455 944 1512 998 in
1537 960 1645 1014 quo
1667 941 1998 1016 praevalent,

285 1037 425 1092 aliis
481 1054 580 1108 per
638 1035 978 1092 charitatem
1037 1033 1340 1089 consulere
1399 1033 1642 1090 minime
1696 1033 1995 1089 desistant.

283 1125 460 1182 Hunc
491 1141 645 1198 ergo.
670 1141 841 1197 quem
877 1124 1047 1180 modo
1080 1123 1441 1195 praetulimus
1475 1123 1793 1190 consulem,
1827 1123 1998 1195 paulo

281 1216 567 1271 subtilius
611 1216 1062 1285 perpendamus,
1094 1215 1384 1284 quomodo
1416 1215 1483 1269 ad
1531 1214 1837 1286 prmbenda
1869 1213 1997 1268 vitae

279 1305 655 1362 sublimioris
679 1301 962 1372 exempla,
984 1302 1260 1373 subjectis
1284 1303 1632 1375 populorum
1656 1303 1998 1369 cuneis,vir-

276 1401 476 1451 tutum
501 1394 753 1451 calculos
775 1399 1032 1466 spargat.
1049 1394 1190 1450 Ecce
1211 1396 1278 1449 ad
1305 1395 1718 1450 insinuandam
1745 1393 1996 1449 retribu-

274 1485 502 1540 tionem
531 1484 666 1540 boni
691 1501 793 1555 pro
818 1483 988 1551 malo,
1013 1485 1083 1539 de
1107 1484 1421 1554 semetipso
1449 1483 1998 1552 fatetur,dicens:Si

277 1573 500 1628 reddidi
543 1572 980 1629 retribuentibus
1024 1573 1164 1627 mihi
1203 1573 1375 1642 mala,
1407 1573 1652 1628 decidam
1699 1573 1890 1628 merito
1929 1571 1995 1626 ab

277 1663 536 1719 inimicis
559 1662 690 1718 meis
712 1662 902 1718 inanis
918 1663 1037 1733 (Ps.
1062 1679 1159 1730 vn,
1182 1662 1258 1734 5).
1285 1663 1368 1717 Ad
1394 1662 1767 1717 dilectionem
1792 1662 1994 1716 condi-

275 1753 428 1808 toris
475 1753 834 1808 excitandam
886 1751 1165 1820 insinuat,
1215 1752 1412 1807 dicens
1444 1769 1456 1807 :
1492 1749 1628 1806 Mihi
1666 1759 1858 1806 autem
1887 1750 1996 1804 ad—
2028 1774 2072 1840 Β

274 1841 491 1896 haerere
545 1842 651 1896 Deo
690 1841 890 1896 bonum
933 1844 1009 1896 est
1042 1841 1211 1910 (Psal.
1267 1856 1439 1907 LXXII,
1468 1840 1578 1911 28).
1616 1841 1700 1894 Ad
1746 1841 1995 1894 formam

275 1936 495 1987 sanctas
564 1929 912 1986 humilitatis
980 1929 1457 2000 imprimendam,
1525 1933 1743 1985 secreta
1811 1928 1998 1984 cordis

275 2019 373 2075 sui
423 2019 659 2088 indicat,
693 2019 940 2075 dicens:
976 2020 1219 2083 Domine,
1267 2036 1379 2075 non
1421 2023 1500 2073 est
1551 2020 1859 2074 exaltatum
1905 2033 1998 2074 cor

275 2126 485 2175 meum,
528 2126 706 2182 neque
744 2109 876 2166 elati
912 2118 1042 2165 sunt
1080 2108 1228 2164 oculi
1262 2110 1370 2165 mei
1398 2110 1570 2179 (Psal.
1603 2125 1767 2174 cxxx,
1805 2110 1877 2178 1).
1909 2108 1994 2164 Ad

275 2201 625 2256 imitandam
658 2200 767 2255 zeli
799 2199 1210 2256 rectitudinem
1245 2199 1508 2270 exemplo
1551 2216 1657 2254 suo
1703 2216 1808 2254 nos
1838 2199 1992 2254 exci-

279 2297 387 2355 tat,
421 2290 618 2346 dicens
655 2306 667 2344 :
703 2288 778 2361 (b)
812 2290 996 2344 Nonne
1043 2291 1140 2360 qui
1186 2294 1239 2345 te
1281 2289 1528 2356 oderunt,
1576 2290 1738 2353 Deus,
1770 2288 1990 2343 oderam

274 2395 390 2445 eos,
421 2383 470 2434 et
498 2395 667 2449 super
711 2379 963 2434 inimicos
1007 2383 1128 2433 tuos
1177 2378 1554 2433 tabescebam?
1597 2379 1838 2446 Per/ecta
1869 2378 1992 2431 odio

274 2467 500 2524 oderam
545 2469 691 2536 illos,
736 2467 954 2522 inimici
996 2468 1134 2537 facti
1175 2472 1303 2522 sunt
1340 2466 1480 2521 mihi
1520 2466 1686 2529 (Psal.
1719 2482 1989 2533 CXXXVIII,

266 2558 390 2629 22).
425 2559 506 2612 Ad
538 2564 759 2612 aeternas
792 2557 959 2612 nobis
999 2558 1191 2627 patrias
1225 2557 1578 2611 desiderium
1625 2555 1992 2610 succenden-

274 2649 450 2707 dum,
482 2647 608 2700 vita
640 2648 940 2718 prmeentis
972 2645 1398 2717 longitudinem
1431 2644 1710 2716 deplorat,
1744 2643 1943 2698 dicens
1975 2660 1988 2699 :

265 2737 392 2792 Heu
435 2737 507 2807 (c)
551 2737 731 2792 mihi!
784 2737 925 2808 quod
982 2736 1249 2792 incolatus
1305 2751 1456 2790 meus
1512 2734 1868 2805 prolongatus
1914 2741 1992 2789 est

271 2827 456 2896 (Psal.
483 2843 630 2894 CXIX,
663 2828 742 2897 5).
766 2827 1061 2898 Largitate
1084 2826 1361 2881 nimirum
1390 2825 1470 2896 (ά)
1490 2824 1824 2882 consulatus
1848 2822 1985 2879 emi-

275 2918 423 2984 cuit,
457 2917 555 2989 qui
587 2916 850 2989 exemplo
890 2916 1344 2973 conversationis
1392 2913 1660 2987 propriae,
1690 2918 1777 2969 tot
1819 2913 1989 2972 nobis

275 3010 565 3064 virtutum
599 3008 851 3065 calculos
882 3009 1124 3080 spargit.

2109 494 2368 561 quoniam
2413 495 2834 550 comminatione
2883 494 3103 564 replesti
3146 510 3248 550 me.
3283 496 3360 550 Ac
3410 496 3459 551 si
3506 498 3698 564 aperte
3741 494 3822 549 di-

2111 587 2202 638 cat
2236 600 2248 638 :
2283 584 2432 640 Dum
2480 585 2787 641 considero
2840 584 2978 655 quid
3023 585 3146 654 jam
3200 601 3298 654 per
3338 585 3542 655 judicii
3595 583 3821 656 experi-

2113 678 2376 728 mentum
2427 675 2637 745 patior,
2690 691 2722 728 a
2770 672 3026 728 tumultu
3063 672 3486 730 desideriorum
3531 678 3825 745 tempora-

2109 757 2253 815 lium
2302 761 2555 834 trepidus
2601 761 2812 817 mentis
2858 776 3153 817 secessum
3192 767 3342 832 peto,
3375 761 3512 832 quia
3542 767 3599 817 et
3631 760 3822 816 adhuc

2110 850 2303 907 acrius
2346 852 2445 908 illa
2486 869 2610 924 qua:
2654 852 2918 921 minaris,
2952 856 3165 907 aeterna
3214 853 3506 925 supplicia
3555 851 3822 908 formido.

2110 942 2262 997 Bene
2293 958 2427 1015 ergo
2459 944 2528 998 de
2561 943 2796 1014 regibus
2843 947 3019 1014 atque
3060 943 3397 998 consulibus
3426 942 3636 997 dicitur
3668 957 3681 997 :
3715 941 3826 1012 Qui

2109 1032 2382 1101 aediﬁcant
2411 1032 2520 1087 sibi
2556 1033 2902 1088 solitudines.
2941 1032 3086 1095 Quia
3128 1032 3165 1085 ii
3208 1032 3306 1102 qui
3347 1037 3403 1087 et
3444 1047 3505 1087 se
3545 1032 3693 1086 bene
3738 1047 3827 1084 re-

2109 1137 2262 1192 gere,
2298 1126 2354 1177 et
2397 1122 2698 1178 consulere
2743 1121 2872 1178 aliis
2917 1122 3130 1187 sciunt,
3165 1120 3438 1191 quoniam
3487 1119 3824 1192 praesentari

2111 1198 2347 1266 interim
2393 1211 2478 1267 illi
2525 1213 2743 1267 intimas
2791 1211 2971 1283 quieti
3021 1227 3135 1266 non
3182 1215 3445 1282 possunt,
3479 1210 3627 1265 hanc
3671 1209 3822 1280 apud

2108 1301 2454 1372 semetipsos
2483 1318 2585 1373 per
2616 1303 2880 1358 studium
2905 1302 3233 1372 tranquillas
3259 1300 3471 1356 mentis
3495 1301 3821 1355 imitantur.

2108 1390 2385 1463 Sequitur
2419 1409 2432 1449 :

2709 1482 2944 1538 CAPUT
2985 1484 3196 1538 XXXI.

2175 1570 2347 1628 Vens.
2386 1573 2469 1627 15.
2503 1603 2570 1612 --
2603 1571 2737 1628 Cum
2763 1573 3138 1645 principibus,
3162 1572 3258 1643 qui
3285 1571 3563 1644 possident
3596 1587 3820 1627 aurum,

2104 1669 2154 1717 et
2185 1664 2398 1732 replent
2429 1664 2618 1717 domos
2647 1681 2775 1718 suas
2805 1667 3050 1732 argento.

2172 1752 2261 1808 61.
2297 1750 2582 1822 Principes
2615 1759 2745 1806 sunt
2775 1757 3020 1808 rectores
3051 1751 3335 1818 Ecclesiae,
3370 1769 3572 1807 aurum
3600 1751 3821 1822 sapien-

2109 1839 2208 1908 tia,
2249 1847 2540 1909 argentum
2579 1841 2803 1896 verbum
2842 1843 2957 1897 Dei.
2992 1873 3058 1881 —
3107 1843 3257 1908 Quos
3305 1841 3450 1898 alios
3503 1840 3816 1912 principes,

2109 1931 2222 1986 nisi
2245 1937 2458 1986 sanctae
2482 1930 2749 1987 Ecclesiae
2774 1939 3022 1988 rectores
3046 1938 3230 2001 vocat,
3250 1949 3395 2004 quos
3417 1932 3819 1987 indesinenter

2107 2019 2164 2074 in
2195 2020 2321 2076 loco
2345 2024 2790 2091 praedicatorum
2825 2021 3273 2092 praecedentium
3299 2021 3494 2076 divina
3516 2022 3817 2093 dispensa-

2107 2109 2184 2163 tio
2234 2110 2552 2182 subrogat?
2600 2110 2678 2165 De
2727 2112 2941 2181 quibus
2972 2111 3159 2166 eidem
3204 2109 3468 2165 Ecclesiae
3503 2111 3818 2165 Psalmista

2105 2198 2188 2254 ait
2220 2216 2233 2254 :
2269 2201 2373 2255 Pro
2399 2200 2652 2270 patribus
2694 2199 2805 2255 tuis
2849 2203 2968 2255 nali
3009 2206 3138 2254 sunt
3183 2201 3285 2252 tibi
3329 2199 3438 2267 ﬁlii
3469 2215 3486 2253 :
3518 2200 3817 2253 constitues

2105 2304 2191 2344 eos
2237 2291 2512 2360 principes
2559 2306 2723 2359 super
2770 2306 2982 2345 omnem
3028 2293 3236 2344 terram
3283 2289 3453 2358 (Psal.
3507 2304 3652 2353 XLtv,
3704 2289 3815 2355 17).

2103 2378 2247 2441 Quid
2283 2395 2414 2434 vero
2456 2395 2687 2444 aurum,
2724 2379 2835 2434 nisi
2879 2379 3224 2450 sapientiam
3274 2375 3568 2448 appellat?
3599 2377 3669 2431 de
3699 2392 3816 2445 qua

2103 2483 2203 2538 per
2244 2468 2608 2523 Salomonem
2655 2468 2869 2523 dicitur
2901 2485 2914 2523 :
2951 2469 3263 2524 Thesaurus
3305 2465 3684 2521 desiderabilis
3725 2481 3814 2520 re-

2103 2557 2335 2628 quiescit
2364 2560 2418 2612 in
2446 2574 2543 2613 ore
2571 2560 2833 2628 sapientis
2862 2559 3040 2629 (Prov.
3069 2574 3182 2623 xxx,
3207 2558 3319 2628 20).
3345 2561 3569 2610 Aurum
3606 2569 3812 2626 nempe

2102 2647 2448 2717 sapientiam
2494 2647 2655 2713 vidit,
2690 2663 2863 2719 quam
2913 2647 3254 2702 thesaurum
3299 2646 3540 2701 vocavit.
3580 2646 3714 2710 Quae
3758 2647 3814 2698 et

2102 2740 2256 2791 recte
2305 2736 2432 2792 auri
2477 2736 2865 2807 appellatione
2925 2737 3228 2808 signatur;
3280 2735 3409 2804 quia
3467 2733 3620 2789 sicut
3669 2748 3809 2788 auro

2099 2825 2468 2896 temporalia,
2521 2827 2599 2881 ita
2649 2826 2940 2898 sapientia
2988 2827 3141 2881 bona
3189 2831 3406 2879 aeterna
3458 2827 3810 2877 mercantur.

2099 2915 2156 2970 Si
2189 2932 2398 2971 aurum
2433 2916 2721 2987 sapientia
2761 2931 2876 2970 non
2908 2920 3083 2980 esset,
3119 2928 3484 2983 nequaquam
3522 2911 3811 2966 Laodiceae

2097 3003 2366 3058 Ecclesiae
2417 3003 2487 3057 ab
2537 3003 2742 3076 angelo
2774 3003 3064 3058 diceretur
3098 3018 3111 3056 :
3146 3001 3359 3056 Suadeo
3409 2999 3510 3055 tibi
3555 3013 3731 3053 emere
3778 3014 3811 3052 a

346 3099 484 3169 [Vet.
521 3098 735 3170 XXXV.)
764 3099 854 3154 60.
895 3073 1114 3169 S'edie)
1153 3098 1260 3154 iste
1299 3096 1505 3153 consul
1545 3112 1618 3151 an
1660 3096 1769 3151 sibi
1812 3095 1982 3151 etiam
2017 3073 2061 3144 (ἶ
2097 3108 2184 3147 me
2238 3109 2435 3147 aurum
2497 3073 2740 3163 ignitum
2785 3093 2968 3163 (Apoc.
3020 3107 3104 3157 tu,
3155 3091 3266 3158 18).
3315 3091 3535 3145 Aurum
3595 3087 3811 3158 quippe

271 3188 652 3244 solitudinem
703 3187 966 3254 aedificet,
1016 3191 1231 3242 narret.
1282 3187 1378 3242 Ait
1425 3186 1578 3241 enim
1615 3204 1627 3242 :
1663 3187 1791 3241 Ecce
1838 3187 1985 3241 elon-

267 3280 402 3349 gavi
439 3281 680 3349 fugiens,
711 3287 760 3334 et
789 3277 974 3334 mansi
1003 3280 1062 3332 in
1092 3277 1388 3333 solitudine
1413 3279 1588 3348 (Psal.
1621 3294 1731 3343 LIV,
1760 3277 1837 3346 8).
1873 3276 1982 3330 Fu-

272 3367 444 3440 giens
492 3369 742 3442 elongat,
790 3370 923 3442 quia
953 3387 986 3425 a
1018 3370 1184 3425 turba
1226 3369 1644 3425 desideriorum
1693 3374 1984 3438 tempora-

270 3456 426 3514 lium
458 3460 514 3514 in
546 3459 662 3516 alta
705 3460 805 3516 Dei
854 3459 1336 3530 contemplatione
1381 3475 1438 3515 se
1482 3458 1760 3514 sublevat.
1793 3457 1987 3512 Manet

267 3563 414 3603 vero
445 3549 500 3604 in
533 3549 870 3614 solitudine,
902 3549 1038 3619 quia
1070 3553 1394 3620 perseverat
1424 3548 1481 3603 in
1525 3551 1745 3603 remota
1777 3546 1985 3600 mentis

267 3638 620 3694 intentione.
653 3638 730 3694 De
764 3655 874 3710 qua
907 3639 1054 3694 bene
1085 3638 1397 3693 solitudine
1432 3637 1672 3693 Domino
1703 3635 1985 3692 Jeremias

270 3727 356 3784 ait
393 3745 405 3783 :
441 3730 474 3784 Α
509 3730 655 3799 facie
683 3746 880 3784 manus
918 3738 1031 3786 tuae
1059 3729 1206 3784 solus
1237 3728 1506 3788 sedebam,
1539 3726 1803 3797 quoniam
1835 3741 1984 3780 com-

274 3819 588 3875 minatione
628 3821 844 3892 replesti
887 3837 974 3877 me
1013 3821 1233 3892 (Jerem.
1262 3836 1354 3887 xv,
1393 3819 1498 3889 17).
1532 3818 1728 3873 Facies
1772 3817 1984 3888 quippe

273 3926 495 3965 manus
525 3910 648 3980 Dei,
669 3915 756 3966 est
789 3909 887 3966 illa
911 3910 1202 3982 percussio
1230 3909 1372 3979 justi
1398 3907 1626 3978 judicii,
1650 3923 1762 3978 qua
1783 3921 1984 3978 super-

273 4001 532 4055 bientem
566 4000 865 4056 hominem
898 4018 929 4056 a
959 4000 1226 4073 paradiso
1260 3997 1494 4070 repulit,
1528 4005 1579 4052 et
1611 3998 1667 4052 in
1719 3997 1822 4052 hac
1869 4013 1986 4053 cae-

270 4090 448 4145 citate
479 4091 558 4158 (f)
593 4091 894 4160 praesentis
925 4089 1109 4145 exsilii
1150 4089 1408 4144 exclusit.
1440 4085 1820 4142 Comminatio
1853 4101 1984 4142 vero

268 4180 426 4251 ejus,
473 4183 561 4234 est
610 4184 795 4235 terror
834 4179 1023 4236 adhuc
1064 4178 1336 4251 supplicii
1383 4178 1697 4248 sequentis.
1733 4180 1866 4231 Post
1898 4176 1981 4231 fa-

264 4269 417 4324 ciem
452 4269 626 4338 igitur
657 4285 866 4325 manus
896 4269 1087 4324 adhuc
1132 4285 1238 4324 nos
1277 4267 1449 4323 mina
1481 4266 1824 4336 terriﬁcant,
1850 4264 1984 4337 quia

260 4373 372 4428 per
393 4358 856 4427 experimentum
881 4357 1091 4430 judicii
1114 4358 1239 4427 jam
1265 4373 1369 4412 nos
1392 4360 1447 4410 et
1478 4373 1645 4426 pmna
1677 4355 1975 4426 praesentis

2100 3184 2374 3247 emimus,
2407 3199 2539 3238 cum
2574 3183 2869 3254 accepturi
2916 3182 3287 3253 sapientiam,
3334 3180 3496 3251 prius
3529 3178 3808 3234 obedien-

2093 3275 2236 3328 tiam
2287 3275 2636 3345 preebemus.
2667 3275 2746 3327 Ad
2780 3289 2952 3344 quem
2986 3272 3256 3327 videlicet
3298 3287 3401 3325 nos
3444 3273 3804 3325 contractum

2094 3365 2241 3421 bene
2272 3366 2352 3434 (y)
2384 3364 2618 3435 quidam
2667 3365 2900 3434 sapiens
2939 3362 3171 3430 excitat,
3208 3361 3405 3416 dicens
3439 3375 3452 3413 :
3488 3356 3808 3430 Concupisli

2092 3453 2467 3525 sapientiam?
2497 3453 2665 3507 Serva
2711 3451 2994 3518 mandata,
3043 3458 3098 3507 et
3146 3452 3405 3507 Dominus
3435 3449 3514 3520 (ὴ)
3545 3446 3806 3520 ρνδνὺθὺίε

2093 3545 2252 3599 illam
2277 3543 2382 3598 tibi
2411 3541 2600 3612 (Eccli.
2636 3558 2672 3606 ι,
2707 3542 2818 3611 33).
2852 3541 2998 3605 Quid
3044 3548 3235 3596 autem
3281 3556 3381 3610 per
3423 3540 3652 3604 domos,
3690 3536 3803 3592 nisi

2093 3631 2465 3687 conscientia:
2497 3629 2923 3700 designantur?
2953 3627 3117 3684 Unde
3157 3635 3360 3684 sanato
3393 3627 3621 3682 cuidam
3656 3623 3799 3677 dici-

2092 3725 2189 3776 tur
2239 3736 2252 3774 :
2310 3718 2455 3774 Vade
2511 3718 2571 3774 in
2620 3720 2840 3775 domum
2893 3727 3047 3774 tuam
3097 3719 3303 3790 (Matth.
3359 3734 3433 3786 ιχ,
3482 3718 3556 3786 6).
3608 3716 3688 3768 Ac
3748 3710 3799 3767 si

2094 3817 2288 3881 aperte
2319 3808 2550 3864 audiat:
2575 3813 2710 3864 Post
2740 3809 2993 3863 exterius
3025 3807 3372 3861 miraculum
3404 3806 3472 3860 ad
3506 3802 3802 3858 conscien-

2093 3901 2233 3954 tiam
2281 3905 2584 3967 revertere,
2619 3904 2673 3953 et
2704 3897 2932 3968 qualem
2963 3902 3021 3952 te
3054 3896 3409 3951 intrinsecus
3440 3893 3554 3948 Deo
3587 3891 3800 3945 debeas

2093 3987 2382 4053 exhibere,
2428 3987 2735 4058 perpende.
2769 3986 2914 4050 Quid
2961 3985 3133 4041 etiam
3183 4000 3284 4055 per
3328 3989 3651 4051 argentum,
3685 3976 3801 4031 nisi

2094 4077 2324 4148 eloquia
2345 4077 2542 4132 divina
2572 4074 2934 4148 figurantur?
2953 4075 3025 4130 de
3047 4073 3264 4146 quibus
3295 4087 3394 4144 per
3424 4067 3798 4125 Psalmistam

2093 4168 2300 4223 dicitur
2349 4184 2364 4223 :
2415 4167 2655 4238 Eloquia
2712 4165 2954 4232 Domini,
3011 4166 3228 4236 eloquia
3286 4166 3457 4226 casta,
3505 4163 3798 4229 argentum

2092 4259 2224 4327 igne
2279 4257 2663 4314 examinatum
2717 4257 2888 4328 (Psal.
2942 4273 3021 4322 Xt,
3068 4256 3145 4321 7).
3204 4254 3506 4326 Eloquium
3564 4247 3799 4306 Domini

2091 4352 2396 4418 argentum
2439 4346 2570 4418 igne
2612 4346 3008 4402 examinatum
3043 4343 3275 4411 dicitur,
3308 4343 3447 4414 quia
3476 4354 3664 4396 sermo
3695 4336 3798 4393 Dei

269 4444 466 4501 exsilii
497 4446 764 4518 perculit,
787 4455 838 4503 et
870 4447 919 4503 si
953 4462 1188 4519 peccare
1221 4463 1332 4502 non
1366 4444 1724 4510 desistimus,
1751 4445 1981 4499 aeternis
2011 4454 2056 4519 D
2089 4435 2136 4491 εἰ
2169 4436 2228 4491 in
2261 4436 2432 4491 Corde
2464 4436 2682 4507 figitur,
2715 4434 3192 4490 tribulationibus
3224 4433 3522 4504 probatur-

247 4533 468 4591 'adhuc
498 4537 798 4609 suppliciis
827 4538 1062 4594 addicit.
1085 4537 1420 4594 Consideret
1445 4551 1578 4606 ergo
1600 4533 1687 4589 vir
1715 4538 1976 4604 sanctus,

265 4627 566 4699 proiectus
598 4628 732 4698 huc,
758 4631 909 4685 unde
940 4629 1114 4685 homo
1146 4627 1437 4695 ceciderit,
1460 4630 1631 4697 atque
1663 4623 1819 4680 hunc
1850 4629 1982 4696 post

263 4717 387 4774 ista
420 4726 774 4788 peccantem,
807 4736 918 4790 quo
956 4719 1146 4774 adhuc
1182 4718 1410 4789 justitia
1441 4713 1762 4786 judicantis
1794 4713 1977 4786 rapit;

259 4810 322 4862 et
375 4813 615 4864 cunctas
662 4827 693 4863 a
741 4825 804 4866 se
851 4808 1275 4865 desideriorum
1326 4804 1736 4876 temporalium
1777 4803 1981 4859 turbas

253 4893 486 4966 ejiciat,
543 4913 719 4969 seque
772 4899 832 4954 in
890 4914 1102 4970 magna
1170 4896 1385 4951 mentis
1442 4895 1590 4951 131
1665 4893 1982 4949 solitudine

339 5111 419 5184 (a)
451 5111 486 5184 2_
516 5112 722 5170 Rhem.
756 5117 812 5169 et
843 5130 995 5170 unus
1026 5113 1275 5184 Remig,
1306 5110 1551 5184 quietam
1581 5107 1794 5163 scilicet
1822 5123 1978 5165 men-

260 5182 406 5257 tem.
426 5182 556 5257 Ajii,
591 5185 831 5257 quietem
860 5188 1056 5241 mentis
1089 5182 1253 5255 Regi,
1288 5182 1595 5257 inquietam
1627 5186 1881 5257 mentem.

335 5254 415 5323 (b)
441 5255 574 5329 Ed,
598 5252 789 5313 'nonne
817 5257 913 5329 qui
942 5252 1271 5329 oderunt—te,
1312 5252 1560 5329 Domine,
1586 5256 1812 5329 (oderam
1832 5256 1856 5305 .9

335 5329 411 5401 (ε)
440 5327 707 5396 Vindoc.,
765 5324 1105 5401 Compend.,
1162 5328 1218 5384 S.
1279 5324 1492 5391 Albim,
1546 5328 1679 5389 etc.,
1732 5324 1834 5379 heu
1894 5340 1980 5379 me

260 5398 572 5541 Vet.
610 5475 708 5529 Ed.
745 5490 874 5530 cum
913 5473 1094 5542 antiq.
1138 5471 1343 5542 Rbem.
1378 5473 1435 5542 et
1467 5469 1683 5542 Germ.,
1712 5463 1975 5542 consola-

257 5538 404 5624 tus,"
425 5559 610 5614 neque
641 5563 772 5602 vero
820 5538 1158 5616 infrequens
1203 5547 1291 5598 est
1336 5540 1588 5596 librariis
1618 5556 1646 5595 0
1677 5555 1776 5610 pro
1808 5555 1846 5592 u
1875 5538 1973 5592 de-

252 5629 526 5757 pligetiic'
548 5690 912 5747 restituimus
931 5689 998 5744 ad
1025 5688 1192 5743 fidem
1209 5685 1470 5757 omnium
1497 5699 1640 5755 pene
1663 5682 1973 5757 Mss.,cum

247 5756 314 5817 in
348 5752 464 5816 vet.
518 5760 620 5816 Ed.
656 5766 711 5818 et
761 5762 820 5819 in
874 5761 1004 5822 aliis
1053 5759 1324 5830 deinceps
1373 5752 1664 5827 legeretur
1698 5769 1710 5808 :
1746 5752 1853 5808 Sed
1878 5752 1978 5807 iste

2168 4528 2314 4597 [Vet.
2370 4526 2645 4598 XXXVI.]
2690 4525 2781 4580 62.
2838 4524 2896 4580 Si
2952 4525 3121 4581 Adam
3179 4539 3285 4579 non
3341 4526 3629 4594 peccasset,
3690 4518 3797 4574 soli

2087 4626 2465 4683 nascerentur,
2500 4617 2594 4688 qui
2622 4630 2770 4670 nunc
2796 4614 3049 4671 salvandi
3075 4622 3221 4670 sunt.
3257 4613 3423 4668 —Vir
3452 4610 3629 4682 igitur
3658 4624 3799 4664 san-

2090 4710 2216 4762 ctus
2261 4706 2462 4777 spiritu
2500 4705 2843 4761 aeternitatis
2889 4705 3118 4776 plenus,
3147 4717 3390 4774 queque
3427 4700 3622 4755 futura
3660 4700 3795 4752 sunt

2091 4796 2358 4868 colligat;
2393 4800 2450 4853 et
2490 4811 2638 4866 quos
2684 4795 2849 4867 longe
2894 4800 3024 4866 post
3053 4799 3296 4850 ventura
3340 4789 3551 4848 stecula
3591 4788 3797 4859 gigne-

2092 4892 2238 4956 rent,
2284 4886 2474 4944 laxato
2527 4887 2742 4944 mentis
2787 4887 2920 4943 sinu
2973 4882 3458 4958 comprehendat;
3493 4883 3550 4934 et
3585 4891 3800 4946 magna

2090 5107 2220 5165 aliis
2257 5108 2566 5177 consulens,
2598 5107 2859 5179 quomodo
2895 5106 3020 5179 sibi.
3055 5100 3424 5179 Occasionem
3465 5095 3649 5179 errori
3679 5097 3793 5179 for-

2090 5181 2240 5237 sitan
2291 5168 2692 5252 praabuit'Ms.
2745 5180 2904 5249 Reg,
2958 5178 3014 5232 in
3067 5190 3177 5244 quo
3229 5169 3649 5226 babetur:Sed
3690 5168 3796 5226 iste

2087 5253 2395 5309 consulens.

2157 5325 2235 5393 (f)
2270 5323 2502 5387 Rbem.,
2562 5322 2799 5392 Remig,
2862 5336 2977 5393 uno
3035 5322 3292 5393 excepto,
3349 5313 3574 5393 Ngrm.,
3625 5313 3791 5393 Reg?

2087 5387 2304 5460 Germ,
2348 5395 2684 5465 Compend.,
2722 5387 3006 5465 'Longip,
3037 5389 3092 5443 S.
3135 5387 3364 5465 Albim,
3395 5387 3635 5465 T_uron.,
3670 5387 3790 5465 \(al.

2085 5465 2192 5534 CL,
2242 5457 2321 5519 ita
2370 5457 2598 5535 habent,
2646 5457 2761 5519 non
2806 5457 3050 5530 inclusit,
3087 5465 3150 5515 ut
3193 5460 3253 5516 in
3283 5463 3393 5515 vet.
3429 5457 3531 5513 Ed.
3565 5468 3619 5514 et
3660 5457 3789 5514 aliis

2087 5538 2378 5592 deinceps.

2158 5553 2469 5679 difﬁssa.
2515 5606 2696 5662 Paris.
2743 5607 2901 5677 1495,
2942 5605 3117 5662 Basil.
3161 5604 3320 5674 15H,
3351 5606 3408 5659 et
3437 5603 3631 5672 Guss.,
3664 5603 3788 5674 qui-

2086 5679 2206 5736 dem
2234 5681 2470 5750 sapiens,
2505 5695 2608 5751 pro
2640 5679 2858 5751 quidem
2888 5696 3004 5751 sap.

2155 5752 2240 5827 (ἡ)
2270 5747 2408 5811 Mss.
2441 5747 2614 5810 Corb.
2639 5747 2832 5811 Germ.
2864 5755 2921 5808 et
2949 5747 3115 5822 Reg,
3143 5747 3375 5822 praebet.
