  <div class='ocr_page' id='page_1' title='image "/cluster/home/n/w/nwhite01/storage/ocr_20150623/75/hvd.32044054758800/341.png"; bbox 0 0 4134 6174; ppageno 0'>
   <div class='ocr_carea' id='block_1_1' title="bbox 352 248 465 307">
    <p class='ocr_par' dir='ltr' id='par_1_1' title="bbox 352 248 465 307">
     <span class='ocr_line' id='line_1_1' title="bbox 352 248 465 307; baseline 0.018 -2"><span class='ocrx_word' id='word_1_1' title='bbox 352 248 465 307; x_wconf 87' lang='grc'>671</span> 
     </span>
    </p>
   </div>
   <div class='ocr_carea' id='block_1_2' title="bbox 1617 234 2608 299">
    <p class='ocr_par' dir='ltr' id='par_1_2' title="bbox 1617 234 2608 299">
     <span class='ocr_line' id='line_1_2' title="bbox 1617 234 2608 299; baseline -0.002 0"><span class='ocrx_word' id='word_1_2' title='bbox 1617 236 1891 299; x_wconf 86' lang='lat' dir='ltr'>SANCTI</span> <span class='ocrx_word' id='word_1_3' title='bbox 1938 234 2309 299; x_wconf 81' lang='lat' dir='ltr'>GREGORII</span> <span class='ocrx_word' id='word_1_4' title='bbox 2355 237 2608 299; x_wconf 83' lang='lat' dir='ltr'><strong>MAGNI</strong></span> 
     </span>
    </p>
   </div>
   <div class='ocr_carea' id='block_1_3' title="bbox 3748 244 3881 304">
    <p class='ocr_par' dir='ltr' id='par_1_3' title="bbox 3748 244 3881 304">
     <span class='ocr_line' id='line_1_3' title="bbox 3748 244 3881 304; baseline -0.008 0"><span class='ocrx_word' id='word_1_5' title='bbox 3748 244 3881 304; x_wconf 77' lang='grc'>672</span> 
     </span>
    </p>
   </div>
   <div class='ocr_carea' id='block_1_4' title="bbox 355 375 3897 457">
    <p class='ocr_par' dir='ltr' id='par_1_4' title="bbox 355 375 3897 457">
     <span class='ocr_line' id='line_1_4' title="bbox 355 375 3897 457; baseline 0.001 -19"><span class='ocrx_word' id='word_1_6' title='bbox 355 382 739 438; x_wconf 81' lang='lat' dir='ltr'>admiratione</span> <span class='ocrx_word' id='word_1_7' title='bbox 763 378 1085 438; x_wconf 80' lang='lat' dir='ltr'>consideret</span> <span class='ocrx_word' id='word_1_8' title='bbox 1107 394 1239 434; x_wconf 91' lang='lat' dir='ltr'>cum</span> <span class='ocrx_word' id='word_1_9' title='bbox 1262 376 1479 450; x_wconf 82' lang='lat' dir='ltr'>quibus</span> <span class='ocrx_word' id='word_1_10' title='bbox 1503 375 1697 432; x_wconf 77' lang='lat' dir='ltr'>electis</span> <span class='ocrx_word' id='word_1_11' title='bbox 1718 376 1846 433; x_wconf 89' lang='lat' dir='ltr'>sine</span> <span class='ocrx_word' id='word_1_12' title='bbox 1866 376 2060 433; x_wconf 88' lang='lat' dir='ltr'>labore</span> <span class='ocrx_word' id='word_1_13' title='bbox 2089 378 2144 444; x_wconf 82' lang='grc' dir='ltr'><strong>Α</strong></span> <span class='ocrx_word' id='word_1_14' title='bbox 2177 375 2479 432; x_wconf 76' lang='lat' dir='ltr'>humiliter</span> <span class='ocrx_word' id='word_1_15' title='bbox 2523 375 2690 448; x_wconf 90' lang='lat' dir='ltr'>fugit,</span> <span class='ocrx_word' id='word_1_16' title='bbox 2717 376 3031 436; x_wconf 88' lang='lat' dir='ltr'>clementer</span> <span class='ocrx_word' id='word_1_17' title='bbox 3060 378 3359 446; x_wconf 83' lang='lat' dir='ltr'>edomuit;</span> <span class='ocrx_word' id='word_1_18' title='bbox 3405 381 3507 452; x_wconf 92' lang='lat' dir='ltr'>qui</span> <span class='ocrx_word' id='word_1_19' title='bbox 3552 382 3713 453; x_wconf 85' lang='lat' dir='ltr'>prole</span> <span class='ocrx_word' id='word_1_20' title='bbox 3755 384 3897 457; x_wconf 86' lang='lat' dir='ltr'>qui-</span> 
     </span>
    </p>
   </div>
   <div class='ocr_carea' id='block_1_5' title="bbox 354 466 2062 541">
    <p class='ocr_par' dir='ltr' id='par_1_5' title="bbox 354 466 2062 541">
     <span class='ocr_line' id='line_1_5' title="bbox 354 466 2062 541; baseline -0.003 -16"><span class='ocrx_word' id='word_1_21' title='bbox 354 472 413 526; x_wconf 89' lang='lat' dir='ltr'>in</span> <span class='ocrx_word' id='word_1_22' title='bbox 458 471 773 527; x_wconf 84' lang='lat' dir='ltr'>aeternitate</span> <span class='ocrx_word' id='word_1_23' title='bbox 805 470 1147 541; x_wconf 83' lang='lat' dir='ltr'>quiesceret,</span> <span class='ocrx_word' id='word_1_24' title='bbox 1182 468 1230 523; x_wconf 91' lang='lat' dir='ltr'>si</span> <span class='ocrx_word' id='word_1_25' title='bbox 1273 484 1372 538; x_wconf 92' lang='lat' dir='ltr'>per</span> <span class='ocrx_word' id='word_1_26' title='bbox 1410 466 1735 539; x_wconf 88' lang='lat' dir='ltr'>appetitum</span> <span class='ocrx_word' id='word_1_27' title='bbox 1778 466 2062 537; x_wconf 60' lang='lat' dir='ltr'>superbia</span> 
     </span>
    </p>
   </div>
   <div class='ocr_carea' id='block_1_6' title="bbox 354 557 2064 634">
    <p class='ocr_par' dir='ltr' id='par_1_6' title="bbox 354 557 2064 634">
     <span class='ocr_line' id='line_1_6' title="bbox 354 557 2064 634; baseline -0.004 -16"><span class='ocrx_word' id='word_1_28' title='bbox 354 578 525 618; x_wconf 90' lang='lat' dir='ltr'>nemo</span> <span class='ocrx_word' id='word_1_29' title='bbox 566 570 881 634; x_wconf 73' lang='lat' dir='ltr'>peccasset,</span> <span class='ocrx_word' id='word_1_30' title='bbox 914 564 970 615; x_wconf 91' lang='lat' dir='ltr'>et</span> <span class='ocrx_word' id='word_1_31' title='bbox 1000 560 1155 615; x_wconf 89' lang='lat' dir='ltr'>dicat</span> <span class='ocrx_word' id='word_1_32' title='bbox 1189 575 1201 614; x_wconf 88' lang='lat'><strong>:</strong></span> <span class='ocrx_word' id='word_1_33' title='bbox 1235 560 1389 614; x_wconf 87' lang='lat' dir='ltr'>Nunc</span> <span class='ocrx_word' id='word_1_34' title='bbox 1429 561 1578 613; x_wconf 90' lang='lat' dir='ltr'>enim</span> <span class='ocrx_word' id='word_1_35' title='bbox 1620 557 1893 614; x_wconf 87' lang='lat' dir='ltr'>dormiens</span> <span class='ocrx_word' id='word_1_36' title='bbox 1935 559 2064 612; x_wconf 86' lang='lat' dir='ltr'>sile-</span> 
     </span>
    </p>
   </div>
   <div class='ocr_carea' id='block_1_7' title="bbox 352 648 2065 720">
    <p class='ocr_par' dir='ltr' id='par_1_7' title="bbox 352 648 2065 720">
     <span class='ocr_line' id='line_1_7' title="bbox 352 648 2065 720; baseline -0.004 -14"><span class='ocrx_word' id='word_1_37' title='bbox 352 668 489 717; x_wconf 85' lang='lat' dir='ltr'>rem,</span> <span class='ocrx_word' id='word_1_38' title='bbox 520 655 572 706; x_wconf 91' lang='lat' dir='ltr'>et</span> <span class='ocrx_word' id='word_1_39' title='bbox 598 666 787 707; x_wconf 86' lang='lat' dir='ltr'>somno</span> <span class='ocrx_word' id='word_1_40' title='bbox 817 665 933 705; x_wconf 91' lang='lat' dir='ltr'>meo</span> <span class='ocrx_word' id='word_1_41' title='bbox 976 650 1365 720; x_wconf 83' lang='lat' dir='ltr'>requiescerem</span> <span class='ocrx_word' id='word_1_42' title='bbox 1399 664 1519 702; x_wconf 86' lang='lat' dir='ltr'>cum</span> <span class='ocrx_word' id='word_1_43' title='bbox 1554 648 1767 717; x_wconf 81' lang='lat' dir='ltr'>regibus</span> <span class='ocrx_word' id='word_1_44' title='bbox 1797 651 1846 702; x_wconf 89' lang='lat' dir='ltr'>et</span> <span class='ocrx_word' id='word_1_45' title='bbox 1876 662 2065 702; x_wconf 89' lang='lat' dir='ltr'>consu-</span> 
     </span>
    </p>
   </div>
   <div class='ocr_carea' id='block_1_8' title="bbox 353 736 2061 812">
    <p class='ocr_par' dir='ltr' id='par_1_8' title="bbox 353 736 2061 812">
     <span class='ocr_line' id='line_1_8' title="bbox 353 736 2061 812; baseline -0.002 -17"><span class='ocrx_word' id='word_1_46' title='bbox 353 740 493 796; x_wconf 87' lang='lat' dir='ltr'>libus</span> <span class='ocrx_word' id='word_1_47' title='bbox 516 744 677 795; x_wconf 77' lang='lat' dir='ltr'>terrae</span> <span class='ocrx_word' id='word_1_48' title='bbox 700 739 795 812; x_wconf 85' lang='lat' dir='ltr'>qui</span> <span class='ocrx_word' id='word_1_49' title='bbox 825 738 1097 807; x_wconf 67' lang='lat' dir='ltr'>aediﬁcant</span> <span class='ocrx_word' id='word_1_50' title='bbox 1126 737 1235 793; x_wconf 87' lang='lat' dir='ltr'>sibi</span> <span class='ocrx_word' id='word_1_51' title='bbox 1262 737 1607 804; x_wconf 77' lang='lat' dir='ltr'>solitudines,</span> <span class='ocrx_word' id='word_1_52' title='bbox 1630 743 1729 792; x_wconf 88' lang='lat' dir='ltr'>aut</span> <span class='ocrx_word' id='word_1_53' title='bbox 1748 752 1875 791; x_wconf 86' lang='lat' dir='ltr'>cum</span> <span class='ocrx_word' id='word_1_54' title='bbox 1903 736 2061 808; x_wconf 87' lang='lat' dir='ltr'>prin-</span> 
     </span>
    </p>
   </div>
   <div class='ocr_carea' id='block_1_9' title="bbox 351 825 2063 902">
    <p class='ocr_par' dir='ltr' id='par_1_9' title="bbox 351 825 2063 902">
     <span class='ocr_line' id='line_1_9' title="bbox 351 825 2063 902; baseline -0.001 -17"><span class='ocrx_word' id='word_1_55' title='bbox 351 832 563 902; x_wconf 88' lang='lat' dir='ltr'>cipibus</span> <span class='ocrx_word' id='word_1_56' title='bbox 613 834 710 901; x_wconf 83' lang='lat' dir='ltr'>qui</span> <span class='ocrx_word' id='word_1_57' title='bbox 754 828 1027 897; x_wconf 78' lang='lat' dir='ltr'>possident</span> <span class='ocrx_word' id='word_1_58' title='bbox 1069 844 1294 895; x_wconf 90' lang='lat' dir='ltr'>aurum,</span> <span class='ocrx_word' id='word_1_59' title='bbox 1345 835 1398 884; x_wconf 84' lang='lat' dir='ltr'>et</span> <span class='ocrx_word' id='word_1_60' title='bbox 1449 828 1663 897; x_wconf 83' lang='lat' dir='ltr'>replent</span> <span class='ocrx_word' id='word_1_61' title='bbox 1712 825 1894 882; x_wconf 87' lang='lat' dir='ltr'>domos</span> <span class='ocrx_word' id='word_1_62' title='bbox 1937 843 2063 883; x_wconf 88' lang='lat' dir='ltr'>suas</span> 
     </span>
    </p>
   </div>
   <div class='ocr_carea' id='block_1_10' title="bbox 352 915 2065 989">
    <p class='ocr_par' dir='ltr' id='par_1_10' title="bbox 352 915 2065 989">
     <span class='ocr_line' id='line_1_10' title="bbox 352 915 2065 989; baseline -0.001 -16"><span class='ocrx_word' id='word_1_63' title='bbox 352 926 599 989; x_wconf 85' lang='lat' dir='ltr'>argento.</span> <span class='ocrx_word' id='word_1_64' title='bbox 637 917 781 983; x_wconf 91' lang='lat' dir='ltr'>Quia</span> <span class='ocrx_word' id='word_1_65' title='bbox 812 917 968 973; x_wconf 85' lang='lat' dir='ltr'>enim</span> <span class='ocrx_word' id='word_1_66' title='bbox 1001 917 1045 972; x_wconf 85' lang='lat' dir='ltr'>si</span> <span class='ocrx_word' id='word_1_67' title='bbox 1092 921 1390 989; x_wconf 89' lang='lat' dir='ltr'>parentem</span> <span class='ocrx_word' id='word_1_68' title='bbox 1433 916 1687 988; x_wconf 91' lang='lat' dir='ltr'>primum</span> <span class='ocrx_word' id='word_1_69' title='bbox 1729 915 1890 971; x_wconf 93' lang='lat' dir='ltr'>nulla</span> <span class='ocrx_word' id='word_1_70' title='bbox 1925 932 2065 987; x_wconf 91' lang='lat' dir='ltr'>pec-</span> 
     </span>
    </p>
   </div>
   <div class='ocr_carea' id='block_1_11' title="bbox 353 1008 2061 1081">
    <p class='ocr_par' dir='ltr' id='par_1_11' title="bbox 353 1008 2061 1081">
     <span class='ocr_line' id='line_1_11' title="bbox 353 1008 2061 1081; baseline 0 -17"><span class='ocrx_word' id='word_1_71' title='bbox 353 1010 464 1064; x_wconf 88' lang='lat' dir='ltr'>cati</span> <span class='ocrx_word' id='word_1_72' title='bbox 518 1010 763 1079; x_wconf 84' lang='lat' dir='ltr'>putredo</span> <span class='ocrx_word' id='word_1_73' title='bbox 814 1013 1232 1081; x_wconf 82' lang='lat' dir='ltr'>corrumperet,</span> <span class='ocrx_word' id='word_1_74' title='bbox 1285 1024 1655 1080; x_wconf 89' lang='lat' dir='ltr'>nequaquam</span> <span class='ocrx_word' id='word_1_75' title='bbox 1700 1024 1767 1064; x_wconf 88' lang='lat' dir='ltr'>ex</span> <span class='ocrx_word' id='word_1_76' title='bbox 1810 1024 1868 1064; x_wconf 88' lang='lat' dir='ltr'>se</span> <span class='ocrx_word' id='word_1_77' title='bbox 1913 1008 2061 1064; x_wconf 77' lang='lat' dir='ltr'>filios</span> 
     </span>
    </p>
   </div>
   <div class='ocr_carea' id='block_1_12' title="bbox 352 1097 2063 1169">
    <p class='ocr_par' dir='ltr' id='par_1_12' title="bbox 352 1097 2063 1169">
     <span class='ocr_line' id='line_1_12' title="bbox 352 1097 2063 1169; baseline 0.001 -18"><span class='ocrx_word' id='word_1_78' title='bbox 352 1097 624 1168; x_wconf 64' lang='lat' dir='ltr'>gehennm</span> <span class='ocrx_word' id='word_1_79' title='bbox 675 1102 1007 1168; x_wconf 82' lang='lat' dir='ltr'>generaret;</span> <span class='ocrx_word' id='word_1_80' title='bbox 1058 1098 1158 1154; x_wconf 89' lang='lat' dir='ltr'>sed</span> <span class='ocrx_word' id='word_1_81' title='bbox 1210 1097 1267 1153; x_wconf 88' lang='lat' dir='ltr'>bi</span> <span class='ocrx_word' id='word_1_82' title='bbox 1322 1098 1419 1169; x_wconf 91' lang='lat' dir='ltr'>qui</span> <span class='ocrx_word' id='word_1_83' title='bbox 1472 1112 1627 1153; x_wconf 91' lang='lat' dir='ltr'>nunc</span> <span class='ocrx_word' id='word_1_84' title='bbox 1674 1113 1776 1169; x_wconf 89' lang='lat' dir='ltr'>per</span> <span class='ocrx_word' id='word_1_85' title='bbox 1828 1097 2063 1152; x_wconf 91' lang='lat' dir='ltr'>redem-</span> 
     </span>
    </p>
   </div>
   <div class='ocr_carea' id='block_1_13' title="bbox 352 1186 2058 1260">
    <p class='ocr_par' dir='ltr' id='par_1_13' title="bbox 352 1186 2058 1260">
     <span class='ocr_line' id='line_1_13' title="bbox 352 1186 2058 1260; baseline 0.001 -19"><span class='ocrx_word' id='word_1_86' title='bbox 352 1187 609 1260; x_wconf 90' lang='lat' dir='ltr'>ptionem</span> <span class='ocrx_word' id='word_1_87' title='bbox 640 1187 903 1244; x_wconf 90' lang='lat' dir='ltr'>salvandi</span> <span class='ocrx_word' id='word_1_88' title='bbox 938 1194 1099 1253; x_wconf 87' lang='lat' dir='ltr'>sunt,</span> <span class='ocrx_word' id='word_1_89' title='bbox 1123 1186 1226 1243; x_wconf 90' lang='lat' dir='ltr'>soli</span> <span class='ocrx_word' id='word_1_90' title='bbox 1252 1186 1321 1242; x_wconf 93' lang='lat' dir='ltr'>ab</span> <span class='ocrx_word' id='word_1_91' title='bbox 1345 1186 1445 1242; x_wconf 92' lang='lat' dir='ltr'>illo</span> <span class='ocrx_word' id='word_1_92' title='bbox 1467 1186 1631 1242; x_wconf 85' lang='lat' dir='ltr'>electi</span> <span class='ocrx_word' id='word_1_93' title='bbox 1664 1190 2058 1254; x_wconf 86' lang='lat' dir='ltr'>nascerentur,</span> 
     </span>
    </p>
   </div>
   <div class='ocr_carea' id='block_1_14' title="bbox 352 1275 2060 1349">
    <p class='ocr_par' dir='ltr' id='par_1_14' title="bbox 352 1275 2060 1349">
     <span class='ocr_line' id='line_1_14' title="bbox 352 1275 2060 1349; baseline 0 -18"><span class='ocrx_word' id='word_1_94' title='bbox 352 1278 586 1333; x_wconf 91' lang='lat' dir='ltr'>eosdem</span> <span class='ocrx_word' id='word_1_95' title='bbox 636 1277 849 1333; x_wconf 90' lang='lat' dir='ltr'>electos</span> <span class='ocrx_word' id='word_1_96' title='bbox 907 1276 1170 1348; x_wconf 89' lang='lat' dir='ltr'>aspiciat.</span> <span class='ocrx_word' id='word_1_97' title='bbox 1232 1280 1407 1348; x_wconf 86' lang='lat' dir='ltr'>atque</span> <span class='ocrx_word' id='word_1_98' title='bbox 1452 1292 1586 1332; x_wconf 91' lang='lat' dir='ltr'>cum</span> <span class='ocrx_word' id='word_1_99' title='bbox 1642 1275 1723 1331; x_wconf 89' lang='lat' dir='ltr'>eis</span> <span class='ocrx_word' id='word_1_100' title='bbox 1772 1276 2060 1349; x_wconf 89' lang='lat' dir='ltr'>quomodo</span> 
     </span>
    </p>
   </div>
   <div class='ocr_carea' id='block_1_15' title="bbox 352 1365 2062 1438">
    <p class='ocr_par' dir='ltr' id='par_1_15' title="bbox 352 1365 2062 1438">
     <span class='ocr_line' id='line_1_15' title="bbox 352 1365 2062 1438; baseline -0.001 -16"><span class='ocrx_word' id='word_1_101' title='bbox 352 1367 649 1438; x_wconf 89' lang='lat' dir='ltr'>quiescere</span> <span class='ocrx_word' id='word_1_102' title='bbox 680 1368 969 1438; x_wconf 86' lang='lat' dir='ltr'>potuisset</span> <span class='ocrx_word' id='word_1_103' title='bbox 1008 1366 1286 1423; x_wconf 90' lang='lat' dir='ltr'>intendat.</span> <span class='ocrx_word' id='word_1_104' title='bbox 1322 1365 1527 1422; x_wconf 86' lang='lat' dir='ltr'>Videat</span> <span class='ocrx_word' id='word_1_105' title='bbox 1565 1373 1795 1422; x_wconf 89' lang='lat' dir='ltr'>sanctos</span> <span class='ocrx_word' id='word_1_106' title='bbox 1827 1370 2062 1436; x_wconf 89' lang='lat' dir='ltr'>aposto-</span> 
     </span>
    </p>
   </div>
   <div class='ocr_carea' id='block_1_16' title="bbox 349 1456 2061 1529">
    <p class='ocr_par' dir='ltr' id='par_1_16' title="bbox 349 1456 2061 1529">
     <span class='ocr_line' id='line_1_16' title="bbox 349 1456 2061 1529; baseline 0 -17"><span class='ocrx_word' id='word_1_107' title='bbox 349 1457 439 1512; x_wconf 93' lang='lat' dir='ltr'>los</span> <span class='ocrx_word' id='word_1_108' title='bbox 484 1458 566 1513; x_wconf 90' lang='lat' dir='ltr'>sic</span> <span class='ocrx_word' id='word_1_109' title='bbox 611 1462 941 1529; x_wconf 87' lang='lat' dir='ltr'>susceptam</span> <span class='ocrx_word' id='word_1_110' title='bbox 988 1456 1301 1514; x_wconf 91' lang='lat' dir='ltr'>Ecclesiam</span> <span class='ocrx_word' id='word_1_111' title='bbox 1348 1472 1565 1529; x_wconf 88' lang='lat' dir='ltr'>regere,</span> <span class='ocrx_word' id='word_1_112' title='bbox 1598 1460 1663 1512; x_wconf 93' lang='lat' dir='ltr'>ut</span> <span class='ocrx_word' id='word_1_113' title='bbox 1692 1456 1741 1511; x_wconf 90' lang='lat' dir='ltr'>ei</span> <span class='ocrx_word' id='word_1_114' title='bbox 1775 1456 2061 1528; x_wconf 60' lang='lat' dir='ltr'>praedica-</span> 
     </span>
    </p>
   </div>
   <div class='ocr_carea' id='block_1_17' title="bbox 351 1546 2064 1619">
    <p class='ocr_par' dir='ltr' id='par_1_17' title="bbox 351 1546 2064 1619">
     <span class='ocr_line' id='line_1_17' title="bbox 351 1546 2064 1619; baseline 0.001 -18"><span class='ocrx_word' id='word_1_115' title='bbox 351 1548 526 1603; x_wconf 90' lang='lat' dir='ltr'>tionis</span> <span class='ocrx_word' id='word_1_116' title='bbox 547 1546 717 1603; x_wconf 89' lang='lat' dir='ltr'>verbo</span> <span class='ocrx_word' id='word_1_117' title='bbox 752 1564 865 1603; x_wconf 90' lang='lat' dir='ltr'>non</span> <span class='ocrx_word' id='word_1_118' title='bbox 898 1547 1168 1603; x_wconf 89' lang='lat' dir='ltr'>desinant</span> <span class='ocrx_word' id='word_1_119' title='bbox 1188 1546 1519 1602; x_wconf 86' lang='lat' dir='ltr'>consultum</span> <span class='ocrx_word' id='word_1_120' title='bbox 1554 1546 1827 1619; x_wconf 64' lang='lat' dir='ltr'>praebere,</span> <span class='ocrx_word' id='word_1_121' title='bbox 1849 1562 2064 1617; x_wconf 90' lang='lat' dir='ltr'>eosque</span> 
     </span>
    </p>
   </div>
   <div class='ocr_carea' id='block_1_18' title="bbox 352 1637 2061 1711">
    <p class='ocr_par' dir='ltr' id='par_1_18' title="bbox 352 1637 2061 1711">
     <span class='ocr_line' id='line_1_18' title="bbox 352 1637 2061 1711; baseline -0.001 -17"><span class='ocrx_word' id='word_1_122' title='bbox 352 1654 517 1711; x_wconf 89' lang='lat' dir='ltr'>reges</span> <span class='ocrx_word' id='word_1_123' title='bbox 548 1642 604 1693; x_wconf 89' lang='lat' dir='ltr'>et</span> <span class='ocrx_word' id='word_1_124' title='bbox 633 1640 899 1694; x_wconf 85' lang='lat' dir='ltr'>consules</span> <span class='ocrx_word' id='word_1_125' title='bbox 932 1637 1201 1710; x_wconf 84' lang='lat' dir='ltr'>appellet.</span> <span class='ocrx_word' id='word_1_126' title='bbox 1228 1638 1428 1693; x_wconf 89' lang='lat' dir='ltr'>Videat</span> <span class='ocrx_word' id='word_1_127' title='bbox 1467 1642 1597 1710; x_wconf 88' lang='lat' dir='ltr'>post</span> <span class='ocrx_word' id='word_1_128' title='bbox 1632 1638 1736 1693; x_wconf 92' lang='lat' dir='ltr'>bos</span> <span class='ocrx_word' id='word_1_129' title='bbox 1767 1638 1825 1693; x_wconf 92' lang='lat' dir='ltr'>in</span> <span class='ocrx_word' id='word_1_130' title='bbox 1858 1654 2061 1694; x_wconf 89' lang='lat' dir='ltr'>eorum</span> 
     </span>
    </p>
   </div>
   <div class='ocr_carea' id='block_1_19' title="bbox 352 1726 2138 1818">
    <p class='ocr_par' dir='ltr' id='par_1_19' title="bbox 352 1726 2138 1818">
     <span class='ocr_line' id='line_1_19' title="bbox 352 1726 2138 1818; baseline 0.001 -38"><span class='ocrx_word' id='word_1_131' title='bbox 352 1726 477 1781; x_wconf 93' lang='lat' dir='ltr'>loco</span> <span class='ocrx_word' id='word_1_132' title='bbox 505 1730 756 1782; x_wconf 90' lang='lat' dir='ltr'>rectores</span> <span class='ocrx_word' id='word_1_133' title='bbox 778 1742 1107 1797; x_wconf 83' lang='lat' dir='ltr'>exsurgere,</span> <span class='ocrx_word' id='word_1_134' title='bbox 1132 1726 1286 1781; x_wconf 74' lang='lat'>182</span> <span class='ocrx_word' id='word_1_135' title='bbox 1311 1726 1409 1797; x_wconf 89' lang='lat' dir='ltr'>qui</span> <span class='ocrx_word' id='word_1_136' title='bbox 1433 1730 1489 1782; x_wconf 90' lang='lat' dir='ltr'>et</span> <span class='ocrx_word' id='word_1_137' title='bbox 1509 1726 1799 1796; x_wconf 87' lang='lat' dir='ltr'>sapienter</span> <span class='ocrx_word' id='word_1_138' title='bbox 1818 1726 2061 1782; x_wconf 90' lang='lat' dir='ltr'>vivendo</span> <span class='ocrx_word' id='word_1_139' title='bbox 2092 1752 2138 1818; x_wconf 78' lang='grc' dir='ltr'><strong>Β</strong></span> 
     </span>
    </p>
   </div>
   <div class='ocr_carea' id='block_1_20' title="bbox 2175 466 3901 541">
    <p class='ocr_par' dir='ltr' id='par_1_20' title="bbox 2175 466 3901 541">
     <span class='ocr_line' id='line_1_20' title="bbox 2175 466 3901 541; baseline 0.004 -19"><span class='ocrx_word' id='word_1_140' title='bbox 2175 467 2309 522; x_wconf 91' lang='lat' dir='ltr'>dem</span> <span class='ocrx_word' id='word_1_141' title='bbox 2353 466 2640 523; x_wconf 85' lang='lat' dir='ltr'>fecundus</span> <span class='ocrx_word' id='word_1_142' title='bbox 2681 468 2917 538; x_wconf 81' lang='lat' dir='ltr'>exstitit,</span> <span class='ocrx_word' id='word_1_143' title='bbox 2951 471 3048 525; x_wconf 89' lang='lat' dir='ltr'>sed</span> <span class='ocrx_word' id='word_1_144' title='bbox 3098 474 3287 526; x_wconf 89' lang='lat' dir='ltr'>tamen</span> <span class='ocrx_word' id='word_1_145' title='bbox 3338 470 3581 541; x_wconf 88' lang='lat' dir='ltr'>spiritus</span> <span class='ocrx_word' id='word_1_146' title='bbox 3624 473 3901 530; x_wconf 82' lang='lat' dir='ltr'>ubertate</span> 
     </span>
    </p>
   </div>
   <div class='ocr_carea' id='block_1_21' title="bbox 2175 556 3901 631">
    <p class='ocr_par' dir='ltr' id='par_1_21' title="bbox 2175 556 3901 631">
     <span class='ocr_line' id='line_1_21' title="bbox 2175 556 3901 631; baseline 0.005 -20"><span class='ocrx_word' id='word_1_147' title='bbox 2175 556 2494 624; x_wconf 81' lang='lat' dir='ltr'>fecundior,</span> <span class='ocrx_word' id='word_1_148' title='bbox 2518 558 2779 613; x_wconf 85' lang='lat' dir='ltr'>eamdem</span> <span class='ocrx_word' id='word_1_149' title='bbox 2811 558 3033 630; x_wconf 90' lang='lat' dir='ltr'>prolem</span> <span class='ocrx_word' id='word_1_150' title='bbox 3064 560 3175 616; x_wconf 89' lang='lat' dir='ltr'>sub</span> <span class='ocrx_word' id='word_1_151' title='bbox 3209 560 3521 631; x_wconf 72' lang='lat' dir='ltr'>prophetiae</span> <span class='ocrx_word' id='word_1_152' title='bbox 3552 579 3671 618; x_wconf 69' lang='lat' dir='ltr'>suae</span> <span class='ocrx_word' id='word_1_153' title='bbox 3693 565 3901 620; x_wconf 86' lang='lat' dir='ltr'>vincu-</span> 
     </span>
    </p>
   </div>
   <div class='ocr_carea' id='block_1_22' title="bbox 2174 645 3896 719">
    <p class='ocr_par' dir='ltr' id='par_1_22' title="bbox 2174 645 3896 719">
     <span class='ocr_line' id='line_1_22' title="bbox 2174 645 3896 719; baseline 0.005 -19"><span class='ocrx_word' id='word_1_154' title='bbox 2174 645 2248 701; x_wconf 93' lang='lat' dir='ltr'>lis</span> <span class='ocrx_word' id='word_1_155' title='bbox 2292 646 2563 701; x_wconf 84' lang='lat' dir='ltr'>astrinxit</span> <span class='ocrx_word' id='word_1_156' title='bbox 2593 646 2804 717; x_wconf 88' lang='lat' dir='ltr'>(Cenes.</span> <span class='ocrx_word' id='word_1_157' title='bbox 2848 664 3045 719; x_wconf 87' lang='grc' dir='ltr'>χχχιιι,</span> <span class='ocrx_word' id='word_1_158' title='bbox 3090 650 3164 719; x_wconf 83' lang='grc'>4).</span> <span class='ocrx_word' id='word_1_159' title='bbox 3210 654 3365 707; x_wconf 88' lang='lat' dir='ltr'>Bene</span> <span class='ocrx_word' id='word_1_160' title='bbox 3414 656 3610 707; x_wconf 90' lang='lat' dir='ltr'>autem</span> <span class='ocrx_word' id='word_1_161' title='bbox 3660 653 3896 710; x_wconf 88' lang='lat' dir='ltr'>aborti-</span> 
     </span>
    </p>
   </div>
   <div class='ocr_carea' id='block_1_23' title="bbox 2175 735 3901 814">
    <p class='ocr_par' dir='ltr' id='par_1_23' title="bbox 2175 735 3901 814">
     <span class='ocr_line' id='line_1_23' title="bbox 2175 735 3901 814; baseline 0.006 -24"><span class='ocrx_word' id='word_1_162' title='bbox 2175 752 2312 791; x_wconf 86' lang='lat' dir='ltr'>vum</span> <span class='ocrx_word' id='word_1_163' title='bbox 2343 735 2451 790; x_wconf 93' lang='lat' dir='ltr'>hoc</span> <span class='ocrx_word' id='word_1_164' title='bbox 2482 735 2888 793; x_wconf 89' lang='lat' dir='ltr'>absconditum</span> <span class='ocrx_word' id='word_1_165' title='bbox 2912 738 3149 807; x_wconf 89' lang='lat' dir='ltr'>dicitur,</span> <span class='ocrx_word' id='word_1_166' title='bbox 3172 741 3311 810; x_wconf 88' lang='lat' dir='ltr'>quia</span> <span class='ocrx_word' id='word_1_167' title='bbox 3339 757 3373 796; x_wconf 91' lang='lat' dir='ltr'>a</span> <span class='ocrx_word' id='word_1_168' title='bbox 3402 741 3605 797; x_wconf 88' lang='lat' dir='ltr'>mundi</span> <span class='ocrx_word' id='word_1_169' title='bbox 3639 743 3901 814; x_wconf 90' lang='lat' dir='ltr'>primor-</span> 
     </span>
    </p>
   </div>
   <div class='ocr_carea' id='block_1_24' title="bbox 2174 824 3893 906">
    <p class='ocr_par' dir='ltr' id='par_1_24' title="bbox 2174 824 3893 906">
     <span class='ocr_line' id='line_1_24' title="bbox 2174 824 3893 906; baseline 0.006 -27"><span class='ocrx_word' id='word_1_170' title='bbox 2174 824 2305 893; x_wconf 88' lang='lat' dir='ltr'>diis,</span> <span class='ocrx_word' id='word_1_171' title='bbox 2340 825 2479 881; x_wconf 91' lang='lat' dir='ltr'>dum</span> <span class='ocrx_word' id='word_1_172' title='bbox 2512 827 2802 897; x_wconf 89' lang='lat' dir='ltr'>quosdam</span> <span class='ocrx_word' id='word_1_173' title='bbox 2852 843 3065 900; x_wconf 87' lang='lat' dir='ltr'>paucos</span> <span class='ocrx_word' id='word_1_174' title='bbox 3116 828 3311 902; x_wconf 84' lang='lat' dir='ltr'>Moyse</span> <span class='ocrx_word' id='word_1_175' title='bbox 3354 830 3645 888; x_wconf 90' lang='lat' dir='ltr'>scribente</span> <span class='ocrx_word' id='word_1_176' title='bbox 3674 849 3893 906; x_wconf 84' lang='lat' dir='ltr'>cogno-</span> 
     </span>
    </p>
   </div>
   <div class='ocr_carea' id='block_1_25' title="bbox 2172 914 3891 991">
    <p class='ocr_par' dir='ltr' id='par_1_25' title="bbox 2172 914 3891 991">
     <span class='ocr_line' id='line_1_25' title="bbox 2172 914 3891 991; baseline 0.005 -21"><span class='ocrx_word' id='word_1_177' title='bbox 2172 914 2555 985; x_wconf 87' lang='lat' dir='ltr'>scimus,pars</span> <span class='ocrx_word' id='word_1_178' title='bbox 2574 916 2743 973; x_wconf 90' lang='lat' dir='ltr'>nobis</span> <span class='ocrx_word' id='word_1_179' title='bbox 2765 919 3020 974; x_wconf 88' lang='lat' dir='ltr'>maxima</span> <span class='ocrx_word' id='word_1_180' title='bbox 3041 917 3523 991; x_wconf 89' lang='lat' dir='ltr'>bumanigeneris</span> <span class='ocrx_word' id='word_1_181' title='bbox 3535 922 3891 980; x_wconf 86' lang='lat' dir='ltr'>occultatur.</span> 
     </span>
    </p>
   </div>
   <div class='ocr_carea' id='block_1_26' title="bbox 2171 1002 3889 1084">
    <p class='ocr_par' dir='ltr' id='par_1_26' title="bbox 2171 1002 3889 1084">
     <span class='ocr_line' id='line_1_26' title="bbox 2171 1002 3889 1084; baseline 0.006 -27"><span class='ocrx_word' id='word_1_182' title='bbox 2171 1002 2361 1075; x_wconf 87' lang='lat' dir='ltr'>Neque</span> <span class='ocrx_word' id='word_1_183' title='bbox 2383 1004 2539 1059; x_wconf 90' lang='lat' dir='ltr'>enim</span> <span class='ocrx_word' id='word_1_184' title='bbox 2565 1008 2643 1059; x_wconf 92' lang='lat' dir='ltr'>tot</span> <span class='ocrx_word' id='word_1_185' title='bbox 2664 1006 2861 1075; x_wconf 88' lang='lat' dir='ltr'>justos</span> <span class='ocrx_word' id='word_1_186' title='bbox 2886 1006 3252 1064; x_wconf 90' lang='lat' dir='ltr'>solummodo</span> <span class='ocrx_word' id='word_1_187' title='bbox 3277 1024 3464 1080; x_wconf 89' lang='lat' dir='ltr'>usque</span> <span class='ocrx_word' id='word_1_188' title='bbox 3486 1010 3557 1065; x_wconf 91' lang='lat' dir='ltr'>ad</span> <span class='ocrx_word' id='word_1_189' title='bbox 3586 1020 3889 1084; x_wconf 83' lang='lat' dir='ltr'>acceptam</span> 
     </span>
    </p>
   </div>
   <div class='ocr_carea' id='block_1_27' title="bbox 2170 1090 3896 1172">
    <p class='ocr_par' dir='ltr' id='par_1_27' title="bbox 2170 1090 3896 1172">
     <span class='ocr_line' id='line_1_27' title="bbox 2170 1090 3896 1172; baseline 0.008 -26"><span class='ocrx_word' id='word_1_190' title='bbox 2170 1090 2356 1164; x_wconf 84' lang='lat' dir='ltr'>legem</span> <span class='ocrx_word' id='word_1_191' title='bbox 2386 1093 2682 1149; x_wconf 85' lang='lat' dir='ltr'>exstitisse</span> <span class='ocrx_word' id='word_1_192' title='bbox 2712 1095 3067 1152; x_wconf 90' lang='lat' dir='ltr'>credendum</span> <span class='ocrx_word' id='word_1_193' title='bbox 3103 1104 3210 1165; x_wconf 88' lang='lat' dir='ltr'>est,</span> <span class='ocrx_word' id='word_1_194' title='bbox 3235 1102 3374 1169; x_wconf 91' lang='lat' dir='ltr'>quot</span> <span class='ocrx_word' id='word_1_195' title='bbox 3406 1103 3630 1172; x_wconf 78' lang='lat' dir='ltr'>Moyses</span> <span class='ocrx_word' id='word_1_196' title='bbox 3665 1100 3896 1159; x_wconf 88' lang='lat' dir='ltr'>brevis-</span> 
     </span>
    </p>
   </div>
   <div class='ocr_carea' id='block_1_28' title="bbox 2173 1181 3895 1259">
    <p class='ocr_par' dir='ltr' id='par_1_28' title="bbox 2173 1181 3895 1259">
     <span class='ocr_line' id='line_1_28' title="bbox 2173 1181 3895 1259; baseline 0.006 -23"><span class='ocrx_word' id='word_1_197' title='bbox 2173 1181 2322 1237; x_wconf 91' lang='lat' dir='ltr'>sima</span> <span class='ocrx_word' id='word_1_198' title='bbox 2366 1181 2747 1253; x_wconf 89' lang='lat' dir='ltr'>descriptione</span> <span class='ocrx_word' id='word_1_199' title='bbox 2804 1184 3160 1254; x_wconf 86' lang='lat' dir='ltr'>perstrinxit.</span> <span class='ocrx_word' id='word_1_200' title='bbox 3214 1186 3361 1250; x_wconf 87' lang='lat' dir='ltr'>Quia</span> <span class='ocrx_word' id='word_1_201' title='bbox 3410 1203 3546 1259; x_wconf 90' lang='lat' dir='ltr'>ergo</span> <span class='ocrx_word' id='word_1_202' title='bbox 3591 1206 3625 1244; x_wconf 90' lang='lat' dir='ltr'>a</span> <span class='ocrx_word' id='word_1_203' title='bbox 3673 1190 3895 1247; x_wconf 88' lang='lat' dir='ltr'>mundi</span> 
     </span>
    </p>
   </div>
   <div class='ocr_carea' id='block_1_29' title="bbox 2172 1272 3896 1351">
    <p class='ocr_par' dir='ltr' id='par_1_29' title="bbox 2172 1272 3896 1351">
     <span class='ocr_line' id='line_1_29' title="bbox 2172 1272 3896 1351; baseline 0.006 -26"><span class='ocrx_word' id='word_1_204' title='bbox 2172 1272 2492 1343; x_wconf 91' lang='lat' dir='ltr'>primordio</span> <span class='ocrx_word' id='word_1_205' title='bbox 2522 1273 2679 1328; x_wconf 90' lang='lat' dir='ltr'>edita</span> <span class='ocrx_word' id='word_1_206' title='bbox 2708 1273 3013 1331; x_wconf 84' lang='lat' dir='ltr'>multitudo</span> <span class='ocrx_word' id='word_1_207' title='bbox 3044 1276 3354 1347; x_wconf 93' lang='lat' dir='ltr'>bonorum,</span> <span class='ocrx_word' id='word_1_208' title='bbox 3377 1294 3447 1333; x_wconf 82' lang='lat' dir='ltr'>ex</span> <span class='ocrx_word' id='word_1_209' title='bbox 3478 1294 3685 1350; x_wconf 88' lang='lat' dir='ltr'>magna</span> <span class='ocrx_word' id='word_1_210' title='bbox 3718 1285 3896 1351; x_wconf 86' lang='lat' dir='ltr'>parte</span> 
     </span>
    </p>
   </div>
   <div class='ocr_carea' id='block_1_30' title="bbox 2172 1364 3899 1434">
    <p class='ocr_par' dir='ltr' id='par_1_30' title="bbox 2172 1364 3899 1434">
     <span class='ocr_line' id='line_1_30' title="bbox 2172 1364 3899 1434; baseline 0.005 -15"><span class='ocrx_word' id='word_1_211' title='bbox 2172 1364 2396 1420; x_wconf 60' lang='lat' dir='ltr'>notitia</span> <span class='ocrx_word' id='word_1_212' title='bbox 2427 1369 2639 1421; x_wconf 74' lang='lat' dir='ltr'>nostras</span> <span class='ocrx_word' id='word_1_213' title='bbox 2670 1366 3057 1434; x_wconf 86' lang='lat' dir='ltr'>subtrahitur,</span> <span class='ocrx_word' id='word_1_214' title='bbox 3084 1368 3411 1424; x_wconf 85' lang='lat' dir='ltr'>abortivum</span> <span class='ocrx_word' id='word_1_215' title='bbox 3445 1368 3549 1425; x_wconf 91' lang='lat' dir='ltr'>hoc</span> <span class='ocrx_word' id='word_1_216' title='bbox 3576 1369 3899 1427; x_wconf 84' lang='lat' dir='ltr'>abscondi-</span> 
     </span>
    </p>
   </div>
   <div class='ocr_carea' id='block_1_31' title="bbox 2171 1456 3897 1532">
    <p class='ocr_par' dir='ltr' id='par_1_31' title="bbox 2171 1456 3897 1532">
     <span class='ocr_line' id='line_1_31' title="bbox 2171 1456 3897 1532; baseline 0.005 -23"><span class='ocrx_word' id='word_1_217' title='bbox 2171 1456 2296 1509; x_wconf 86' lang='lat' dir='ltr'>tum</span> <span class='ocrx_word' id='word_1_218' title='bbox 2330 1459 2589 1511; x_wconf 87' lang='lat' dir='ltr'>vocatur.</span> <span class='ocrx_word' id='word_1_219' title='bbox 2621 1456 2781 1519; x_wconf 85' lang='lat' dir='ltr'>Quod</span> <span class='ocrx_word' id='word_1_220' title='bbox 2827 1460 2884 1511; x_wconf 89' lang='lat' dir='ltr'>et</span> <span class='ocrx_word' id='word_1_221' title='bbox 2924 1473 3039 1513; x_wconf 91' lang='lat' dir='ltr'>non</span> <span class='ocrx_word' id='word_1_222' title='bbox 3083 1456 3414 1513; x_wconf 82' lang='lat' dir='ltr'>substitisse</span> <span class='ocrx_word' id='word_1_223' title='bbox 3450 1459 3685 1525; x_wconf 90' lang='lat' dir='ltr'>dicitur,</span> <span class='ocrx_word' id='word_1_224' title='bbox 3728 1461 3897 1532; x_wconf 85' lang='lat' dir='ltr'>quia,</span> 
     </span>
    </p>
   </div>
   <div class='ocr_carea' id='block_1_32' title="bbox 2171 1542 3893 1619">
    <p class='ocr_par' dir='ltr' id='par_1_32' title="bbox 2171 1542 3893 1619">
     <span class='ocr_line' id='line_1_32' title="bbox 2171 1542 3893 1619; baseline 0.005 -22"><span class='ocrx_word' id='word_1_225' title='bbox 2171 1542 2531 1598; x_wconf 88' lang='lat' dir='ltr'>enumeratis</span> <span class='ocrx_word' id='word_1_226' title='bbox 2563 1543 2783 1614; x_wconf 87' lang='lat' dir='ltr'>paucis,</span> <span class='ocrx_word' id='word_1_227' title='bbox 2817 1559 3018 1599; x_wconf 90' lang='lat' dir='ltr'>eorum</span> <span class='ocrx_word' id='word_1_228' title='bbox 3053 1545 3377 1617; x_wconf 88' lang='lat' dir='ltr'>frequentia</span> <span class='ocrx_word' id='word_1_229' title='bbox 3408 1547 3566 1603; x_wconf 90' lang='lat' dir='ltr'>nullo</span> <span class='ocrx_word' id='word_1_230' title='bbox 3597 1548 3746 1619; x_wconf 90' lang='lat' dir='ltr'>apud</span> <span class='ocrx_word' id='word_1_231' title='bbox 3778 1564 3893 1605; x_wconf 88' lang='lat' dir='ltr'>nos</span> 
     </span>
    </p>
   </div>
   <div class='ocr_carea' id='block_1_33' title="bbox 2172 1632 3046 1705">
    <p class='ocr_par' dir='ltr' id='par_1_33' title="bbox 2172 1632 3046 1705">
     <span class='ocr_line' id='line_1_33' title="bbox 2172 1632 3046 1705; baseline 0.002 -16"><span class='ocrx_word' id='word_1_232' title='bbox 2172 1632 2463 1689; x_wconf 70' lang='lat' dir='ltr'>memoriis</span> <span class='ocrx_word' id='word_1_233' title='bbox 2495 1633 2709 1705; x_wconf 90' lang='lat' dir='ltr'>scripto</span> <span class='ocrx_word' id='word_1_234' title='bbox 2743 1634 3046 1691; x_wconf 90' lang='lat' dir='ltr'>retinetur.</span> 
     </span>
    </p>
   </div>
   <div class='ocr_carea' id='block_1_34' title="bbox 2244 1722 3901 1796">
    <p class='ocr_par' dir='ltr' id='par_1_34' title="bbox 2244 1722 3901 1796">
     <span class='ocr_line' id='line_1_34' title="bbox 2244 1722 3901 1796; baseline 0.004 -19"><span class='ocrx_word' id='word_1_235' title='bbox 2244 1722 2391 1792; x_wconf 71' lang='grc' dir='ltr'>[νει.</span> <span class='ocrx_word' id='word_1_236' title='bbox 2433 1723 2735 1794; x_wconf 77' lang='lat' dir='ltr'>XXXVII.)</span> <span class='ocrx_word' id='word_1_237' title='bbox 2775 1724 2864 1779; x_wconf 68' lang='lat'>64.</span> <span class='ocrx_word' id='word_1_238' title='bbox 2908 1724 3173 1796; x_wconf 91' lang='lat' dir='ltr'>Concepti</span> <span class='ocrx_word' id='word_1_239' title='bbox 3217 1730 3361 1795; x_wconf 89' lang='lat' dir='ltr'>sunt,</span> <span class='ocrx_word' id='word_1_240' title='bbox 3414 1725 3507 1783; x_wconf 88' lang='lat' dir='ltr'>sed</span> <span class='ocrx_word' id='word_1_241' title='bbox 3559 1726 3731 1783; x_wconf 86' lang='lat' dir='ltr'>lucem</span> <span class='ocrx_word' id='word_1_242' title='bbox 3777 1744 3901 1786; x_wconf 79' lang='lat' dir='ltr'>non.</span> 
     </span>
    </p>
   </div>
   <div class='ocr_carea' id='block_1_35' title="bbox 349 1812 3897 1888">
    <p class='ocr_par' dir='ltr' id='par_1_35' title="bbox 349 1812 3897 1888">
     <span class='ocr_line' id='line_1_35' title="bbox 349 1812 3897 1888; baseline 0 -17"><span class='ocrx_word' id='word_1_243' title='bbox 349 1832 555 1871; x_wconf 89' lang='lat' dir='ltr'>aurum</span> <span class='ocrx_word' id='word_1_244' title='bbox 588 1816 745 1887; x_wconf 87' lang='lat' dir='ltr'>possi</span> <span class='ocrx_word' id='word_1_245' title='bbox 776 1817 968 1884; x_wconf 86' lang='lat' dir='ltr'>deant,</span> <span class='ocrx_word' id='word_1_246' title='bbox 992 1820 1049 1870; x_wconf 90' lang='lat' dir='ltr'>et</span> <span class='ocrx_word' id='word_1_247' title='bbox 1078 1814 1209 1870; x_wconf 88' lang='lat' dir='ltr'>aliis</span> <span class='ocrx_word' id='word_1_248' title='bbox 1233 1820 1385 1871; x_wconf 88' lang='lat' dir='ltr'>recta</span> <span class='ocrx_word' id='word_1_249' title='bbox 1410 1816 1795 1888; x_wconf 60' lang='lat' dir='ltr'>pradicando,</span> <span class='ocrx_word' id='word_1_250' title='bbox 1821 1824 2056 1887; x_wconf 90' lang='lat' dir='ltr'>argento</span> <span class='ocrx_word' id='word_1_251' title='bbox 2093 1812 2131 1818; x_wconf 51' lang='lat'><strong><em>—</em></strong></span> <span class='ocrx_word' id='word_1_252' title='bbox 2169 1812 2444 1882; x_wconf 81' lang='lat' dir='ltr'>viderunt,</span> <span class='ocrx_word' id='word_1_253' title='bbox 2476 1813 2574 1884; x_wconf 86' lang='lat' dir='ltr'>qui</span> <span class='ocrx_word' id='word_1_254' title='bbox 2608 1818 2723 1883; x_wconf 88' lang='lat' dir='ltr'>post</span> <span class='ocrx_word' id='word_1_255' title='bbox 2755 1814 2927 1883; x_wconf 84' lang='lat' dir='ltr'>legem</span> <span class='ocrx_word' id='word_1_256' title='bbox 2960 1823 3087 1871; x_wconf 84' lang='lat' dir='ltr'>ante</span> <span class='ocrx_word' id='word_1_257' title='bbox 3120 1814 3399 1872; x_wconf 84' lang='lat' dir='ltr'>Christum</span> <span class='ocrx_word' id='word_1_258' title='bbox 3436 1819 3578 1873; x_wconf 88' lang='lat' dir='ltr'>nati.</span> <span class='ocrx_word' id='word_1_259' title='bbox 3609 1849 3673 1861; x_wconf 91' lang='lat'><em>—</em></span> <span class='ocrx_word' id='word_1_260' title='bbox 3704 1817 3897 1876; x_wconf 85' lang='lat' dir='ltr'>Recte</span> 
     </span>
    </p>
   </div>
   <div class='ocr_carea' id='block_1_36' title="bbox 348 1904 2057 1978">
    <p class='ocr_par' dir='ltr' id='par_1_36' title="bbox 348 1904 2057 1978">
     <span class='ocr_line' id='line_1_36' title="bbox 348 1904 2057 1978; baseline 0.001 -17"><span class='ocrx_word' id='word_1_261' title='bbox 348 1922 528 1961; x_wconf 70' lang='lat' dir='ltr'>sacras</span> <span class='ocrx_word' id='word_1_262' title='bbox 553 1904 863 1961; x_wconf 88' lang='lat' dir='ltr'>locutionis</span> <span class='ocrx_word' id='word_1_263' title='bbox 885 1905 1227 1974; x_wconf 83' lang='lat' dir='ltr'>enitescant,</span> <span class='ocrx_word' id='word_1_264' title='bbox 1251 1920 1467 1976; x_wconf 91' lang='lat' dir='ltr'>eosque</span> <span class='ocrx_word' id='word_1_265' title='bbox 1498 1906 1790 1978; x_wconf 90' lang='lat' dir='ltr'>principes</span> <span class='ocrx_word' id='word_1_266' title='bbox 1822 1905 2057 1977; x_wconf 88' lang='lat' dir='ltr'>repletis</span> 
     </span>
    </p>
   </div>
   <div class='ocr_carea' id='block_1_37' title="bbox 351 1994 2061 2067">
    <p class='ocr_par' dir='ltr' id='par_1_37' title="bbox 351 1994 2061 2067">
     <span class='ocr_line' id='line_1_37' title="bbox 351 1994 2061 2067; baseline 0.001 -17"><span class='ocrx_word' id='word_1_267' title='bbox 351 1996 839 2051; x_wconf 84' lang='lat' dir='ltr'>conscientiarum</span> <span class='ocrx_word' id='word_1_268' title='bbox 874 1994 1148 2050; x_wconf 90' lang='lat' dir='ltr'>domibus</span> <span class='ocrx_word' id='word_1_269' title='bbox 1179 2010 1318 2051; x_wconf 89' lang='lat' dir='ltr'>auro</span> <span class='ocrx_word' id='word_1_270' title='bbox 1349 2000 1406 2051; x_wconf 89' lang='lat' dir='ltr'>et</span> <span class='ocrx_word' id='word_1_271' title='bbox 1436 2001 1673 2067; x_wconf 91' lang='lat' dir='ltr'>argento</span> <span class='ocrx_word' id='word_1_272' title='bbox 1704 1996 1912 2052; x_wconf 89' lang='lat' dir='ltr'>divites</span> <span class='ocrx_word' id='word_1_273' title='bbox 1940 2012 2061 2052; x_wconf 90' lang='lat' dir='ltr'>me-</span> 
     </span>
    </p>
   </div>
   <div class='ocr_carea' id='block_1_38' title="bbox 354 2084 2061 2157">
    <p class='ocr_par' dir='ltr' id='par_1_38' title="bbox 354 2084 2061 2157">
     <span class='ocr_line' id='line_1_38' title="bbox 354 2084 2061 2157; baseline 0 -18"><span class='ocrx_word' id='word_1_274' title='bbox 354 2093 557 2141; x_wconf 88' lang='lat' dir='ltr'>moret.</span> <span class='ocrx_word' id='word_1_275' title='bbox 579 2084 715 2149; x_wconf 90' lang='lat' dir='ltr'>Sed,</span> <span class='ocrx_word' id='word_1_276' title='bbox 733 2084 870 2155; x_wconf 89' lang='lat' dir='ltr'>quia</span> <span class='ocrx_word' id='word_1_277' title='bbox 892 2084 1204 2155; x_wconf 88' lang='lat' dir='ltr'>aliquando</span> <span class='ocrx_word' id='word_1_278' title='bbox 1228 2085 1562 2155; x_wconf 90' lang='lat' dir='ltr'>prophetico</span> <span class='ocrx_word' id='word_1_279' title='bbox 1584 2086 1818 2156; x_wconf 89' lang='lat' dir='ltr'>spiritui</span> <span class='ocrx_word' id='word_1_280' title='bbox 1849 2101 2061 2157; x_wconf 91' lang='lat' dir='ltr'>nequa-</span> 
     </span>
    </p>
   </div>
   <div class='ocr_carea' id='block_1_39' title="bbox 351 2173 2058 2246">
    <p class='ocr_par' dir='ltr' id='par_1_39' title="bbox 351 2173 2058 2246">
     <span class='ocr_line' id='line_1_39' title="bbox 351 2173 2058 2246; baseline 0.001 -18"><span class='ocrx_word' id='word_1_281' title='bbox 351 2189 526 2244; x_wconf 87' lang='lat' dir='ltr'>quam</span> <span class='ocrx_word' id='word_1_282' title='bbox 572 2173 787 2227; x_wconf 83' lang='lat' dir='ltr'>sutficit</span> <span class='ocrx_word' id='word_1_283' title='bbox 828 2176 893 2228; x_wconf 89' lang='lat' dir='ltr'>ut</span> <span class='ocrx_word' id='word_1_284' title='bbox 921 2179 1162 2228; x_wconf 89' lang='lat' dir='ltr'>ventura</span> <span class='ocrx_word' id='word_1_285' title='bbox 1206 2174 1538 2243; x_wconf 70' lang='lat' dir='ltr'>praevideat,</span> <span class='ocrx_word' id='word_1_286' title='bbox 1571 2173 1680 2229; x_wconf 88' lang='lat' dir='ltr'>nisi</span> <span class='ocrx_word' id='word_1_287' title='bbox 1724 2174 1883 2230; x_wconf 92' lang='lat' dir='ltr'>cordi</span> <span class='ocrx_word' id='word_1_288' title='bbox 1926 2191 2058 2246; x_wconf 88' lang='lat' dir='ltr'>pro-</span> 
     </span>
    </p>
   </div>
   <div class='ocr_carea' id='block_1_40' title="bbox 346 2260 2058 2335">
    <p class='ocr_par' dir='ltr' id='par_1_40' title="bbox 346 2260 2058 2335">
     <span class='ocr_line' id='line_1_40' title="bbox 346 2260 2058 2335; baseline 0.003 -20"><span class='ocrx_word' id='word_1_289' title='bbox 346 2260 641 2331; x_wconf 90' lang='lat' dir='ltr'>phetantis</span> <span class='ocrx_word' id='word_1_290' title='bbox 690 2261 861 2316; x_wconf 90' lang='lat' dir='ltr'>etiam</span> <span class='ocrx_word' id='word_1_291' title='bbox 916 2263 1204 2332; x_wconf 59' lang='lat' dir='ltr'>praeterita</span> <span class='ocrx_word' id='word_1_292' title='bbox 1252 2266 1310 2317; x_wconf 87' lang='lat' dir='ltr'>et</span> <span class='ocrx_word' id='word_1_293' title='bbox 1360 2262 1604 2333; x_wconf 89' lang='lat' dir='ltr'>antiqua</span> <span class='ocrx_word' id='word_1_294' title='bbox 1661 2268 2058 2335; x_wconf 67' lang='lat' dir='ltr'>repraesentet,</span> 
     </span>
    </p>
   </div>
   <div class='ocr_carea' id='block_1_41' title="bbox 348 2351 2058 2425">
    <p class='ocr_par' dir='ltr' id='par_1_41' title="bbox 348 2351 2058 2425">
     <span class='ocr_line' id='line_1_41' title="bbox 348 2351 2058 2425; baseline 0.003 -18"><span class='ocrx_word' id='word_1_295' title='bbox 348 2356 588 2407; x_wconf 90' lang='lat' dir='ltr'>sanctus</span> <span class='ocrx_word' id='word_1_296' title='bbox 619 2351 708 2406; x_wconf 90' lang='lat' dir='ltr'>vir</span> <span class='ocrx_word' id='word_1_297' title='bbox 746 2352 895 2407; x_wconf 83' lang='lat' dir='ltr'>infra</span> <span class='ocrx_word' id='word_1_298' title='bbox 926 2369 1221 2425; x_wconf 86' lang='lat' dir='ltr'>supraque</span> <span class='ocrx_word' id='word_1_299' title='bbox 1252 2353 1446 2410; x_wconf 91' lang='lat' dir='ltr'>oculos</span> <span class='ocrx_word' id='word_1_300' title='bbox 1488 2355 1692 2424; x_wconf 87' lang='lat' dir='ltr'>aperit,</span> <span class='ocrx_word' id='word_1_301' title='bbox 1725 2358 1781 2411; x_wconf 92' lang='lat' dir='ltr'>et</span> <span class='ocrx_word' id='word_1_302' title='bbox 1812 2372 1925 2412; x_wconf 91' lang='lat' dir='ltr'>non</span> <span class='ocrx_word' id='word_1_303' title='bbox 1958 2373 2058 2412; x_wconf 89' lang='lat' dir='ltr'>so-</span> 
     </span>
    </p>
   </div>
   <div class='ocr_carea' id='block_1_42' title="bbox 346 2441 2061 2515">
    <p class='ocr_par' dir='ltr' id='par_1_42' title="bbox 346 2441 2061 2515">
     <span class='ocr_line' id='line_1_42' title="bbox 346 2441 2061 2515; baseline 0.004 -19"><span class='ocrx_word' id='word_1_304' title='bbox 346 2441 469 2497; x_wconf 90' lang='lat' dir='ltr'>lum</span> <span class='ocrx_word' id='word_1_305' title='bbox 502 2448 744 2498; x_wconf 88' lang='lat' dir='ltr'>ventura</span> <span class='ocrx_word' id='word_1_306' title='bbox 774 2442 1080 2515; x_wconf 88' lang='lat' dir='ltr'>conspicit,</span> <span class='ocrx_word' id='word_1_307' title='bbox 1114 2444 1212 2499; x_wconf 92' lang='lat' dir='ltr'>sed</span> <span class='ocrx_word' id='word_1_308' title='bbox 1252 2446 1430 2500; x_wconf 90' lang='lat' dir='ltr'>etiam</span> <span class='ocrx_word' id='word_1_309' title='bbox 1479 2449 1772 2502; x_wconf 88' lang='lat' dir='ltr'>transacta</span> <span class='ocrx_word' id='word_1_310' title='bbox 1816 2446 1889 2502; x_wconf 90' lang='lat' dir='ltr'>ad</span> <span class='ocrx_word' id='word_1_311' title='bbox 1938 2463 2061 2503; x_wconf 90' lang='lat' dir='ltr'>me-</span> 
     </span>
    </p>
   </div>
   <div class='ocr_carea' id='block_1_43' title="bbox 348 2531 1687 2606">
    <p class='ocr_par' dir='ltr' id='par_1_43' title="bbox 348 2531 1687 2606">
     <span class='ocr_line' id='line_1_43' title="bbox 348 2531 1687 2606; baseline 0.004 -21"><span class='ocrx_word' id='word_1_312' title='bbox 348 2531 594 2588; x_wconf 91' lang='lat' dir='ltr'>moriam</span> <span class='ocrx_word' id='word_1_313' title='bbox 625 2532 871 2589; x_wconf 87' lang='lat' dir='ltr'>reducit.</span> <span class='ocrx_word' id='word_1_314' title='bbox 904 2532 1046 2588; x_wconf 87' lang='lat' dir='ltr'>Nam</span> <span class='ocrx_word' id='word_1_315' title='bbox 1081 2534 1343 2605; x_wconf 89' lang='lat' dir='ltr'>protinus</span> <span class='ocrx_word' id='word_1_316' title='bbox 1372 2535 1638 2606; x_wconf 89' lang='lat' dir='ltr'>adjungit</span> <span class='ocrx_word' id='word_1_317' title='bbox 1673 2552 1687 2604; x_wconf 89' lang='lat'><strong>;</strong></span> 
     </span>
    </p>
   </div>
   <div class='ocr_carea' id='block_1_44' title="bbox 736 2658 1673 2733">
    <p class='ocr_par' dir='ltr' id='par_1_44' title="bbox 736 2658 1673 2733">
     <span class='ocr_line' id='line_1_44' title="bbox 736 2658 1673 2733; baseline 0 -17"><span class='ocrx_word' id='word_1_318' title='bbox 736 2658 968 2716; x_wconf 83' lang='lat' dir='ltr'>CAPUT</span> <span class='ocrx_word' id='word_1_319' title='bbox 1006 2662 1226 2717; x_wconf 80' lang='lat' dir='ltr'>XXXII</span> <span class='ocrx_word' id='word_1_320' title='bbox 1271 2662 1413 2733; x_wconf 85' lang='lat' dir='ltr'>[Rec.</span> <span class='ocrx_word' id='word_1_321' title='bbox 1457 2662 1673 2733; x_wconf 85' lang='lat' dir='ltr'><em>XXIX].</em></span> 
     </span>
    </p>
   </div>
   <div class='ocr_carea' id='block_1_45' title="bbox 418 2768 2060 2827">
    <p class='ocr_par' dir='ltr' id='par_1_45' title="bbox 418 2768 2060 2827">
     <span class='ocr_line' id='line_1_45' title="bbox 418 2768 2060 2827; baseline 0.003 -5"><span class='ocrx_word' id='word_1_322' title='bbox 418 2769 596 2824; x_wconf 72' lang='lat' dir='ltr'>Vens.</span> <span class='ocrx_word' id='word_1_323' title='bbox 633 2768 718 2822; x_wconf 87' lang='grc'><strong>16.</strong></span> <span class='ocrx_word' id='word_1_324' title='bbox 751 2800 820 2811; x_wconf 91' lang='grc'><strong>-</strong></span> <span class='ocrx_word' id='word_1_325' title='bbox 848 2770 954 2824; x_wconf 86' lang='lat' dir='ltr'>Aut</span> <span class='ocrx_word' id='word_1_326' title='bbox 980 2770 1119 2825; x_wconf 84' lang='lat' dir='ltr'>sicut</span> <span class='ocrx_word' id='word_1_327' title='bbox 1164 2769 1478 2826; x_wconf 79' lang='lat' dir='ltr'>abortivum</span> <span class='ocrx_word' id='word_1_328' title='bbox 1521 2769 1905 2826; x_wconf 88' lang='lat' dir='ltr'>absconditum</span> <span class='ocrx_word' id='word_1_329' title='bbox 1952 2786 2060 2827; x_wconf 87' lang='lat' dir='ltr'>non</span> 
     </span>
    </p>
   </div>
   <div class='ocr_carea' id='block_1_46' title="bbox 348 2859 1898 2931">
    <p class='ocr_par' dir='ltr' id='par_1_46' title="bbox 348 2859 1898 2931">
     <span class='ocr_line' id='line_1_46' title="bbox 348 2859 1898 2931; baseline 0.002 -19"><span class='ocrx_word' id='word_1_330' title='bbox 348 2859 693 2915; x_wconf 85' lang='lat' dir='ltr'>subsisterem</span> <span class='ocrx_word' id='word_1_331' title='bbox 724 2875 742 2911; x_wconf 91' lang='lat'><em>:</em></span> <span class='ocrx_word' id='word_1_332' title='bbox 774 2860 857 2913; x_wconf 90' lang='lat' dir='ltr'>vel</span> <span class='ocrx_word' id='word_1_333' title='bbox 885 2861 982 2931; x_wconf 88' lang='lat' dir='ltr'>qui</span> <span class='ocrx_word' id='word_1_334' title='bbox 1011 2861 1252 2931; x_wconf 84' lang='lat' dir='ltr'>concepti</span> <span class='ocrx_word' id='word_1_335' title='bbox 1281 2874 1391 2914; x_wconf 83' lang='lat' dir='ltr'>non</span> <span class='ocrx_word' id='word_1_336' title='bbox 1420 2861 1666 2917; x_wconf 80' lang='lat' dir='ltr'>viderent</span> <span class='ocrx_word' id='word_1_337' title='bbox 1698 2859 1898 2917; x_wconf 80' lang='lat' dir='ltr'>lucem.</span> 
     </span>
    </p>
   </div>
   <div class='ocr_carea' id='block_1_47' title="bbox 421 2984 2063 3057">
    <p class='ocr_par' dir='ltr' id='par_1_47' title="bbox 421 2984 2063 3057">
     <span class='ocr_line' id='line_1_47' title="bbox 421 2984 2063 3057; baseline 0.002 -20"><span class='ocrx_word' id='word_1_338' title='bbox 421 2985 510 3037; x_wconf 89' lang='lat'>63.</span> <span class='ocrx_word' id='word_1_339' title='bbox 535 2984 748 3051; x_wconf 83' lang='lat' dir='ltr'>Sancti,</span> <span class='ocrx_word' id='word_1_340' title='bbox 777 2992 903 3041; x_wconf 88' lang='lat' dir='ltr'>ante</span> <span class='ocrx_word' id='word_1_341' title='bbox 931 2984 1321 3057; x_wconf 84' lang='lat' dir='ltr'>redemptionis</span> <span class='ocrx_word' id='word_1_342' title='bbox 1353 2990 1563 3057; x_wconf 88' lang='lat' dir='ltr'>tempus</span> <span class='ocrx_word' id='word_1_343' title='bbox 1596 2986 1728 3054; x_wconf 89' lang='lat' dir='ltr'>orti,</span> <span class='ocrx_word' id='word_1_344' title='bbox 1760 2994 1887 3043; x_wconf 87' lang='lat' dir='ltr'>sunt</span> <span class='ocrx_word' id='word_1_345' title='bbox 1915 2986 2063 3043; x_wconf 86' lang='lat' dir='ltr'>velut</span> 
     </span>
    </p>
   </div>
   <div class='ocr_carea' id='block_1_48' title="bbox 2171 1900 3898 1974">
    <p class='ocr_par' dir='ltr' id='par_1_48' title="bbox 2171 1900 3898 1974">
     <span class='ocr_line' id='line_1_48' title="bbox 2171 1900 3898 1974; baseline 0.006 -19"><span class='ocrx_word' id='word_1_346' title='bbox 2171 1917 2301 1956; x_wconf 88' lang='lat' dir='ltr'>vero</span> <span class='ocrx_word' id='word_1_347' title='bbox 2334 1900 2569 1957; x_wconf 89' lang='lat' dir='ltr'>additur</span> <span class='ocrx_word' id='word_1_348' title='bbox 2604 1920 2616 1958; x_wconf 89' lang='lat'><strong>:</strong></span> <span class='ocrx_word' id='word_1_349' title='bbox 2659 1903 2759 1957; x_wconf 86' lang='lat' dir='ltr'>Vel</span> <span class='ocrx_word' id='word_1_350' title='bbox 2791 1905 2890 1974; x_wconf 86' lang='lat' dir='ltr'>qui</span> <span class='ocrx_word' id='word_1_351' title='bbox 2935 1908 3180 1974; x_wconf 84' lang='lat' dir='ltr'>concepti</span> <span class='ocrx_word' id='word_1_352' title='bbox 3227 1922 3339 1961; x_wconf 88' lang='lat' dir='ltr'>non</span> <span class='ocrx_word' id='word_1_353' title='bbox 3381 1907 3638 1963; x_wconf 81' lang='lat' dir='ltr'>viderunt</span> <span class='ocrx_word' id='word_1_354' title='bbox 3683 1909 3898 1965; x_wconf 84' lang='lat' dir='ltr'>lucem.</span> 
     </span>
    </p>
   </div>
   <div class='ocr_carea' id='block_1_49' title="bbox 2175 1990 3893 2067">
    <p class='ocr_par' dir='ltr' id='par_1_49' title="bbox 2175 1990 3893 2067">
     <span class='ocr_line' id='line_1_49' title="bbox 2175 1990 3893 2067; baseline 0.005 -22"><span class='ocrx_word' id='word_1_355' title='bbox 2175 1990 2238 2045; x_wconf 88' lang='lat' dir='ltr'>lli</span> <span class='ocrx_word' id='word_1_356' title='bbox 2274 2007 2546 2062; x_wconf 89' lang='lat' dir='ltr'>namque,</span> <span class='ocrx_word' id='word_1_357' title='bbox 2582 1992 2682 2063; x_wconf 91' lang='lat' dir='ltr'>qui</span> <span class='ocrx_word' id='word_1_358' title='bbox 2715 2000 2838 2063; x_wconf 91' lang='lat' dir='ltr'>post</span> <span class='ocrx_word' id='word_1_359' title='bbox 2878 1999 3171 2066; x_wconf 86' lang='lat' dir='ltr'>acceptam</span> <span class='ocrx_word' id='word_1_360' title='bbox 3210 1995 3399 2067; x_wconf 84' lang='lat' dir='ltr'>legem</span> <span class='ocrx_word' id='word_1_361' title='bbox 3432 1997 3491 2053; x_wconf 93' lang='lat' dir='ltr'>in</span> <span class='ocrx_word' id='word_1_362' title='bbox 3522 1996 3630 2053; x_wconf 94' lang='lat' dir='ltr'>hoc</span> <span class='ocrx_word' id='word_1_363' title='bbox 3664 2000 3893 2055; x_wconf 86' lang='lat' dir='ltr'>mundo</span> 
     </span>
    </p>
   </div>
   <div class='ocr_carea' id='block_1_50' title="bbox 2173 2080 3904 2157">
    <p class='ocr_par' dir='ltr' id='par_1_50' title="bbox 2173 2080 3904 2157">
     <span class='ocr_line' id='line_1_50' title="bbox 2173 2080 3904 2157; baseline 0.005 -22"><span class='ocrx_word' id='word_1_364' title='bbox 2173 2080 2292 2136; x_wconf 89' lang='lat' dir='ltr'>nati</span> <span class='ocrx_word' id='word_1_365' title='bbox 2316 2084 2479 2149; x_wconf 92' lang='lat' dir='ltr'>sunt,</span> <span class='ocrx_word' id='word_1_366' title='bbox 2505 2081 2726 2137; x_wconf 90' lang='lat' dir='ltr'>auctori</span> <span class='ocrx_word' id='word_1_367' title='bbox 2749 2097 2853 2138; x_wconf 90' lang='lat' dir='ltr'>suo</span> <span class='ocrx_word' id='word_1_368' title='bbox 2876 2083 3135 2154; x_wconf 89' lang='lat' dir='ltr'>ejusdem</span> <span class='ocrx_word' id='word_1_369' title='bbox 3168 2084 3314 2157; x_wconf 80' lang='lat' dir='ltr'>legis</span> <span class='ocrx_word' id='word_1_370' title='bbox 3334 2090 3472 2142; x_wconf 89' lang='lat' dir='ltr'>sunt</span> <span class='ocrx_word' id='word_1_371' title='bbox 3491 2088 3904 2144; x_wconf 77' lang='lat' dir='ltr'>admonitione</span> 
     </span>
    </p>
   </div>
   <div class='ocr_carea' id='block_1_51' title="bbox 2172 2171 3900 2248">
    <p class='ocr_par' dir='ltr' id='par_1_51' title="bbox 2172 2171 3900 2248">
     <span class='ocr_line' id='line_1_51' title="bbox 2172 2171 3900 2248; baseline 0.005 -22"><span class='ocrx_word' id='word_1_372' title='bbox 2172 2171 2453 2243; x_wconf 91' lang='lat' dir='ltr'>concepti.</span> <span class='ocrx_word' id='word_1_373' title='bbox 2475 2172 2581 2226; x_wconf 92' lang='lat' dir='ltr'>Sed</span> <span class='ocrx_word' id='word_1_374' title='bbox 2606 2177 2803 2229; x_wconf 89' lang='lat' dir='ltr'>tamen</span> <span class='ocrx_word' id='word_1_375' title='bbox 2826 2175 3089 2246; x_wconf 90' lang='lat' dir='ltr'>concepti</span> <span class='ocrx_word' id='word_1_376' title='bbox 3114 2174 3307 2231; x_wconf 91' lang='lat' dir='ltr'>lucem</span> <span class='ocrx_word' id='word_1_377' title='bbox 3333 2176 3565 2233; x_wconf 90' lang='lat' dir='ltr'>minime</span> <span class='ocrx_word' id='word_1_378' title='bbox 3585 2176 3900 2248; x_wconf 86' lang='lat' dir='ltr'>viderunt,</span> 
     </span>
    </p>
   </div>
   <div class='ocr_carea' id='block_1_52' title="bbox 2171 2259 3901 2337">
    <p class='ocr_par' dir='ltr' id='par_1_52' title="bbox 2171 2259 3901 2337">
     <span class='ocr_line' id='line_1_52' title="bbox 2171 2259 3901 2337; baseline 0.003 -21"><span class='ocrx_word' id='word_1_379' title='bbox 2171 2260 2310 2332; x_wconf 87' lang='lat' dir='ltr'>quia</span> <span class='ocrx_word' id='word_1_380' title='bbox 2341 2259 2414 2316; x_wconf 90' lang='lat' dir='ltr'>ad</span> <span class='ocrx_word' id='word_1_381' title='bbox 2443 2261 2753 2318; x_wconf 82' lang='lat' dir='ltr'>adventum</span> <span class='ocrx_word' id='word_1_382' title='bbox 2795 2262 3213 2320; x_wconf 89' lang='lat' dir='ltr'>incarnationis</span> <span class='ocrx_word' id='word_1_383' title='bbox 3253 2266 3581 2336; x_wconf 61' lang='lat' dir='ltr'>Dominicis,</span> <span class='ocrx_word' id='word_1_384' title='bbox 3613 2268 3901 2337; x_wconf 81' lang='lat' dir='ltr'>quamvis</span> 
     </span>
    </p>
   </div>
   <div class='ocr_carea' id='block_1_53' title="bbox 2172 2350 3897 2430">
    <p class='ocr_par' dir='ltr' id='par_1_53' title="bbox 2172 2350 3897 2430">
     <span class='ocr_line' id='line_1_53' title="bbox 2172 2350 3897 2430; baseline 0.004 -23"><span class='ocrx_word' id='word_1_385' title='bbox 2172 2351 2321 2407; x_wconf 90' lang='lat' dir='ltr'>hanc</span> <span class='ocrx_word' id='word_1_386' title='bbox 2361 2350 2613 2408; x_wconf 83' lang='lat' dir='ltr'>ﬁdeliter</span> <span class='ocrx_word' id='word_1_387' title='bbox 2650 2354 2973 2419; x_wconf 84' lang='lat' dir='ltr'>crederent,</span> <span class='ocrx_word' id='word_1_388' title='bbox 3007 2357 3307 2426; x_wconf 88' lang='lat' dir='ltr'>pervenire</span> <span class='ocrx_word' id='word_1_389' title='bbox 3348 2356 3751 2430; x_wconf 89' lang='lat' dir='ltr'>nequiverunt.</span> <span class='ocrx_word' id='word_1_390' title='bbox 3790 2359 3897 2413; x_wconf 91' lang='lat' dir='ltr'>In-</span> 
     </span>
    </p>
   </div>
   <div class='ocr_carea' id='block_1_54' title="bbox 2171 2444 3900 2517">
    <p class='ocr_par' dir='ltr' id='par_1_54' title="bbox 2171 2444 3900 2517">
     <span class='ocr_line' id='line_1_54' title="bbox 2171 2444 3900 2517; baseline 0.003 -18"><span class='ocrx_word' id='word_1_391' title='bbox 2171 2447 2443 2499; x_wconf 89' lang='lat' dir='ltr'>carnatus</span> <span class='ocrx_word' id='word_1_392' title='bbox 2475 2444 2691 2515; x_wconf 91' lang='lat' dir='ltr'>quippe</span> <span class='ocrx_word' id='word_1_393' title='bbox 2722 2445 3004 2501; x_wconf 83' lang='lat' dir='ltr'>Dominus</span> <span class='ocrx_word' id='word_1_394' title='bbox 3037 2446 3179 2502; x_wconf 91' lang='lat' dir='ltr'>dicit</span> <span class='ocrx_word' id='word_1_395' title='bbox 3207 2464 3220 2501; x_wconf 87' lang='lat'><strong>:</strong></span> <span class='ocrx_word' id='word_1_396' title='bbox 3254 2448 3363 2517; x_wconf 85' lang='lat' dir='ltr'>Ego</span> <span class='ocrx_word' id='word_1_397' title='bbox 3390 2464 3512 2503; x_wconf 89' lang='lat' dir='ltr'>sum</span> <span class='ocrx_word' id='word_1_398' title='bbox 3552 2447 3653 2504; x_wconf 72' lang='lat' dir='ltr'>lux</span> <span class='ocrx_word' id='word_1_399' title='bbox 3689 2450 3900 2505; x_wconf 82' lang='lat' dir='ltr'>mundi</span> 
     </span>
    </p>
   </div>
   <div class='ocr_carea' id='block_1_55' title="bbox 2172 2532 3895 2610">
    <p class='ocr_par' dir='ltr' id='par_1_55' title="bbox 2172 2532 3895 2610">
     <span class='ocr_line' id='line_1_55' title="bbox 2172 2532 3895 2610; baseline 0.003 -22"><span class='ocrx_word' id='word_1_400' title='bbox 2172 2532 2350 2602; x_wconf 87' lang='lat' dir='ltr'>(Joan.</span> <span class='ocrx_word' id='word_1_401' title='bbox 2383 2549 2502 2604; x_wconf 83' lang='grc' dir='ltr'>νιιι,</span> <span class='ocrx_word' id='word_1_402' title='bbox 2538 2534 2645 2606; x_wconf 88' lang='grc'><strong>12).</strong></span> <span class='ocrx_word' id='word_1_403' title='bbox 2684 2538 2868 2606; x_wconf 81' lang='lat' dir='ltr'>Atque</span> <span class='ocrx_word' id='word_1_404' title='bbox 2918 2535 3042 2606; x_wconf 89' lang='lat' dir='ltr'>ipsa</span> <span class='ocrx_word' id='word_1_405' title='bbox 3092 2537 3213 2593; x_wconf 86' lang='lat' dir='ltr'>Lux</span> <span class='ocrx_word' id='word_1_406' title='bbox 3258 2539 3340 2593; x_wconf 87' lang='lat' dir='ltr'>ait</span> <span class='ocrx_word' id='word_1_407' title='bbox 3373 2554 3386 2592; x_wconf 87' lang='lat'><strong>:</strong></span> <span class='ocrx_word' id='word_1_408' title='bbox 3420 2537 3574 2593; x_wconf 80' lang='lat' dir='ltr'>Multi</span> <span class='ocrx_word' id='word_1_409' title='bbox 3606 2537 3895 2610; x_wconf 62' lang='lat' dir='ltr'>propheta</span> 
     </span>
    </p>
   </div>
   <div class='ocr_carea' id='block_1_56' title="bbox 2170 2624 3899 2699">
    <p class='ocr_par' dir='ltr' id='par_1_56' title="bbox 2170 2624 3899 2699">
     <span class='ocr_line' id='line_1_56' title="bbox 2170 2624 3899 2699; baseline 0.002 -20"><span class='ocrx_word' id='word_1_410' title='bbox 2170 2627 2219 2680; x_wconf 88' lang='lat' dir='ltr'>et</span> <span class='ocrx_word' id='word_1_411' title='bbox 2258 2624 2403 2695; x_wconf 84' lang='lat' dir='ltr'>justi</span> <span class='ocrx_word' id='word_1_412' title='bbox 2431 2624 2884 2681; x_wconf 86' lang='lat' dir='ltr'>desideraverunt</span> <span class='ocrx_word' id='word_1_413' title='bbox 2914 2628 3099 2683; x_wconf 85' lang='lat' dir='ltr'>videre</span> <span class='ocrx_word' id='word_1_414' title='bbox 3135 2642 3259 2699; x_wconf 71' lang='lat' dir='ltr'>quae</span> <span class='ocrx_word' id='word_1_415' title='bbox 3293 2627 3511 2695; x_wconf 85' lang='lat' dir='ltr'>videtis,</span> <span class='ocrx_word' id='word_1_416' title='bbox 3545 2636 3597 2685; x_wconf 91' lang='lat' dir='ltr'>et</span> <span class='ocrx_word' id='word_1_417' title='bbox 3640 2644 3747 2684; x_wconf 86' lang='lat' dir='ltr'>non</span> <span class='ocrx_word' id='word_1_418' title='bbox 3806 2632 3899 2683; x_wconf 84' lang='lat' dir='ltr'>vi-</span> 
     </span>
    </p>
   </div>
   <div class='ocr_carea' id='block_1_57' title="bbox 2172 2713 3899 2789">
    <p class='ocr_par' dir='ltr' id='par_1_57' title="bbox 2172 2713 3899 2789">
     <span class='ocr_line' id='line_1_57' title="bbox 2172 2713 3899 2789; baseline 0.003 -20"><span class='ocrx_word' id='word_1_419' title='bbox 2172 2714 2376 2770; x_wconf 86' lang='lat' dir='ltr'>derunt</span> <span class='ocrx_word' id='word_1_420' title='bbox 2412 2713 2621 2785; x_wconf 75' lang='lat' dir='ltr'>(Matth.</span> <span class='ocrx_word' id='word_1_421' title='bbox 2665 2731 2787 2785; x_wconf 86' lang='grc' dir='ltr'>χιιι,</span> <span class='ocrx_word' id='word_1_422' title='bbox 2822 2716 2929 2787; x_wconf 88' lang='grc'>17).</span> <span class='ocrx_word' id='word_1_423' title='bbox 2964 2716 3217 2788; x_wconf 86' lang='lat' dir='ltr'>Concepti</span> <span class='ocrx_word' id='word_1_424' title='bbox 3257 2717 3440 2789; x_wconf 89' lang='lat' dir='ltr'>igitur</span> <span class='ocrx_word' id='word_1_425' title='bbox 3476 2733 3588 2774; x_wconf 80' lang='lat' dir='ltr'>non</span> <span class='ocrx_word' id='word_1_426' title='bbox 3626 2718 3899 2775; x_wconf 73' lang='lat' dir='ltr'>viderunt</span> 
     </span>
    </p>
   </div>
   <div class='ocr_carea' id='block_1_58' title="bbox 2173 2804 3894 2882">
    <p class='ocr_par' dir='ltr' id='par_1_58' title="bbox 2173 2804 3894 2882">
     <span class='ocr_line' id='line_1_58' title="bbox 2173 2804 3894 2882; baseline 0.003 -23"><span class='ocrx_word' id='word_1_427' title='bbox 2173 2805 2366 2875; x_wconf 86' lang='lat' dir='ltr'>lucem,</span> <span class='ocrx_word' id='word_1_428' title='bbox 2395 2804 2532 2876; x_wconf 90' lang='lat' dir='ltr'>quia</span> <span class='ocrx_word' id='word_1_429' title='bbox 2556 2806 2625 2861; x_wconf 85' lang='lat' dir='ltr'>ad</span> <span class='ocrx_word' id='word_1_430' title='bbox 2656 2822 2818 2877; x_wconf 88' lang='lat' dir='ltr'>spem</span> <span class='ocrx_word' id='word_1_431' title='bbox 2851 2808 3077 2863; x_wconf 90' lang='lat' dir='ltr'>venturi</span> <span class='ocrx_word' id='word_1_432' title='bbox 3118 2807 3453 2865; x_wconf 88' lang='lat' dir='ltr'>Mediatoris</span> <span class='ocrx_word' id='word_1_433' title='bbox 3493 2809 3710 2882; x_wconf 89' lang='lat' dir='ltr'>apertis</span> <span class='ocrx_word' id='word_1_434' title='bbox 3750 2825 3894 2880; x_wconf 83' lang='lat' dir='ltr'>pro-</span> 
     </span>
    </p>
   </div>
   <div class='ocr_carea' id='block_1_59' title="bbox 2173 2894 3893 2971">
    <p class='ocr_par' dir='ltr' id='par_1_59' title="bbox 2173 2894 3893 2971">
     <span class='ocr_line' id='line_1_59' title="bbox 2173 2894 3893 2971; baseline 0.003 -22"><span class='ocrx_word' id='word_1_435' title='bbox 2173 2895 2479 2965; x_wconf 89' lang='lat' dir='ltr'>phetarum</span> <span class='ocrx_word' id='word_1_436' title='bbox 2538 2894 2773 2951; x_wconf 85' lang='lat' dir='ltr'>vocibus</span> <span class='ocrx_word' id='word_1_437' title='bbox 2831 2896 3085 2968; x_wconf 85' lang='lat' dir='ltr'>excitati,</span> <span class='ocrx_word' id='word_1_438' title='bbox 3140 2912 3505 2969; x_wconf 87' lang='lat' dir='ltr'>nequaquam</span> <span class='ocrx_word' id='word_1_439' title='bbox 3562 2902 3893 2971; x_wconf 89' lang='lat' dir='ltr'>potuerunt</span> 
     </span>
    </p>
   </div>
   <div class='ocr_carea' id='block_1_60' title="bbox 2174 2979 3892 3056">
    <p class='ocr_par' dir='ltr' id='par_1_60' title="bbox 2174 2979 3892 3056">
     <span class='ocr_line' id='line_1_60' title="bbox 2174 2979 3892 3056; baseline 0.003 -22"><span class='ocrx_word' id='word_1_440' title='bbox 2174 2993 2409 3034; x_wconf 89' lang='lat' dir='ltr'>cernere</span> <span class='ocrx_word' id='word_1_441' title='bbox 2439 2979 2565 3049; x_wconf 88' lang='lat' dir='ltr'>ejus</span> <span class='ocrx_word' id='word_1_442' title='bbox 2596 2980 3081 3038; x_wconf 88' lang='lat' dir='ltr'>incarnationem.</span> <span class='ocrx_word' id='word_1_443' title='bbox 3114 2982 3267 3038; x_wconf 74' lang='lat'>188</span> <span class='ocrx_word' id='word_1_444' title='bbox 3304 2984 3365 3039; x_wconf 89' lang='lat' dir='ltr'>In</span> <span class='ocrx_word' id='word_1_445' title='bbox 3397 2983 3489 3039; x_wconf 90' lang='lat' dir='ltr'>bis</span> <span class='ocrx_word' id='word_1_446' title='bbox 3520 2983 3715 3056; x_wconf 85' lang='lat' dir='ltr'>itaque</span> <span class='ocrx_word' id='word_1_447' title='bbox 3743 3000 3892 3040; x_wconf 85' lang='lat' dir='ltr'>con-</span> 
     </span>
    </p>
   </div>
   <div class='ocr_carea' id='block_1_61' title="bbox 356 3068 3899 3169">
    <p class='ocr_par' dir='ltr' id='par_1_61' title="bbox 356 3068 3899 3169">
     <span class='ocr_line' id='line_1_61' title="bbox 356 3068 3899 3169; baseline 0.002 -41"><span class='ocrx_word' id='word_1_448' title='bbox 356 3074 608 3130; x_wconf 86' lang='lat' dir='ltr'>abortivi.</span> <span class='ocrx_word' id='word_1_449' title='bbox 656 3074 850 3131; x_wconf 83' lang='lat' dir='ltr'>Plures</span> <span class='ocrx_word' id='word_1_450' title='bbox 894 3077 1119 3146; x_wconf 80' lang='lat' dir='ltr'>fuerunt</span> <span class='ocrx_word' id='word_1_451' title='bbox 1165 3092 1329 3147; x_wconf 89' lang='lat' dir='ltr'>quam</span> <span class='ocrx_word' id='word_1_452' title='bbox 1358 3092 1491 3148; x_wconf 89' lang='lat' dir='ltr'>quos</span> <span class='ocrx_word' id='word_1_453' title='bbox 1529 3082 1794 3132; x_wconf 88' lang='lat' dir='ltr'>memorat</span> <span class='ocrx_word' id='word_1_454' title='bbox 1834 3079 2060 3149; x_wconf 80' lang='lat' dir='ltr'>Moyses.</span> <span class='ocrx_word' id='word_1_455' title='bbox 2094 3100 2139 3169; x_wconf 69' lang='grc' dir='ltr'>ο</span> <span class='ocrx_word' id='word_1_456' title='bbox 2176 3072 2378 3169; x_wconf 61' lang='lat' dir='ltr'>ceptus</span> <span class='ocrx_word' id='word_1_457' title='bbox 2424 3068 2663 3169; x_wconf 39' lang='lat' dir='ltr'>interi-0t</span> <span class='ocrx_word' id='word_1_458' title='bbox 2706 3071 3119 3169; x_wconf 44' lang='lat' dir='ltr'>formumﬁdei</span> <span class='ocrx_word' id='word_1_459' title='bbox 3151 3072 3361 3169; x_wconf 43' lang='lat' dir='ltr'>edidit.</span> <span class='ocrx_word' id='word_1_460' title='bbox 3388 3074 3487 3130; x_wconf 79' lang='lat' dir='ltr'>sed</span> <span class='ocrx_word' id='word_1_461' title='bbox 3521 3073 3667 3128; x_wconf 79' lang='lat' dir='ltr'>hanc</span> <span class='ocrx_word' id='word_1_462' title='bbox 3702 3088 3899 3169; x_wconf 70' lang='lat' dir='ltr'>usque</span> 
     </span>
    </p>
   </div>
   <div class='ocr_carea' id='block_1_62' title="bbox 358 3164 2063 3237">
    <p class='ocr_par' dir='ltr' id='par_1_62' title="bbox 358 3164 2063 3237">
     <span class='ocr_line' id='line_1_62' title="bbox 358 3164 2063 3237; baseline 0.003 -19"><span class='ocrx_word' id='word_1_463' title='bbox 358 3194 429 3204; x_wconf 87' lang='lat'>——-</span> <span class='ocrx_word' id='word_1_464' title='bbox 474 3164 835 3231; x_wconf 91' lang='lat' dir='ltr'>Abortivum,</span> <span class='ocrx_word' id='word_1_465' title='bbox 888 3165 1026 3236; x_wconf 89' lang='lat' dir='ltr'>quia</span> <span class='ocrx_word' id='word_1_466' title='bbox 1083 3172 1215 3221; x_wconf 89' lang='lat' dir='ltr'>ante</span> <span class='ocrx_word' id='word_1_467' title='bbox 1274 3164 1511 3237; x_wconf 90' lang='lat' dir='ltr'>plenum</span> <span class='ocrx_word' id='word_1_468' title='bbox 1571 3169 1805 3237; x_wconf 84' lang='lat' dir='ltr'>tempus</span> <span class='ocrx_word' id='word_1_469' title='bbox 1860 3168 2063 3230; x_wconf 88' lang='lat' dir='ltr'>oritur,</span> 
     </span>
    </p>
   </div>
   <div class='ocr_carea' id='block_1_63' title="bbox 354 3253 2065 3327">
    <p class='ocr_par' dir='ltr' id='par_1_63' title="bbox 354 3253 2065 3327">
     <span class='ocr_line' id='line_1_63' title="bbox 354 3253 2065 3327; baseline 0.001 -16"><span class='ocrx_word' id='word_1_470' title='bbox 354 3253 705 3312; x_wconf 88' lang='lat' dir='ltr'>exstinctum</span> <span class='ocrx_word' id='word_1_471' title='bbox 755 3254 1021 3325; x_wconf 88' lang='lat' dir='ltr'>protinus</span> <span class='ocrx_word' id='word_1_472' title='bbox 1070 3253 1414 3311; x_wconf 90' lang='lat' dir='ltr'>occultatur.</span> <span class='ocrx_word' id='word_1_473' title='bbox 1449 3256 1601 3321; x_wconf 91' lang='lat' dir='ltr'>Quos</span> <span class='ocrx_word' id='word_1_474' title='bbox 1649 3272 1782 3327; x_wconf 83' lang='lat' dir='ltr'>ergo</span> <span class='ocrx_word' id='word_1_475' title='bbox 1831 3264 2065 3313; x_wconf 89' lang='lat' dir='ltr'>sanctus</span> 
     </span>
    </p>
   </div>
   <div class='ocr_carea' id='block_1_64' title="bbox 350 3341 2066 3416">
    <p class='ocr_par' dir='ltr' id='par_1_64' title="bbox 350 3341 2066 3416">
     <span class='ocr_line' id='line_1_64' title="bbox 350 3341 2066 3416; baseline 0.003 -20"><span class='ocrx_word' id='word_1_476' title='bbox 350 3342 442 3396; x_wconf 91' lang='lat' dir='ltr'>vir</span> <span class='ocrx_word' id='word_1_477' title='bbox 481 3341 626 3397; x_wconf 90' lang='lat' dir='ltr'>alios</span> <span class='ocrx_word' id='word_1_478' title='bbox 674 3342 965 3397; x_wconf 80' lang='lat' dir='ltr'>abortivus</span> <span class='ocrx_word' id='word_1_479' title='bbox 1006 3346 1189 3409; x_wconf 87' lang='lat' dir='ltr'>vocat,</span> <span class='ocrx_word' id='word_1_480' title='bbox 1223 3358 1355 3398; x_wconf 91' lang='lat' dir='ltr'>cum</span> <span class='ocrx_word' id='word_1_481' title='bbox 1399 3344 1616 3414; x_wconf 90' lang='lat' dir='ltr'>quibus</span> <span class='ocrx_word' id='word_1_482' title='bbox 1661 3360 1723 3399; x_wconf 90' lang='lat' dir='ltr'>se</span> <span class='ocrx_word' id='word_1_483' title='bbox 1768 3345 2066 3416; x_wconf 88' lang='lat' dir='ltr'>quiescere</span> 
     </span>
    </p>
   </div>
   <div class='ocr_carea' id='block_1_65' title="bbox 353 3431 2066 3507">
    <p class='ocr_par' dir='ltr' id='par_1_65' title="bbox 353 3431 2066 3507">
     <span class='ocr_line' id='line_1_65' title="bbox 353 3431 2066 3507; baseline 0.002 -20"><span class='ocrx_word' id='word_1_484' title='bbox 353 3431 615 3502; x_wconf 86' lang='lat' dir='ltr'>potuisse</span> <span class='ocrx_word' id='word_1_485' title='bbox 637 3432 989 3501; x_wconf 90' lang='lat' dir='ltr'>considerat,</span> <span class='ocrx_word' id='word_1_486' title='bbox 1016 3432 1127 3488; x_wconf 90' lang='lat' dir='ltr'>nisi</span> <span class='ocrx_word' id='word_1_487' title='bbox 1151 3432 1365 3489; x_wconf 92' lang='lat' dir='ltr'>electos</span> <span class='ocrx_word' id='word_1_488' title='bbox 1396 3448 1679 3506; x_wconf 88' lang='lat' dir='ltr'>quosque,</span> <span class='ocrx_word' id='word_1_489' title='bbox 1705 3434 1804 3507; x_wconf 89' lang='lat' dir='ltr'>qui</span> <span class='ocrx_word' id='word_1_490' title='bbox 1836 3435 1907 3491; x_wconf 91' lang='lat' dir='ltr'>ab</span> <span class='ocrx_word' id='word_1_491' title='bbox 1936 3435 2066 3506; x_wconf 90' lang='lat' dir='ltr'>ipso</span> 
     </span>
    </p>
   </div>
   <div class='ocr_carea' id='block_1_66' title="bbox 352 3520 2067 3594">
    <p class='ocr_par' dir='ltr' id='par_1_66' title="bbox 352 3520 2067 3594">
     <span class='ocr_line' id='line_1_66' title="bbox 352 3520 2067 3594; baseline 0.003 -20"><span class='ocrx_word' id='word_1_492' title='bbox 352 3520 561 3575; x_wconf 89' lang='lat' dir='ltr'>mundi</span> <span class='ocrx_word' id='word_1_493' title='bbox 608 3520 924 3590; x_wconf 90' lang='lat' dir='ltr'>primordio</span> <span class='ocrx_word' id='word_1_494' title='bbox 969 3528 1101 3578; x_wconf 91' lang='lat' dir='ltr'>ante</span> <span class='ocrx_word' id='word_1_495' title='bbox 1148 3521 1572 3593; x_wconf 88' lang='lat' dir='ltr'>redemptionis</span> <span class='ocrx_word' id='word_1_496' title='bbox 1619 3527 1852 3594; x_wconf 91' lang='lat' dir='ltr'>tempus</span> <span class='ocrx_word' id='word_1_497' title='bbox 1884 3523 2067 3579; x_wconf 82' lang='lat' dir='ltr'>exorti</span> 
     </span>
    </p>
   </div>
   <div class='ocr_carea' id='block_1_67' title="bbox 342 3610 2067 3684">
    <p class='ocr_par' dir='ltr' id='par_1_67' title="bbox 342 3610 2067 3684">
     <span class='ocr_line' id='line_1_67' title="bbox 342 3610 2067 3684; baseline 0.002 -17"><span class='ocrx_word' id='word_1_498' title='bbox 342 3617 498 3671; x_wconf 88' lang='lat' dir='ltr'>sunt.</span> <span class='ocrx_word' id='word_1_499' title='bbox 531 3615 589 3667; x_wconf 89' lang='lat' dir='ltr'>et</span> <span class='ocrx_word' id='word_1_500' title='bbox 618 3614 817 3666; x_wconf 88' lang='lat' dir='ltr'>tamen</span> <span class='ocrx_word' id='word_1_501' title='bbox 865 3610 1003 3667; x_wconf 90' lang='lat' dir='ltr'>huic</span> <span class='ocrx_word' id='word_1_502' title='bbox 1050 3612 1275 3669; x_wconf 89' lang='lat' dir='ltr'>mundo</span> <span class='ocrx_word' id='word_1_503' title='bbox 1315 3613 1672 3684; x_wconf 89' lang='lat' dir='ltr'>semetipsos</span> <span class='ocrx_word' id='word_1_504' title='bbox 1715 3614 2067 3670; x_wconf 84' lang='lat' dir='ltr'>mortificare</span> 
     </span>
    </p>
   </div>
   <div class='ocr_carea' id='block_1_68' title="bbox 344 3702 2066 3774">
    <p class='ocr_par' dir='ltr' id='par_1_68' title="bbox 344 3702 2066 3774">
     <span class='ocr_line' id='line_1_68' title="bbox 344 3702 2066 3774; baseline 0.002 -16"><span class='ocrx_word' id='word_1_505' title='bbox 344 3703 731 3758; x_wconf 84' lang='lat' dir='ltr'>curaverunt?</span> <span class='ocrx_word' id='word_1_506' title='bbox 753 3702 859 3768; x_wconf 87' lang='lat' dir='ltr'>Qui</span> <span class='ocrx_word' id='word_1_507' title='bbox 883 3702 1233 3774; x_wconf 62' lang='lat' dir='ltr'>conscripta</span> <span class='ocrx_word' id='word_1_508' title='bbox 1265 3702 1409 3773; x_wconf 89' lang='lat' dir='ltr'>legis</span> <span class='ocrx_word' id='word_1_509' title='bbox 1441 3703 1675 3760; x_wconf 90' lang='lat' dir='ltr'>tabulas</span> <span class='ocrx_word' id='word_1_510' title='bbox 1707 3720 1823 3761; x_wconf 92' lang='lat' dir='ltr'>non</span> <span class='ocrx_word' id='word_1_511' title='bbox 1858 3705 2066 3761; x_wconf 88' lang='lat' dir='ltr'>haben-</span> 
     </span>
    </p>
   </div>
   <div class='ocr_carea' id='block_1_69' title="bbox 343 3790 2065 3865">
    <p class='ocr_par' dir='ltr' id='par_1_69' title="bbox 343 3790 2065 3865">
     <span class='ocr_line' id='line_1_69' title="bbox 343 3790 2065 3865; baseline 0.002 -18"><span class='ocrx_word' id='word_1_512' title='bbox 343 3794 453 3861; x_wconf 87' lang='lat' dir='ltr'>tes,</span> <span class='ocrx_word' id='word_1_513' title='bbox 489 3790 655 3862; x_wconf 82' lang='lat' dir='ltr'>quasi</span> <span class='ocrx_word' id='word_1_514' title='bbox 699 3790 775 3862; x_wconf 91' lang='lat' dir='ltr'>(a)</span> <span class='ocrx_word' id='word_1_515' title='bbox 816 3791 888 3846; x_wconf 90' lang='lat' dir='ltr'>ab</span> <span class='ocrx_word' id='word_1_516' title='bbox 928 3795 1090 3849; x_wconf 89' lang='lat' dir='ltr'>utero</span> <span class='ocrx_word' id='word_1_517' title='bbox 1133 3793 1348 3848; x_wconf 87' lang='lat' dir='ltr'>mortui</span> <span class='ocrx_word' id='word_1_518' title='bbox 1388 3800 1544 3859; x_wconf 92' lang='lat' dir='ltr'>sunt,</span> <span class='ocrx_word' id='word_1_519' title='bbox 1590 3794 1728 3865; x_wconf 93' lang='lat' dir='ltr'>quia</span> <span class='ocrx_word' id='word_1_520' title='bbox 1767 3799 2065 3851; x_wconf 89' lang='lat' dir='ltr'>auctorem</span> 
     </span>
    </p>
   </div>
   <div class='ocr_carea' id='block_1_70' title="bbox 347 3880 2068 3954">
    <p class='ocr_par' dir='ltr' id='par_1_70' title="bbox 347 3880 2068 3954">
     <span class='ocr_line' id='line_1_70' title="bbox 347 3880 2068 3954; baseline 0.003 -18"><span class='ocrx_word' id='word_1_521' title='bbox 347 3896 521 3937; x_wconf 91' lang='lat' dir='ltr'>suum</span> <span class='ocrx_word' id='word_1_522' title='bbox 556 3880 805 3936; x_wconf 89' lang='lat' dir='ltr'>naturali</span> <span class='ocrx_word' id='word_1_523' title='bbox 837 3880 961 3954; x_wconf 88' lang='lat' dir='ltr'>lege</span> <span class='ocrx_word' id='word_1_524' title='bbox 994 3883 1345 3953; x_wconf 90' lang='lat' dir='ltr'>timuerunt;</span> <span class='ocrx_word' id='word_1_525' title='bbox 1370 3888 1584 3940; x_wconf 90' lang='lat' dir='ltr'>etcum</span> <span class='ocrx_word' id='word_1_526' title='bbox 1609 3888 1920 3941; x_wconf 91' lang='lat' dir='ltr'>venturum</span> <span class='ocrx_word' id='word_1_527' title='bbox 1954 3886 2068 3942; x_wconf 88' lang='lat' dir='ltr'>Me-</span> 
     </span>
    </p>
   </div>
   <div class='ocr_carea' id='block_1_71' title="bbox 340 3970 2066 4046">
    <p class='ocr_par' dir='ltr' id='par_1_71' title="bbox 340 3970 2066 4046">
     <span class='ocr_line' id='line_1_71' title="bbox 340 3970 2066 4046; baseline 0.002 -21"><span class='ocrx_word' id='word_1_528' title='bbox 340 3970 624 4027; x_wconf 85' lang='lat' dir='ltr'>diatorem</span> <span class='ocrx_word' id='word_1_529' title='bbox 667 3971 992 4041; x_wconf 89' lang='lat' dir='ltr'>crederent,</span> <span class='ocrx_word' id='word_1_530' title='bbox 1029 3974 1380 4029; x_wconf 88' lang='lat' dir='ltr'>studuerunt</span> <span class='ocrx_word' id='word_1_531' title='bbox 1420 3989 1812 4046; x_wconf 89' lang='lat' dir='ltr'>summopere,</span> <span class='ocrx_word' id='word_1_532' title='bbox 1864 3974 2066 4031; x_wconf 88' lang='lat' dir='ltr'>morti-</span> 
     </span>
    </p>
   </div>
   <div class='ocr_carea' id='block_1_72' title="bbox 338 4057 2066 4134">
    <p class='ocr_par' dir='ltr' id='par_1_72' title="bbox 338 4057 2066 4134">
     <span class='ocr_line' id='line_1_72' title="bbox 338 4057 2066 4134; baseline 0.003 -21"><span class='ocrx_word' id='word_1_533' title='bbox 338 4058 591 4114; x_wconf 84' lang='lat' dir='ltr'>ﬁcandis</span> <span class='ocrx_word' id='word_1_534' title='bbox 625 4057 1043 4130; x_wconf 89' lang='lat' dir='ltr'>voluptatibus,</span> <span class='ocrx_word' id='word_1_535' title='bbox 1077 4061 1255 4116; x_wconf 91' lang='lat' dir='ltr'>etiam</span> <span class='ocrx_word' id='word_1_536' title='bbox 1300 4078 1423 4131; x_wconf 66' lang='lat' dir='ltr'>quis</span> <span class='ocrx_word' id='word_1_537' title='bbox 1473 4063 1689 4134; x_wconf 89' lang='lat' dir='ltr'>scripto</span> <span class='ocrx_word' id='word_1_538' title='bbox 1740 4080 1855 4119; x_wconf 93' lang='lat' dir='ltr'>non</span> <span class='ocrx_word' id='word_1_539' title='bbox 1901 4078 2066 4119; x_wconf 88' lang='lat' dir='ltr'>acce-</span> 
     </span>
    </p>
   </div>
   <div class='ocr_carea' id='block_1_73' title="bbox 344 4152 2062 4223">
    <p class='ocr_par' dir='ltr' id='par_1_73' title="bbox 344 4152 2062 4223">
     <span class='ocr_line' id='line_1_73' title="bbox 344 4152 2062 4223; baseline 0.003 -20"><span class='ocrx_word' id='word_1_540' title='bbox 344 4152 554 4218; x_wconf 90' lang='lat' dir='ltr'>perant</span> <span class='ocrx_word' id='word_1_541' title='bbox 584 4153 870 4220; x_wconf 76' lang='lat' dir='ltr'>przecepta</span> <span class='ocrx_word' id='word_1_542' title='bbox 899 4165 1147 4205; x_wconf 89' lang='lat' dir='ltr'>servare.</span> <span class='ocrx_word' id='word_1_543' title='bbox 1180 4154 1437 4222; x_wconf 90' lang='lat' dir='ltr'>Tempus</span> <span class='ocrx_word' id='word_1_544' title='bbox 1478 4152 1673 4223; x_wconf 88' lang='lat' dir='ltr'>itaque</span> <span class='ocrx_word' id='word_1_545' title='bbox 1711 4152 1878 4220; x_wconf 90' lang='lat' dir='ltr'>illud,</span> <span class='ocrx_word' id='word_1_546' title='bbox 1909 4153 2062 4223; x_wconf 92' lang='lat' dir='ltr'>quod</span> 
     </span>
    </p>
   </div>
   <div class='ocr_carea' id='block_1_74' title="bbox 324 4238 2063 4313">
    <p class='ocr_par' dir='ltr' id='par_1_74' title="bbox 324 4238 2063 4313">
     <span class='ocr_line' id='line_1_74' title="bbox 324 4238 2063 4313; baseline 0.002 -19"><span class='ocrx_word' id='word_1_547' title='bbox 324 4238 496 4307; x_wconf 84' lang='lat' dir='ltr'>juxta</span> <span class='ocrx_word' id='word_1_548' title='bbox 528 4238 726 4293; x_wconf 90' lang='lat' dir='ltr'>mundi</span> <span class='ocrx_word' id='word_1_549' title='bbox 752 4238 985 4295; x_wconf 89' lang='lat' dir='ltr'>initium</span> <span class='ocrx_word' id='word_1_550' title='bbox 1020 4243 1294 4296; x_wconf 90' lang='lat' dir='ltr'>mortuos</span> <span class='ocrx_word' id='word_1_551' title='bbox 1325 4239 1461 4295; x_wconf 90' lang='lat' dir='ltr'>huic</span> <span class='ocrx_word' id='word_1_552' title='bbox 1488 4240 1704 4297; x_wconf 66' lang='lat' dir='ltr'>saeculo</span> <span class='ocrx_word' id='word_1_553' title='bbox 1738 4249 1930 4313; x_wconf 88' lang='lat' dir='ltr'>patres</span> <span class='ocrx_word' id='word_1_554' title='bbox 1961 4259 2063 4298; x_wconf 93' lang='lat' dir='ltr'>no-</span> 
     </span>
    </p>
   </div>
   <div class='ocr_carea' id='block_1_75' title="bbox 340 4329 2067 4406">
    <p class='ocr_par' dir='ltr' id='par_1_75' title="bbox 340 4329 2067 4406">
     <span class='ocr_line' id='line_1_75' title="bbox 340 4329 2067 4406; baseline 0.003 -22"><span class='ocrx_word' id='word_1_555' title='bbox 340 4334 493 4384; x_wconf 88' lang='lat' dir='ltr'>stros</span> <span class='ocrx_word' id='word_1_556' title='bbox 527 4329 785 4400; x_wconf 88' lang='lat' dir='ltr'>protulit,</span> <span class='ocrx_word' id='word_1_557' title='bbox 820 4331 984 4401; x_wconf 90' lang='lat' dir='ltr'>quasi</span> <span class='ocrx_word' id='word_1_558' title='bbox 1019 4331 1263 4388; x_wconf 89' lang='lat' dir='ltr'>abortivi</span> <span class='ocrx_word' id='word_1_559' title='bbox 1296 4335 1497 4389; x_wconf 90' lang='lat' dir='ltr'>uterus</span> <span class='ocrx_word' id='word_1_560' title='bbox 1532 4332 1659 4389; x_wconf 91' lang='lat' dir='ltr'>fuit.</span> <span class='ocrx_word' id='word_1_561' title='bbox 1694 4333 1778 4389; x_wconf 92' lang='lat' dir='ltr'>Ibi</span> <span class='ocrx_word' id='word_1_562' title='bbox 1813 4350 2067 4406; x_wconf 89' lang='lat' dir='ltr'>namque</span> 
     </span>
    </p>
   </div>
   <div class='ocr_carea' id='block_1_76' title="bbox 2177 3158 3905 3235">
    <p class='ocr_par' dir='ltr' id='par_1_76' title="bbox 2177 3158 3905 3235">
     <span class='ocr_line' id='line_1_76' title="bbox 2177 3158 3905 3235; baseline 0.003 -22"><span class='ocrx_word' id='word_1_563' title='bbox 2177 3158 2247 3213; x_wconf 92' lang='lat' dir='ltr'>ad</span> <span class='ocrx_word' id='word_1_564' title='bbox 2273 3167 2531 3230; x_wconf 87' lang='lat' dir='ltr'>apertam</span> <span class='ocrx_word' id='word_1_565' title='bbox 2554 3160 2830 3218; x_wconf 88' lang='lat' dir='ltr'>visionem</span> <span class='ocrx_word' id='word_1_566' title='bbox 2854 3162 3064 3219; x_wconf 67' lang='lat' dir='ltr'>divinas</span> <span class='ocrx_word' id='word_1_567' title='bbox 3096 3162 3417 3235; x_wconf 70' lang='lat' dir='ltr'>praesentiae</span> <span class='ocrx_word' id='word_1_568' title='bbox 3446 3180 3561 3221; x_wconf 92' lang='lat' dir='ltr'>non</span> <span class='ocrx_word' id='word_1_569' title='bbox 3594 3163 3905 3235; x_wconf 84' lang='lat' dir='ltr'>perduxit,</span> 
     </span>
    </p>
   </div>
   <div class='ocr_carea' id='block_1_77' title="bbox 2177 3249 3898 3325">
    <p class='ocr_par' dir='ltr' id='par_1_77' title="bbox 2177 3249 3898 3325">
     <span class='ocr_line' id='line_1_77' title="bbox 2177 3249 3898 3325; baseline 0.003 -22"><span class='ocrx_word' id='word_1_570' title='bbox 2177 3249 2313 3319; x_wconf 90' lang='lat' dir='ltr'>quia</span> <span class='ocrx_word' id='word_1_571' title='bbox 2361 3249 2523 3321; x_wconf 93' lang='lat' dir='ltr'>prius</span> <span class='ocrx_word' id='word_1_572' title='bbox 2554 3250 2663 3306; x_wconf 89' lang='lat' dir='ltr'>hos</span> <span class='ocrx_word' id='word_1_573' title='bbox 2695 3270 2725 3307; x_wconf 88' lang='lat' dir='ltr'>a</span> <span class='ocrx_word' id='word_1_574' title='bbox 2756 3253 2977 3310; x_wconf 91' lang='lat' dir='ltr'>mundo</span> <span class='ocrx_word' id='word_1_575' title='bbox 3027 3269 3180 3309; x_wconf 90' lang='lat' dir='ltr'>mors</span> <span class='ocrx_word' id='word_1_576' title='bbox 3229 3254 3619 3310; x_wconf 89' lang='lat' dir='ltr'>interveniens</span> <span class='ocrx_word' id='word_1_577' title='bbox 3666 3254 3898 3325; x_wconf 84' lang='lat' dir='ltr'>rapuit,</span> 
     </span>
    </p>
   </div>
   <div class='ocr_carea' id='block_1_78' title="bbox 2176 3339 3730 3413">
    <p class='ocr_par' dir='ltr' id='par_1_78' title="bbox 2176 3339 3730 3413">
     <span class='ocr_line' id='line_1_78' title="bbox 2176 3339 3730 3413; baseline 0.003 -20"><span class='ocrx_word' id='word_1_578' title='bbox 2176 3354 2352 3408; x_wconf 89' lang='lat' dir='ltr'>quam</span> <span class='ocrx_word' id='word_1_579' title='bbox 2387 3339 2696 3396; x_wconf 90' lang='lat' dir='ltr'>manifesta</span> <span class='ocrx_word' id='word_1_580' title='bbox 2728 3342 3011 3398; x_wconf 92' lang='lat' dir='ltr'>mundum</span> <span class='ocrx_word' id='word_1_581' title='bbox 3047 3342 3271 3399; x_wconf 85' lang='lat' dir='ltr'>Veritas</span> <span class='ocrx_word' id='word_1_582' title='bbox 3300 3344 3366 3413; x_wconf 79' lang='grc' dir='ltr'>(ε)</span> <span class='ocrx_word' id='word_1_583' title='bbox 3398 3342 3730 3399; x_wconf 89' lang='lat' dir='ltr'>illustravit.</span> 
     </span>
    </p>
   </div>
   <div class='ocr_carea' id='block_1_79' title="bbox 2249 3430 3899 3505">
    <p class='ocr_par' dir='ltr' id='par_1_79' title="bbox 2249 3430 3899 3505">
     <span class='ocr_line' id='line_1_79' title="bbox 2249 3430 3899 3505; baseline 0.004 -21"><span class='ocrx_word' id='word_1_584' title='bbox 2249 3430 2396 3501; x_wconf 87' lang='lat' dir='ltr'>[Vet.</span> <span class='ocrx_word' id='word_1_585' title='bbox 2439 3432 2768 3503; x_wconf 80' lang='lat' dir='ltr'>XXXVIII.]</span> <span class='ocrx_word' id='word_1_586' title='bbox 2806 3432 2895 3487; x_wconf 89' lang='lat'>65.</span> <span class='ocrx_word' id='word_1_587' title='bbox 2946 3434 3045 3489; x_wconf 89' lang='lat' dir='ltr'>Job</span> <span class='ocrx_word' id='word_1_588' title='bbox 3091 3435 3379 3505; x_wconf 64' lang='lat' dir='ltr'>praeterita</span> <span class='ocrx_word' id='word_1_589' title='bbox 3424 3449 3654 3491; x_wconf 87' lang='lat' dir='ltr'>cernens</span> <span class='ocrx_word' id='word_1_590' title='bbox 3694 3438 3746 3490; x_wconf 83' lang='lat' dir='ltr'>et</span> <span class='ocrx_word' id='word_1_591' title='bbox 3800 3436 3899 3504; x_wconf 83' lang='lat' dir='ltr'>fu-</span> 
     </span>
    </p>
   </div>
   <div class='ocr_carea' id='block_1_80' title="bbox 2175 3520 3897 3597">
    <p class='ocr_par' dir='ltr' id='par_1_80' title="bbox 2175 3520 3897 3597">
     <span class='ocr_line' id='line_1_80' title="bbox 2175 3520 3897 3597; baseline 0.002 -20"><span class='ocrx_word' id='word_1_592' title='bbox 2175 3525 2321 3587; x_wconf 89' lang='lat' dir='ltr'>tura,</span> <span class='ocrx_word' id='word_1_593' title='bbox 2354 3520 2424 3575; x_wconf 89' lang='lat' dir='ltr'>ad</span> <span class='ocrx_word' id='word_1_594' title='bbox 2453 3529 2658 3577; x_wconf 79' lang='lat' dir='ltr'>aeterna</span> <span class='ocrx_word' id='word_1_595' title='bbox 2686 3522 2932 3578; x_wconf 87' lang='lat' dir='ltr'>anhelat.</span> <span class='ocrx_word' id='word_1_596' title='bbox 2959 3554 3027 3563; x_wconf 94' lang='lat'><strong>—</strong></span> <span class='ocrx_word' id='word_1_597' title='bbox 3056 3523 3158 3579; x_wconf 90' lang='lat' dir='ltr'>Vir</span> <span class='ocrx_word' id='word_1_598' title='bbox 3198 3524 3377 3595; x_wconf 90' lang='lat' dir='ltr'>igitur</span> <span class='ocrx_word' id='word_1_599' title='bbox 3406 3529 3643 3581; x_wconf 88' lang='lat' dir='ltr'>sanctus</span> <span class='ocrx_word' id='word_1_600' title='bbox 3676 3524 3897 3597; x_wconf 88' lang='lat' dir='ltr'>spiritu</span> 
     </span>
    </p>
   </div>
   <div class='ocr_carea' id='block_1_81' title="bbox 2176 3607 3899 3681">
    <p class='ocr_par' dir='ltr' id='par_1_81' title="bbox 2176 3607 3899 3681">
     <span class='ocr_line' id='line_1_81' title="bbox 2176 3607 3899 3681; baseline 0.003 -18"><span class='ocrx_word' id='word_1_601' title='bbox 2176 3607 2517 3665; x_wconf 65' lang='lat' dir='ltr'>etet-uitatis</span> <span class='ocrx_word' id='word_1_602' title='bbox 2561 3608 2790 3681; x_wconf 89' lang='lat' dir='ltr'>plenus,</span> <span class='ocrx_word' id='word_1_603' title='bbox 2824 3626 2998 3666; x_wconf 89' lang='lat' dir='ltr'>manu</span> <span class='ocrx_word' id='word_1_604' title='bbox 3031 3610 3222 3666; x_wconf 89' lang='lat' dir='ltr'>cordis</span> <span class='ocrx_word' id='word_1_605' title='bbox 3267 3615 3477 3667; x_wconf 86' lang='lat' dir='ltr'>cuncta</span> <span class='ocrx_word' id='word_1_606' title='bbox 3518 3610 3772 3668; x_wconf 86' lang='lat' dir='ltr'>labentia</span> <span class='ocrx_word' id='word_1_607' title='bbox 3821 3613 3899 3668; x_wconf 88' lang='lat' dir='ltr'>ad</span> 
     </span>
    </p>
   </div>
   <div class='ocr_carea' id='block_1_82' title="bbox 2177 3698 3903 3775">
    <p class='ocr_par' dir='ltr' id='par_1_82' title="bbox 2177 3698 3903 3775">
     <span class='ocr_line' id='line_1_82' title="bbox 2177 3698 3903 3775; baseline 0.003 -22"><span class='ocrx_word' id='word_1_608' title='bbox 2177 3698 2521 3754; x_wconf 86' lang='lat' dir='ltr'>memoriam</span> <span class='ocrx_word' id='word_1_609' title='bbox 2581 3699 2890 3773; x_wconf 86' lang='lat' dir='ltr'>astringit;</span> <span class='ocrx_word' id='word_1_610' title='bbox 2940 3704 2993 3757; x_wconf 86' lang='lat' dir='ltr'>et</span> <span class='ocrx_word' id='word_1_611' title='bbox 3051 3702 3191 3773; x_wconf 89' lang='lat' dir='ltr'>quia</span> <span class='ocrx_word' id='word_1_612' title='bbox 3247 3706 3497 3775; x_wconf 89' lang='lat' dir='ltr'>angusta</span> <span class='ocrx_word' id='word_1_613' title='bbox 3552 3707 3642 3759; x_wconf 91' lang='lat' dir='ltr'>est</span> <span class='ocrx_word' id='word_1_614' title='bbox 3699 3702 3903 3759; x_wconf 84' lang='lat' dir='ltr'>omnis</span> 
     </span>
    </p>
   </div>
   <div class='ocr_carea' id='block_1_83' title="bbox 2175 3790 3904 3865">
    <p class='ocr_par' dir='ltr' id='par_1_83' title="bbox 2175 3790 3904 3865">
     <span class='ocr_line' id='line_1_83' title="bbox 2175 3790 3904 3865; baseline 0.005 -22"><span class='ocrx_word' id='word_1_615' title='bbox 2175 3793 2441 3845; x_wconf 89' lang='lat' dir='ltr'>creatura</span> <span class='ocrx_word' id='word_1_616' title='bbox 2470 3790 2734 3857; x_wconf 90' lang='lat' dir='ltr'>creatori,</span> <span class='ocrx_word' id='word_1_617' title='bbox 2760 3805 2862 3863; x_wconf 92' lang='lat' dir='ltr'>per</span> <span class='ocrx_word' id='word_1_618' title='bbox 2891 3792 3161 3849; x_wconf 88' lang='lat' dir='ltr'>eumdem</span> <span class='ocrx_word' id='word_1_619' title='bbox 3191 3791 3488 3864; x_wconf 90' lang='lat' dir='ltr'>spiritum,</span> <span class='ocrx_word' id='word_1_620' title='bbox 3516 3794 3617 3865; x_wconf 89' lang='lat' dir='ltr'>qui</span> <span class='ocrx_word' id='word_1_621' title='bbox 3642 3793 3721 3865; x_wconf 89' lang='lat' dir='ltr'>(d)</span> <span class='ocrx_word' id='word_1_622' title='bbox 3748 3794 3904 3851; x_wconf 88' lang='lat' dir='ltr'>nihil</span> 
     </span>
    </p>
   </div>
   <div class='ocr_carea' id='block_1_84' title="bbox 2174 3876 3903 3955">
    <p class='ocr_par' dir='ltr' id='par_1_84' title="bbox 2174 3876 3903 3955">
     <span class='ocr_line' id='line_1_84' title="bbox 2174 3876 3903 3955; baseline 0.006 -23"><span class='ocrx_word' id='word_1_623' title='bbox 2174 3876 2233 3932; x_wconf 90' lang='lat' dir='ltr'>in</span> <span class='ocrx_word' id='word_1_624' title='bbox 2266 3895 2328 3935; x_wconf 88' lang='lat' dir='ltr'>se</span> <span class='ocrx_word' id='word_1_625' title='bbox 2360 3878 2443 3935; x_wconf 90' lang='lat' dir='ltr'>vel</span> <span class='ocrx_word' id='word_1_626' title='bbox 2468 3880 2639 3951; x_wconf 83' lang='lat' dir='ltr'>juxta</span> <span class='ocrx_word' id='word_1_627' title='bbox 2669 3896 2731 3936; x_wconf 90' lang='lat' dir='ltr'>se</span> <span class='ocrx_word' id='word_1_628' title='bbox 2762 3880 2945 3946; x_wconf 87' lang='lat' dir='ltr'>aliud,</span> <span class='ocrx_word' id='word_1_629' title='bbox 2977 3881 3091 3939; x_wconf 89' lang='lat' dir='ltr'>nisi</span> <span class='ocrx_word' id='word_1_630' title='bbox 3131 3898 3363 3955; x_wconf 87' lang='lat' dir='ltr'>semper</span> <span class='ocrx_word' id='word_1_631' title='bbox 3392 3898 3514 3940; x_wconf 88' lang='lat' dir='ltr'>esse</span> <span class='ocrx_word' id='word_1_632' title='bbox 3555 3883 3749 3950; x_wconf 89' lang='lat' dir='ltr'>habet,</span> <span class='ocrx_word' id='word_1_633' title='bbox 3783 3883 3903 3941; x_wconf 87' lang='lat' dir='ltr'>hoc</span> 
     </span>
    </p>
   </div>
   <div class='ocr_carea' id='block_1_85' title="bbox 2176 3969 3903 4045">
    <p class='ocr_par' dir='ltr' id='par_1_85' title="bbox 2176 3969 3903 4045">
     <span class='ocr_line' id='line_1_85' title="bbox 2176 3969 3903 4045; baseline 0.003 -23"><span class='ocrx_word' id='word_1_634' title='bbox 2176 3969 2329 4039; x_wconf 91' lang='lat' dir='ltr'>quod</span> <span class='ocrx_word' id='word_1_635' title='bbox 2380 3969 2507 4039; x_wconf 90' lang='lat' dir='ltr'>erit,</span> <span class='ocrx_word' id='word_1_636' title='bbox 2558 3969 2666 4025; x_wconf 92' lang='lat' dir='ltr'>hoc</span> <span class='ocrx_word' id='word_1_637' title='bbox 2712 3972 2865 4042; x_wconf 93' lang='lat' dir='ltr'>quod</span> <span class='ocrx_word' id='word_1_638' title='bbox 2914 3973 3214 4043; x_wconf 64' lang='lat' dir='ltr'>praeteriit,</span> <span class='ocrx_word' id='word_1_639' title='bbox 3256 3972 3578 4045; x_wconf 89' lang='lat' dir='ltr'>conspicit;</span> <span class='ocrx_word' id='word_1_640' title='bbox 3618 3988 3683 4026; x_wconf 89' lang='lat' dir='ltr'>ac</span> <span class='ocrx_word' id='word_1_641' title='bbox 3729 3971 3903 4027; x_wconf 82' lang='lat' dir='ltr'>infra</span> 
     </span>
    </p>
   </div>
   <div class='ocr_carea' id='block_1_86' title="bbox 2174 4059 3901 4134">
    <p class='ocr_par' dir='ltr' id='par_1_86' title="bbox 2174 4059 3901 4134">
     <span class='ocr_line' id='line_1_86' title="bbox 2174 4059 3901 4134; baseline 0.002 -22"><span class='ocrx_word' id='word_1_642' title='bbox 2174 4074 2468 4129; x_wconf 86' lang='lat' dir='ltr'>supraque</span> <span class='ocrx_word' id='word_1_643' title='bbox 2513 4061 2732 4116; x_wconf 90' lang='lat' dir='ltr'>mentis</span> <span class='ocrx_word' id='word_1_644' title='bbox 2772 4059 3001 4118; x_wconf 90' lang='lat' dir='ltr'>oculum</span> <span class='ocrx_word' id='word_1_645' title='bbox 3042 4062 3253 4134; x_wconf 87' lang='lat' dir='ltr'>tendit,</span> <span class='ocrx_word' id='word_1_646' title='bbox 3288 4066 3346 4118; x_wconf 91' lang='lat' dir='ltr'>et</span> <span class='ocrx_word' id='word_1_647' title='bbox 3383 4060 3659 4119; x_wconf 86' lang='lat' dir='ltr'>venientia</span> <span class='ocrx_word' id='word_1_648' title='bbox 3697 4060 3901 4115; x_wconf 86' lang='lat' dir='ltr'>veluti</span> 
     </span>
    </p>
   </div>
   <div class='ocr_carea' id='block_1_87' title="bbox 2182 4148 3913 4222">
    <p class='ocr_par' dir='ltr' id='par_1_87' title="bbox 2182 4148 3913 4222">
     <span class='ocr_line' id='line_1_87' title="bbox 2182 4148 3913 4222; baseline 0.002 -20"><span class='ocrx_word' id='word_1_649' title='bbox 2182 4152 2476 4205; x_wconf 90' lang='lat' dir='ltr'>transacta</span> <span class='ocrx_word' id='word_1_650' title='bbox 2512 4151 2912 4222; x_wconf 87' lang='lat' dir='ltr'>considerans,</span> <span class='ocrx_word' id='word_1_651' title='bbox 2947 4151 3021 4207; x_wconf 92' lang='lat' dir='ltr'>ad</span> <span class='ocrx_word' id='word_1_652' title='bbox 3060 4157 3340 4208; x_wconf 67' lang='lat' dir='ltr'>aeternum</span> <span class='ocrx_word' id='word_1_653' title='bbox 3384 4167 3511 4208; x_wconf 90' lang='lat' dir='ltr'>esse</span> <span class='ocrx_word' id='word_1_654' title='bbox 3548 4148 3913 4207; x_wconf 84' lang='lat' dir='ltr'>medullitus</span> 
     </span>
    </p>
   </div>
   <div class='ocr_carea' id='block_1_88' title="bbox 2178 4237 3907 4309">
    <p class='ocr_par' dir='ltr' id='par_1_88' title="bbox 2178 4237 3907 4309">
     <span class='ocr_line' id='line_1_88' title="bbox 2178 4237 3907 4309; baseline 0.004 -18"><span class='ocrx_word' id='word_1_655' title='bbox 2178 4237 2511 4309; x_wconf 88' lang='lat' dir='ltr'>inardescit,</span> <span class='ocrx_word' id='word_1_656' title='bbox 2572 4240 2770 4296; x_wconf 89' lang='lat' dir='ltr'>dicens</span> <span class='ocrx_word' id='word_1_657' title='bbox 2833 4256 2846 4295; x_wconf 89' lang='lat'><strong>:</strong></span> <span class='ocrx_word' id='word_1_658' title='bbox 2908 4241 3064 4297; x_wconf 86' lang='lat' dir='ltr'>Nunc</span> <span class='ocrx_word' id='word_1_659' title='bbox 3118 4244 3266 4297; x_wconf 89' lang='lat' dir='ltr'>enim</span> <span class='ocrx_word' id='word_1_660' title='bbox 3325 4242 3598 4298; x_wconf 86' lang='lat' dir='ltr'>dormiens</span> <span class='ocrx_word' id='word_1_661' title='bbox 3654 4240 3907 4298; x_wconf 87' lang='lat' dir='ltr'>silerem.</span> 
     </span>
    </p>
   </div>
   <div class='ocr_carea' id='block_1_89' title="bbox 2176 4328 3913 4404">
    <p class='ocr_par' dir='ltr' id='par_1_89' title="bbox 2176 4328 3913 4404">
     <span class='ocr_line' id='line_1_89' title="bbox 2176 4328 3913 4404; baseline 0.001 -20"><span class='ocrx_word' id='word_1_662' title='bbox 2176 4328 2334 4384; x_wconf 87' lang='lat' dir='ltr'>Nunc</span> <span class='ocrx_word' id='word_1_663' title='bbox 2374 4328 2531 4383; x_wconf 90' lang='lat' dir='ltr'>enim</span> <span class='ocrx_word' id='word_1_664' title='bbox 2564 4330 2868 4401; x_wconf 54' lang='lat' dir='ltr'>praesentis</span> <span class='ocrx_word' id='word_1_665' title='bbox 2900 4338 2989 4387; x_wconf 89' lang='lat' dir='ltr'>est</span> <span class='ocrx_word' id='word_1_666' title='bbox 3018 4333 3316 4403; x_wconf 90' lang='lat' dir='ltr'>temporis.</span> <span class='ocrx_word' id='word_1_667' title='bbox 3348 4332 3417 4387; x_wconf 87' lang='lat' dir='ltr'>Et</span> <span class='ocrx_word' id='word_1_668' title='bbox 3447 4331 3585 4404; x_wconf 91' lang='lat' dir='ltr'>quid</span> <span class='ocrx_word' id='word_1_669' title='bbox 3617 4340 3703 4386; x_wconf 89' lang='lat' dir='ltr'>est</span> <span class='ocrx_word' id='word_1_670' title='bbox 3731 4334 3913 4386; x_wconf 85' lang='lat' dir='ltr'>stan-</span> 
     </span>
    </p>
   </div>
   <div class='ocr_carea' id='block_1_90' title="bbox 337 4414 3900 4495">
    <p class='ocr_par' dir='ltr' id='par_1_90' title="bbox 337 4414 3900 4495">
     <span class='ocr_line' id='line_1_90' title="bbox 337 4414 3900 4495; baseline 0.001 -24"><span class='ocrx_word' id='word_1_671' title='bbox 337 4416 497 4482; x_wconf 82' lang='lat' dir='ltr'>Abel,</span> <span class='ocrx_word' id='word_1_672' title='bbox 529 4418 629 4488; x_wconf 91' lang='lat' dir='ltr'>qui</span> <span class='ocrx_word' id='word_1_673' title='bbox 673 4420 959 4475; x_wconf 91' lang='lat' dir='ltr'>occidenti</span> <span class='ocrx_word' id='word_1_674' title='bbox 1014 4436 1075 4477; x_wconf 91' lang='lat' dir='ltr'>se</span> <span class='ocrx_word' id='word_1_675' title='bbox 1122 4422 1284 4477; x_wconf 81' lang='lat' dir='ltr'>fratri</span> <span class='ocrx_word' id='word_1_676' title='bbox 1337 4423 1622 4479; x_wconf 87' lang='lat' dir='ltr'>restitisse</span> <span class='ocrx_word' id='word_1_677' title='bbox 1673 4439 1790 4479; x_wconf 94' lang='lat' dir='ltr'>non</span> <span class='ocrx_word' id='word_1_678' title='bbox 1843 4423 2058 4495; x_wconf 90' lang='lat' dir='ltr'>legitur</span> <span class='ocrx_word' id='word_1_679' title='bbox 2088 4414 2143 4483; x_wconf 93' lang='lat' dir='ltr'><strong>D</strong></span> <span class='ocrx_word' id='word_1_680' title='bbox 2178 4422 2295 4475; x_wconf 85' lang='lat' dir='ltr'>tem</span> <span class='ocrx_word' id='word_1_681' title='bbox 2345 4434 2576 4490; x_wconf 88' lang='lat' dir='ltr'>semper</span> <span class='ocrx_word' id='word_1_682' title='bbox 2621 4418 2681 4474; x_wconf 92' lang='lat' dir='ltr'>in</span> <span class='ocrx_word' id='word_1_683' title='bbox 2727 4421 2992 4490; x_wconf 62' lang='lat' dir='ltr'>praesenti</span> <span class='ocrx_word' id='word_1_684' title='bbox 3044 4422 3300 4492; x_wconf 89' lang='lat' dir='ltr'>quietem</span> <span class='ocrx_word' id='word_1_685' title='bbox 3348 4435 3628 4493; x_wconf 78' lang='lat' dir='ltr'>quaerere,</span> <span class='ocrx_word' id='word_1_686' title='bbox 3659 4418 3776 4475; x_wconf 87' lang='lat' dir='ltr'>nisi</span> <span class='ocrx_word' id='word_1_687' title='bbox 3824 4419 3900 4476; x_wconf 89' lang='lat' dir='ltr'>ad</span> 
     </span>
    </p>
   </div>
   <div class='ocr_carea' id='block_1_91' title="bbox 338 4505 2064 4583">
    <p class='ocr_par' dir='ltr' id='par_1_91' title="bbox 338 4505 2064 4583">
     <span class='ocr_line' id='line_1_91' title="bbox 338 4505 2064 4583; baseline 0.005 -22"><span class='ocrx_word' id='word_1_688' title='bbox 338 4505 547 4579; x_wconf 80' lang='lat' dir='ltr'>(Cenes.</span> <span class='ocrx_word' id='word_1_689' title='bbox 580 4522 655 4576; x_wconf 80' lang='grc' dir='ltr'>ιν,</span> <span class='ocrx_word' id='word_1_690' title='bbox 683 4508 739 4575; x_wconf 90' lang='grc'>8,</span> <span class='ocrx_word' id='word_1_691' title='bbox 771 4508 884 4576; x_wconf 78' lang='grc'><strong>24).</strong></span> <span class='ocrx_word' id='word_1_692' title='bbox 929 4508 1018 4563; x_wconf 93' lang='lat' dir='ltr'>Ibi</span> <span class='ocrx_word' id='word_1_693' title='bbox 1052 4509 1268 4572; x_wconf 87' lang='lat' dir='ltr'>Enoch.</span> <span class='ocrx_word' id='word_1_694' title='bbox 1302 4511 1404 4583; x_wconf 90' lang='lat' dir='ltr'>qui</span> <span class='ocrx_word' id='word_1_695' title='bbox 1450 4513 1625 4568; x_wconf 90' lang='lat' dir='ltr'>talem</span> <span class='ocrx_word' id='word_1_696' title='bbox 1674 4528 1736 4569; x_wconf 91' lang='lat' dir='ltr'>sc</span> <span class='ocrx_word' id='word_1_697' title='bbox 1780 4512 2064 4582; x_wconf 91' lang='lat' dir='ltr'>exhibuit,</span> 
     </span>
    </p>
   </div>
   <div class='ocr_carea' id='block_1_92' title="bbox 342 4594 2064 4673">
    <p class='ocr_par' dir='ltr' id='par_1_92' title="bbox 342 4594 2064 4673">
     <span class='ocr_line' id='line_1_92' title="bbox 342 4594 2064 4673; baseline 0.004 -22"><span class='ocrx_word' id='word_1_698' title='bbox 342 4600 407 4651; x_wconf 91' lang='lat' dir='ltr'>ut</span> <span class='ocrx_word' id='word_1_699' title='bbox 439 4594 847 4651; x_wconf 87' lang='lat' dir='ltr'>ambulaturus</span> <span class='ocrx_word' id='word_1_700' title='bbox 878 4613 1022 4652; x_wconf 91' lang='lat' dir='ltr'>cum</span> <span class='ocrx_word' id='word_1_701' title='bbox 1058 4599 1302 4658; x_wconf 91' lang='lat' dir='ltr'>Domino</span> <span class='ocrx_word' id='word_1_702' title='bbox 1332 4603 1747 4659; x_wconf 82' lang='lat' dir='ltr'>transferretur</span> <span class='ocrx_word' id='word_1_703' title='bbox 1779 4603 1986 4673; x_wconf 88' lang='lat' dir='ltr'>(Cenes.</span> <span class='ocrx_word' id='word_1_704' title='bbox 2009 4620 2064 4672; x_wconf 86' lang='lat' dir='ltr'>v,</span> 
     </span>
    </p>
   </div>
   <div class='ocr_carea' id='block_1_93' title="bbox 345 4676 2068 4756">
    <p class='ocr_par' dir='ltr' id='par_1_93' title="bbox 345 4676 2068 4756">
     <span class='ocr_line' id='line_1_93' title="bbox 345 4676 2068 4756; baseline 0.007 -24"><span class='ocrx_word' id='word_1_705' title='bbox 345 4679 439 4744; x_wconf 89' lang='lat'>22,</span> <span class='ocrx_word' id='word_1_706' title='bbox 471 4676 583 4747; x_wconf 74' lang='lat' dir='ltr'>2i).</span> <span class='ocrx_word' id='word_1_707' title='bbox 620 4677 704 4733; x_wconf 87' lang='lat' dir='ltr'>ibi</span> <span class='ocrx_word' id='word_1_708' title='bbox 736 4677 875 4745; x_wconf 88' lang='lat' dir='ltr'>Noe,</span> <span class='ocrx_word' id='word_1_709' title='bbox 908 4680 1010 4750; x_wconf 92' lang='lat' dir='ltr'>qui</span> <span class='ocrx_word' id='word_1_710' title='bbox 1059 4697 1157 4753; x_wconf 92' lang='lat' dir='ltr'>per</span> <span class='ocrx_word' id='word_1_711' title='bbox 1208 4683 1313 4740; x_wconf 91' lang='lat' dir='ltr'>hoc</span> <span class='ocrx_word' id='word_1_712' title='bbox 1364 4687 1519 4756; x_wconf 90' lang='lat' dir='ltr'>quod</span> <span class='ocrx_word' id='word_1_713' title='bbox 1569 4687 1765 4745; x_wconf 91' lang='lat' dir='ltr'>divino</span> <span class='ocrx_word' id='word_1_714' title='bbox 1814 4688 2068 4745; x_wconf 90' lang='lat' dir='ltr'>examini</span> 
     </span>
    </p>
   </div>
   <div class='ocr_carea' id='block_1_94' title="bbox 353 4767 2068 4849">
    <p class='ocr_par' dir='ltr' id='par_1_94' title="bbox 353 4767 2068 4849">
     <span class='ocr_line' id='line_1_94' title="bbox 353 4767 2068 4849; baseline 0.007 -27"><span class='ocrx_word' id='word_1_715' title='bbox 353 4767 589 4841; x_wconf 87' lang='lat' dir='ltr'>placuit,</span> <span class='ocrx_word' id='word_1_716' title='bbox 606 4768 679 4840; x_wconf 87' lang='lat' dir='ltr'>(b)</span> <span class='ocrx_word' id='word_1_717' title='bbox 705 4767 765 4824; x_wconf 91' lang='lat' dir='ltr'>in</span> <span class='ocrx_word' id='word_1_718' title='bbox 790 4770 1009 4827; x_wconf 90' lang='lat' dir='ltr'>mundo</span> <span class='ocrx_word' id='word_1_719' title='bbox 1031 4773 1249 4829; x_wconf 90' lang='lat' dir='ltr'>mundo</span> <span class='ocrx_word' id='word_1_720' title='bbox 1280 4780 1576 4846; x_wconf 88' lang='lat' dir='ltr'>superstes</span> <span class='ocrx_word' id='word_1_721' title='bbox 1601 4777 1707 4834; x_wconf 89' lang='lat' dir='ltr'>fuit</span> <span class='ocrx_word' id='word_1_722' title='bbox 1730 4777 1940 4846; x_wconf 83' lang='lat' dir='ltr'>(Cenes.</span> <span class='ocrx_word' id='word_1_723' title='bbox 1964 4795 2068 4849; x_wconf 86' lang='lat' dir='ltr'>vu,</span> 
     </span>
    </p>
   </div>
   <div class='ocr_carea' id='block_1_95' title="bbox 354 4858 2065 4938">
    <p class='ocr_par' dir='ltr' id='par_1_95' title="bbox 354 4858 2065 4938">
     <span class='ocr_line' id='line_1_95' title="bbox 354 4858 2065 4938; baseline 0.008 -24"><span class='ocrx_word' id='word_1_724' title='bbox 354 4860 471 4931; x_wconf 87' lang='lat'>23).</span> <span class='ocrx_word' id='word_1_725' title='bbox 499 4858 580 4915; x_wconf 92' lang='lat' dir='ltr'>Ibi</span> <span class='ocrx_word' id='word_1_726' title='bbox 603 4858 922 4931; x_wconf 82' lang='lat' dir='ltr'>Abraham,</span> <span class='ocrx_word' id='word_1_727' title='bbox 947 4862 1043 4934; x_wconf 91' lang='lat' dir='ltr'>qui</span> <span class='ocrx_word' id='word_1_728' title='bbox 1075 4862 1216 4919; x_wconf 90' lang='lat' dir='ltr'>dum</span> <span class='ocrx_word' id='word_1_729' title='bbox 1247 4866 1589 4938; x_wconf 90' lang='lat' dir='ltr'>peregrinus</span> <span class='ocrx_word' id='word_1_730' title='bbox 1621 4872 1709 4924; x_wconf 90' lang='lat' dir='ltr'>est</span> <span class='ocrx_word' id='word_1_731' title='bbox 1738 4869 1798 4925; x_wconf 89' lang='lat' dir='ltr'>in</span> <span class='ocrx_word' id='word_1_732' title='bbox 1830 4870 2065 4937; x_wconf 69' lang='lat' dir='ltr'>saeculo,</span> 
     </span>
    </p>
   </div>
   <div class='ocr_carea' id='block_1_96' title="bbox 354 4950 2069 5032">
    <p class='ocr_par' dir='ltr' id='par_1_96' title="bbox 354 4950 2069 5032">
     <span class='ocr_line' id='line_1_96' title="bbox 354 4950 2069 5032; baseline 0.007 -27"><span class='ocrx_word' id='word_1_733' title='bbox 354 4951 543 5006; x_wconf 85' lang='lat' dir='ltr'>factus</span> <span class='ocrx_word' id='word_1_734' title='bbox 593 4953 681 5005; x_wconf 89' lang='lat' dir='ltr'>est</span> <span class='ocrx_word' id='word_1_735' title='bbox 725 4950 949 5006; x_wconf 90' lang='lat' dir='ltr'>amicus</span> <span class='ocrx_word' id='word_1_736' title='bbox 1006 4956 1115 5008; x_wconf 93' lang='lat' dir='ltr'>Deo</span> <span class='ocrx_word' id='word_1_737' title='bbox 1144 4951 1354 5024; x_wconf 88' lang='lat' dir='ltr'>(Cenes.</span> <span class='ocrx_word' id='word_1_738' title='bbox 1389 4971 1489 5023; x_wconf 85' lang='grc' dir='ltr'>χιι,</span> <span class='ocrx_word' id='word_1_739' title='bbox 1528 4957 1599 5026; x_wconf 87' lang='grc'>1).</span> <span class='ocrx_word' id='word_1_740' title='bbox 1635 4958 1717 5012; x_wconf 91' lang='lat' dir='ltr'>Ibi</span> <span class='ocrx_word' id='word_1_741' title='bbox 1752 4958 1932 5029; x_wconf 86' lang='lat' dir='ltr'>isaac,</span> <span class='ocrx_word' id='word_1_742' title='bbox 1967 4960 2069 5032; x_wconf 89' lang='lat' dir='ltr'>qui</span> 
     </span>
    </p>
   </div>
   <div class='ocr_carea' id='block_1_97' title="bbox 356 5038 2069 5121">
    <p class='ocr_par' dir='ltr' id='par_1_97' title="bbox 356 5038 2069 5121">
     <span class='ocr_line' id='line_1_97' title="bbox 356 5038 2069 5121; baseline 0.006 -26"><span class='ocrx_word' id='word_1_743' title='bbox 356 5038 739 5111; x_wconf 86' lang='lat' dir='ltr'>caligantibus</span> <span class='ocrx_word' id='word_1_744' title='bbox 769 5040 961 5098; x_wconf 91' lang='lat' dir='ltr'>carnis</span> <span class='ocrx_word' id='word_1_745' title='bbox 993 5040 1200 5109; x_wconf 90' lang='lat' dir='ltr'>oculis,</span> <span class='ocrx_word' id='word_1_746' title='bbox 1235 5058 1336 5113; x_wconf 91' lang='lat' dir='ltr'>per</span> <span class='ocrx_word' id='word_1_747' title='bbox 1376 5048 1612 5100; x_wconf 66' lang='lat' dir='ltr'>aetatem</span> <span class='ocrx_word' id='word_1_748' title='bbox 1644 5046 1881 5117; x_wconf 88' lang='lat' dir='ltr'>quidem</span> <span class='ocrx_word' id='word_1_749' title='bbox 1924 5065 2069 5121; x_wconf 71' lang='lat' dir='ltr'>prte-</span> 
     </span>
    </p>
   </div>
   <div class='ocr_carea' id='block_1_98' title="bbox 353 5130 2071 5211">
    <p class='ocr_par' dir='ltr' id='par_1_98' title="bbox 353 5130 2071 5211">
     <span class='ocr_line' id='line_1_98' title="bbox 353 5130 2071 5211; baseline 0.004 -23"><span class='ocrx_word' id='word_1_750' title='bbox 353 5130 541 5188; x_wconf 89' lang='lat' dir='ltr'>sentia</span> <span class='ocrx_word' id='word_1_751' title='bbox 587 5147 702 5187; x_wconf 89' lang='lat' dir='ltr'>non</span> <span class='ocrx_word' id='word_1_752' title='bbox 750 5131 910 5200; x_wconf 89' lang='lat' dir='ltr'>vidit,</span> <span class='ocrx_word' id='word_1_753' title='bbox 946 5132 1042 5187; x_wconf 89' lang='lat' dir='ltr'>sed</span> <span class='ocrx_word' id='word_1_754' title='bbox 1096 5148 1197 5205; x_wconf 89' lang='lat' dir='ltr'>per</span> <span class='ocrx_word' id='word_1_755' title='bbox 1227 5134 1499 5191; x_wconf 90' lang='lat' dir='ltr'>virtutem</span> <span class='ocrx_word' id='word_1_756' title='bbox 1548 5138 1868 5207; x_wconf 90' lang='lat' dir='ltr'>prophetici</span> <span class='ocrx_word' id='word_1_757' title='bbox 1902 5140 2071 5211; x_wconf 89' lang='lat' dir='ltr'>spiri-</span> 
     </span>
    </p>
   </div>
   <div class='ocr_carea' id='block_1_99' title="bbox 354 5221 2070 5298">
    <p class='ocr_par' dir='ltr' id='par_1_99' title="bbox 354 5221 2070 5298">
     <span class='ocr_line' id='line_1_99' title="bbox 354 5221 2070 5298; baseline 0.006 -23"><span class='ocrx_word' id='word_1_758' title='bbox 354 5225 453 5275; x_wconf 89' lang='lat' dir='ltr'>tus</span> <span class='ocrx_word' id='word_1_759' title='bbox 484 5221 543 5275; x_wconf 91' lang='lat' dir='ltr'>in</span> <span class='ocrx_word' id='word_1_760' title='bbox 578 5222 788 5278; x_wconf 88' lang='lat' dir='ltr'>futuris</span> <span class='ocrx_word' id='word_1_761' title='bbox 820 5224 994 5279; x_wconf 89' lang='lat' dir='ltr'>etiam</span> <span class='ocrx_word' id='word_1_762' title='bbox 1037 5224 1269 5281; x_wconf 71' lang='lat' dir='ltr'>saeculis</span> <span class='ocrx_word' id='word_1_763' title='bbox 1313 5242 1523 5298; x_wconf 85' lang='lat' dir='ltr'>magna</span> <span class='ocrx_word' id='word_1_764' title='bbox 1551 5228 1785 5285; x_wconf 91' lang='lat' dir='ltr'>videndi</span> <span class='ocrx_word' id='word_1_765' title='bbox 1818 5228 1946 5285; x_wconf 89' lang='lat' dir='ltr'>luce</span> <span class='ocrx_word' id='word_1_766' title='bbox 1978 5245 2070 5285; x_wconf 89' lang='lat' dir='ltr'>ra-</span> 
     </span>
    </p>
   </div>
   <div class='ocr_carea' id='block_1_100' title="bbox 356 5307 2071 5390">
    <p class='ocr_par' dir='ltr' id='par_1_100' title="bbox 356 5307 2071 5390">
     <span class='ocr_line' id='line_1_100' title="bbox 356 5307 2071 5390; baseline 0.009 -29"><span class='ocrx_word' id='word_1_767' title='bbox 356 5307 533 5363; x_wconf 89' lang='lat' dir='ltr'>diavit</span> <span class='ocrx_word' id='word_1_768' title='bbox 578 5311 786 5377; x_wconf 87' lang='lat' dir='ltr'>(Cenes.</span> <span class='ocrx_word' id='word_1_769' title='bbox 820 5330 994 5381; x_wconf 84' lang='lat' dir='ltr'>xxvu,</span> <span class='ocrx_word' id='word_1_770' title='bbox 1031 5316 1103 5385; x_wconf 91' lang='grc'>1).</span> <span class='ocrx_word' id='word_1_771' title='bbox 1154 5316 1239 5371; x_wconf 89' lang='lat' dir='ltr'>Ibi</span> <span class='ocrx_word' id='word_1_772' title='bbox 1281 5316 1485 5386; x_wconf 87' lang='lat' dir='ltr'>Jacob,</span> <span class='ocrx_word' id='word_1_773' title='bbox 1534 5316 1636 5390; x_wconf 89' lang='lat' dir='ltr'>qui</span> <span class='ocrx_word' id='word_1_774' title='bbox 1682 5318 1829 5374; x_wconf 90' lang='lat' dir='ltr'>iram</span> <span class='ocrx_word' id='word_1_775' title='bbox 1877 5320 2071 5376; x_wconf 81' lang='lat' dir='ltr'>fratris</span> 
     </span>
    </p>
   </div>
   <div class='ocr_carea' id='block_1_101' title="bbox 431 5418 2069 5500">
    <p class='ocr_par' dir='ltr' id='par_1_101' title="bbox 431 5418 2069 5500">
     <span class='ocr_line' id='line_1_101' title="bbox 431 5418 2069 5500; baseline 0.009 -30"><span class='ocrx_word' id='word_1_776' title='bbox 431 5418 508 5487; x_wconf 89' lang='lat' dir='ltr'>(a)</span> <span class='ocrx_word' id='word_1_777' title='bbox 537 5418 629 5500; x_wconf 76' lang='lat' dir='ltr'>sic</span> <span class='ocrx_word' id='word_1_778' title='bbox 658 5418 806 5500; x_wconf 47' lang='lat' dir='ltr'>tiles.</span> <span class='ocrx_word' id='word_1_779' title='bbox 830 5420 998 5500; x_wconf 61' lang='lat' dir='ltr'>Corb.</span> <span class='ocrx_word' id='word_1_780' title='bbox 1025 5422 1242 5500; x_wconf 70' lang='lat' dir='ltr'>Germ,</span> <span class='ocrx_word' id='word_1_781' title='bbox 1276 5425 1505 5497; x_wconf 87' lang='lat' dir='ltr'>Rhem.,</span> <span class='ocrx_word' id='word_1_782' title='bbox 1530 5426 1782 5500; x_wconf 82' lang='lat' dir='ltr'>Remig.,</span> <span class='ocrx_word' id='word_1_783' title='bbox 1801 5428 2069 5500; x_wconf 90' lang='lat' dir='ltr'>Vindoc.,</span> 
     </span>
    </p>
   </div>
   <div class='ocr_carea' id='block_1_102' title="bbox 358 5488 1352 5553">
    <p class='ocr_par' dir='ltr' id='par_1_102' title="bbox 358 5488 1352 5553">
     <span class='ocr_line' id='line_1_102' title="bbox 358 5488 1352 5553; baseline 0.007 -9"><span class='ocrx_word' id='word_1_784' title='bbox 358 5491 491 5552; x_wconf 89' lang='lat' dir='ltr'>etc.,</span> <span class='ocrx_word' id='word_1_785' title='bbox 528 5488 627 5543; x_wconf 92' lang='lat' dir='ltr'>ubi</span> <span class='ocrx_word' id='word_1_786' title='bbox 658 5489 808 5544; x_wconf 88' lang='lat' dir='ltr'>Editi</span> <span class='ocrx_word' id='word_1_787' title='bbox 840 5491 1059 5548; x_wconf 88' lang='lat' dir='ltr'>habent</span> <span class='ocrx_word' id='word_1_788' title='bbox 1086 5496 1146 5549; x_wconf 85' lang='lat' dir='ltr'>in</span> <span class='ocrx_word' id='word_1_789' title='bbox 1183 5488 1352 5553; x_wconf 85' lang='lat' dir='ltr'>utero.</span> 
     </span>
    </p>
   </div>
   <div class='ocr_carea' id='block_1_103' title="bbox 430 5559 2070 5637">
    <p class='ocr_par' dir='ltr' id='par_1_103' title="bbox 430 5559 2070 5637">
     <span class='ocr_line' id='line_1_103' title="bbox 430 5559 2070 5637; baseline 0.01 -24"><span class='ocrx_word' id='word_1_790' title='bbox 430 5559 505 5631; x_wconf 90' lang='lat' dir='ltr'>(b)</span> <span class='ocrx_word' id='word_1_791' title='bbox 538 5559 732 5637; x_wconf 63' lang='lat' dir='ltr'>Germ.</span> <span class='ocrx_word' id='word_1_792' title='bbox 778 5564 847 5637; x_wconf 74' lang='lat' dir='ltr'>et_</span> <span class='ocrx_word' id='word_1_793' title='bbox 879 5565 1147 5637; x_wconf 72' lang='lat' dir='ltr'>nonnulli</span> <span class='ocrx_word' id='word_1_794' title='bbox 1187 5568 1287 5637; x_wconf 90' lang='lat' dir='ltr'>al.,</span> <span class='ocrx_word' id='word_1_795' title='bbox 1320 5570 1604 5627; x_wconf 88' lang='lat' dir='ltr'>immundo</span> <span class='ocrx_word' id='word_1_796' title='bbox 1649 5571 1871 5629; x_wconf 88' lang='lat' dir='ltr'>mundo.</span> <span class='ocrx_word' id='word_1_797' title='bbox 1903 5572 2070 5630; x_wconf 91' lang='lat' dir='ltr'>Corb.</span> 
     </span>
    </p>
   </div>
   <div class='ocr_carea' id='block_1_104' title="bbox 359 5630 2071 5716">
    <p class='ocr_par' dir='ltr' id='par_1_104' title="bbox 359 5630 2071 5716">
     <span class='ocr_line' id='line_1_104' title="bbox 359 5630 2071 5716; baseline 0.007 -26"><span class='ocrx_word' id='word_1_798' title='bbox 359 5630 578 5716; x_wconf 49' lang='grc' dir='ltr'>(ἔπαιε,</span> <span class='ocrx_word' id='word_1_799' title='bbox 612 5630 775 5716; x_wconf 61' lang='lat' dir='ltr'>Begu,</span> <span class='ocrx_word' id='word_1_800' title='bbox 810 5632 993 5716; x_wconf 71' lang='lat' dir='ltr'>Colb.,</span> <span class='ocrx_word' id='word_1_801' title='bbox 1041 5638 1101 5716; x_wconf 70' lang='lat' dir='ltr'>in</span> <span class='ocrx_word' id='word_1_802' title='bbox 1145 5630 1412 5716; x_wconf 78' lang='lat' dir='ltr'>mundum</span> <span class='ocrx_word' id='word_1_803' title='bbox 1442 5644 1575 5713; x_wconf 90' lang='lat' dir='ltr'>(hoc</span> <span class='ocrx_word' id='word_1_804' title='bbox 1606 5652 1689 5700; x_wconf 89' lang='lat' dir='ltr'>est</span> <span class='ocrx_word' id='word_1_805' title='bbox 1721 5644 1968 5703; x_wconf 84' lang='lat' dir='ltr'>fortasse</span> <span class='ocrx_word' id='word_1_806' title='bbox 2009 5644 2071 5702; x_wconf 88' lang='lat' dir='ltr'>in</span> 
     </span>
    </p>
   </div>
   <div class='ocr_carea' id='block_1_105' title="bbox 360 5704 1658 5799">
    <p class='ocr_par' dir='ltr' id='par_1_105' title="bbox 360 5704 1658 5799">
     <span class='ocr_line' id='line_1_105' title="bbox 360 5704 1658 5799; baseline 0.008 -39"><span class='ocrx_word' id='word_1_807' title='bbox 360 5704 565 5765; x_wconf 87' lang='lat' dir='ltr'>mundi</span> <span class='ocrx_word' id='word_1_808' title='bbox 596 5704 1102 5799; x_wconf 76' lang='lat' dir='ltr'>restaurationem)</span> <span class='ocrx_word' id='word_1_809' title='bbox 1130 5711 1343 5767; x_wconf 87' lang='lat' dir='ltr'>mundo</span> <span class='ocrx_word' id='word_1_810' title='bbox 1372 5704 1658 5785; x_wconf 78' lang='lat' dir='ltr'>superstes.</span> 
     </span>
    </p>
   </div>
   <div class='ocr_carea' id='block_1_106' title="bbox 2176 4506 3901 4583">
    <p class='ocr_par' dir='ltr' id='par_1_106' title="bbox 2176 4506 3901 4583">
     <span class='ocr_line' id='line_1_106' title="bbox 2176 4506 3901 4583; baseline 0.002 -21"><span class='ocrx_word' id='word_1_811' title='bbox 2176 4506 2344 4576; x_wconf 91' lang='lat' dir='ltr'>illud,</span> <span class='ocrx_word' id='word_1_812' title='bbox 2368 4508 2461 4563; x_wconf 89' lang='lat' dir='ltr'>cui</span> <span class='ocrx_word' id='word_1_813' title='bbox 2483 4507 2630 4564; x_wconf 88' lang='lat' dir='ltr'>nihil</span> <span class='ocrx_word' id='word_1_814' title='bbox 2650 4510 2827 4577; x_wconf 90' lang='lat' dir='ltr'>venit,</span> <span class='ocrx_word' id='word_1_815' title='bbox 2862 4508 3007 4565; x_wconf 89' lang='lat' dir='ltr'>nihil</span> <span class='ocrx_word' id='word_1_816' title='bbox 3040 4510 3316 4583; x_wconf 66' lang='lat' dir='ltr'>praeterit,</span> <span class='ocrx_word' id='word_1_817' title='bbox 3347 4510 3631 4582; x_wconf 88' lang='lat' dir='ltr'>gaudium</span> <span class='ocrx_word' id='word_1_818' title='bbox 3663 4508 3901 4565; x_wconf 66' lang='lat' dir='ltr'>aeterni-</span> 
     </span>
    </p>
   </div>
   <div class='ocr_carea' id='block_1_107' title="bbox 2176 4595 3905 4670">
    <p class='ocr_par' dir='ltr' id='par_1_107' title="bbox 2176 4595 3905 4670">
     <span class='ocr_line' id='line_1_107' title="bbox 2176 4595 3905 4670; baseline 0.001 -18"><span class='ocrx_word' id='word_1_819' title='bbox 2176 4596 2312 4653; x_wconf 89' lang='lat' dir='ltr'>tatis</span> <span class='ocrx_word' id='word_1_820' title='bbox 2356 4595 2675 4653; x_wconf 87' lang='lat' dir='ltr'>anhelare?</span> <span class='ocrx_word' id='word_1_821' title='bbox 2715 4596 2876 4661; x_wconf 87' lang='lat' dir='ltr'>Quod</span> <span class='ocrx_word' id='word_1_822' title='bbox 2918 4598 3200 4655; x_wconf 91' lang='lat' dir='ltr'>nimirum</span> <span class='ocrx_word' id='word_1_823' title='bbox 3230 4599 3459 4656; x_wconf 87' lang='lat' dir='ltr'>Veritas</span> <span class='ocrx_word' id='word_1_824' title='bbox 3499 4615 3733 4670; x_wconf 87' lang='lat' dir='ltr'>semper</span> <span class='ocrx_word' id='word_1_825' title='bbox 3770 4613 3905 4654; x_wconf 86' lang='lat' dir='ltr'>esse</span> 
     </span>
    </p>
   </div>
   <div class='ocr_carea' id='block_1_108' title="bbox 2177 4688 3904 4763">
    <p class='ocr_par' dir='ltr' id='par_1_108' title="bbox 2177 4688 3904 4763">
     <span class='ocr_line' id='line_1_108' title="bbox 2177 4688 3904 4763; baseline -0.002 -17"><span class='ocrx_word' id='word_1_826' title='bbox 2177 4704 2374 4754; x_wconf 90' lang='lat' dir='ltr'>suum,</span> <span class='ocrx_word' id='word_1_827' title='bbox 2392 4692 2455 4744; x_wconf 88' lang='lat' dir='ltr'>ut</span> <span class='ocrx_word' id='word_1_828' title='bbox 2481 4688 2987 4762; x_wconf 88' lang='lat' dir='ltr'>nobis,utcunque</span> <span class='ocrx_word' id='word_1_829' title='bbox 3016 4690 3581 4763; x_wconf 80' lang='lat' dir='ltr'>infunderet,Moyse</span> <span class='ocrx_word' id='word_1_830' title='bbox 3603 4688 3904 4745; x_wconf 86' lang='lat' dir='ltr'>mediante</span> 
     </span>
    </p>
   </div>
   <div class='ocr_carea' id='block_1_109' title="bbox 2177 4778 3908 4853">
    <p class='ocr_par' dir='ltr' id='par_1_109' title="bbox 2177 4778 3908 4853">
     <span class='ocr_line' id='line_1_109' title="bbox 2177 4778 3908 4853; baseline 0 -18"><span class='ocrx_word' id='word_1_831' title='bbox 2177 4780 2461 4846; x_wconf 89' lang='lat' dir='ltr'>insinuat,</span> <span class='ocrx_word' id='word_1_832' title='bbox 2494 4780 2692 4836; x_wconf 90' lang='lat' dir='ltr'>dicens</span> <span class='ocrx_word' id='word_1_833' title='bbox 2733 4793 2746 4836; x_wconf 92' lang='lat'><strong>:</strong></span> <span class='ocrx_word' id='word_1_834' title='bbox 2789 4781 2900 4849; x_wconf 83' lang='lat' dir='ltr'>Ego</span> <span class='ocrx_word' id='word_1_835' title='bbox 2943 4797 3067 4837; x_wconf 86' lang='lat' dir='ltr'>sum</span> <span class='ocrx_word' id='word_1_836' title='bbox 3118 4784 3214 4853; x_wconf 91' lang='lat' dir='ltr'>qui</span> <span class='ocrx_word' id='word_1_837' title='bbox 3258 4799 3401 4838; x_wconf 91' lang='lat' dir='ltr'>sum.</span> <span class='ocrx_word' id='word_1_838' title='bbox 3453 4782 3518 4837; x_wconf 87' lang='lat' dir='ltr'>Et</span> <span class='ocrx_word' id='word_1_839' title='bbox 3566 4780 3711 4837; x_wconf 87' lang='lat' dir='ltr'>dices</span> <span class='ocrx_word' id='word_1_840' title='bbox 3756 4778 3908 4850; x_wconf 79' lang='lat' dir='ltr'>ﬁliis</span> 
     </span>
    </p>
   </div>
   <div class='ocr_carea' id='block_1_110' title="bbox 2175 4868 3909 4942">
    <p class='ocr_par' dir='ltr' id='par_1_110' title="bbox 2175 4868 3909 4942">
     <span class='ocr_line' id='line_1_110' title="bbox 2175 4868 3909 4942; baseline 0.001 -19"><span class='ocrx_word' id='word_1_841' title='bbox 2175 4868 2397 4924; x_wconf 88' lang='lat' dir='ltr'>Israel:</span> <span class='ocrx_word' id='word_1_842' title='bbox 2431 4869 2536 4937; x_wconf 83' lang='lat' dir='ltr'>Qui</span> <span class='ocrx_word' id='word_1_843' title='bbox 2562 4873 2658 4938; x_wconf 89' lang='lat' dir='ltr'>est,</span> <span class='ocrx_word' id='word_1_844' title='bbox 2706 4872 2866 4927; x_wconf 87' lang='lat' dir='ltr'>misit</span> <span class='ocrx_word' id='word_1_845' title='bbox 2906 4887 2991 4927; x_wconf 86' lang='lat' dir='ltr'>me</span> <span class='ocrx_word' id='word_1_846' title='bbox 3035 4873 3109 4927; x_wconf 84' lang='lat' dir='ltr'>ad</span> <span class='ocrx_word' id='word_1_847' title='bbox 3151 4887 3245 4929; x_wconf 82' lang='lat' dir='ltr'>vos</span> <span class='ocrx_word' id='word_1_848' title='bbox 3274 4870 3479 4942; x_wconf 69' lang='lat' dir='ltr'>(Exod.</span> <span class='ocrx_word' id='word_1_849' title='bbox 3515 4888 3599 4941; x_wconf 84' lang='grc' dir='ltr'>ιιι,</span> <span class='ocrx_word' id='word_1_850' title='bbox 3635 4868 3747 4942; x_wconf 73' lang='grc'><strong>14).</strong></span> <span class='ocrx_word' id='word_1_851' title='bbox 3786 4869 3909 4925; x_wconf 83' lang='lat' dir='ltr'>Sed</span> 
     </span>
    </p>
   </div>
   <div class='ocr_carea' id='block_1_111' title="bbox 2178 4956 3907 5031">
    <p class='ocr_par' dir='ltr' id='par_1_111' title="bbox 2178 4956 3907 5031">
     <span class='ocr_line' id='line_1_111' title="bbox 2178 4956 3907 5031; baseline -0.001 -16"><span class='ocrx_word' id='word_1_852' title='bbox 2178 4973 2332 5024; x_wconf 89' lang='lat' dir='ltr'>ecce,</span> <span class='ocrx_word' id='word_1_853' title='bbox 2365 4956 2503 5028; x_wconf 85' lang='lat' dir='ltr'>quia</span> <span class='ocrx_word' id='word_1_854' title='bbox 2545 4957 2801 5013; x_wconf 91' lang='lat' dir='ltr'>labentia</span> <span class='ocrx_word' id='word_1_855' title='bbox 2841 4960 3146 5031; x_wconf 90' lang='lat' dir='ltr'>conspicit,</span> <span class='ocrx_word' id='word_1_856' title='bbox 3178 4960 3317 5031; x_wconf 87' lang='lat' dir='ltr'>quia</span> <span class='ocrx_word' id='word_1_857' title='bbox 3361 4975 3591 5031; x_wconf 89' lang='lat' dir='ltr'>semper</span> <span class='ocrx_word' id='word_1_858' title='bbox 3633 4972 3907 5030; x_wconf 63' lang='lat' dir='ltr'>presens</span> 
     </span>
    </p>
   </div>
   <div class='ocr_carea' id='block_1_112' title="bbox 2180 5047 3906 5121">
    <p class='ocr_par' dir='ltr' id='par_1_112' title="bbox 2180 5047 3906 5121">
     <span class='ocr_line' id='line_1_112' title="bbox 2180 5047 3906 5121; baseline 0.001 -17"><span class='ocrx_word' id='word_1_859' title='bbox 2180 5047 2455 5121; x_wconf 90' lang='lat' dir='ltr'>gaudium</span> <span class='ocrx_word' id='word_1_860' title='bbox 2488 5047 2717 5119; x_wconf 74' lang='lat' dir='ltr'>quaerit,</span> <span class='ocrx_word' id='word_1_861' title='bbox 2750 5048 2891 5121; x_wconf 90' lang='lat' dir='ltr'>quia</span> <span class='ocrx_word' id='word_1_862' title='bbox 2917 5053 3171 5105; x_wconf 65' lang='lat' dir='ltr'>ventura:</span> <span class='ocrx_word' id='word_1_863' title='bbox 3212 5049 3363 5106; x_wconf 91' lang='lat' dir='ltr'>lucis</span> <span class='ocrx_word' id='word_1_864' title='bbox 3408 5054 3724 5113; x_wconf 87' lang='lat' dir='ltr'>memorat,</span> <span class='ocrx_word' id='word_1_865' title='bbox 3755 5049 3906 5121; x_wconf 75' lang='lat' dir='ltr'>quia</span> 
     </span>
    </p>
   </div>
   <div class='ocr_carea' id='block_1_113' title="bbox 2179 5137 3903 5211">
    <p class='ocr_par' dir='ltr' id='par_1_113' title="bbox 2179 5137 3903 5211">
     <span class='ocr_line' id='line_1_113' title="bbox 2179 5137 3903 5211; baseline 0 -17"><span class='ocrx_word' id='word_1_866' title='bbox 2179 5137 2495 5194; x_wconf 90' lang='lat' dir='ltr'>electorum</span> <span class='ocrx_word' id='word_1_867' title='bbox 2548 5137 2674 5208; x_wconf 90' lang='lat' dir='ltr'>ejus</span> <span class='ocrx_word' id='word_1_868' title='bbox 2726 5138 2959 5196; x_wconf 89' lang='lat' dir='ltr'>ordines</span> <span class='ocrx_word' id='word_1_869' title='bbox 3006 5155 3358 5196; x_wconf 84' lang='lat' dir='ltr'>enumerans</span> <span class='ocrx_word' id='word_1_870' title='bbox 3408 5143 3660 5211; x_wconf 90' lang='lat' dir='ltr'>pensat:</span> <span class='ocrx_word' id='word_1_871' title='bbox 3704 5138 3903 5210; x_wconf 86' lang='lat' dir='ltr'>ipsam</span> 
     </span>
    </p>
   </div>
   <div class='ocr_carea' id='block_1_114' title="bbox 2174 5228 3909 5303">
    <p class='ocr_par' dir='ltr' id='par_1_114' title="bbox 2174 5228 3909 5303">
     <span class='ocr_line' id='line_1_114' title="bbox 2174 5228 3909 5303; baseline 0.001 -20"><span class='ocrx_word' id='word_1_872' title='bbox 2174 5230 2298 5301; x_wconf 89' lang='lat' dir='ltr'>jam</span> <span class='ocrx_word' id='word_1_873' title='bbox 2337 5229 2507 5284; x_wconf 89' lang='lat' dir='ltr'>nobis</span> <span class='ocrx_word' id='word_1_874' title='bbox 2542 5228 2799 5299; x_wconf 89' lang='lat' dir='ltr'>apertius</span> <span class='ocrx_word' id='word_1_875' title='bbox 2826 5230 3082 5303; x_wconf 90' lang='lat' dir='ltr'>quietem</span> <span class='ocrx_word' id='word_1_876' title='bbox 3119 5230 3298 5302; x_wconf 92' lang='lat' dir='ltr'>hujus</span> <span class='ocrx_word' id='word_1_877' title='bbox 3340 5231 3484 5288; x_wconf 91' lang='lat' dir='ltr'>lucis</span> <span class='ocrx_word' id='word_1_878' title='bbox 3524 5230 3810 5295; x_wconf 83' lang='lat' dir='ltr'>insinuet,</span> <span class='ocrx_word' id='word_1_879' title='bbox 3848 5234 3909 5285; x_wconf 86' lang='lat' dir='ltr'>et</span> 
     </span>
    </p>
   </div>
   <div class='ocr_carea' id='block_1_115' title="bbox 2182 5319 3909 5395">
    <p class='ocr_par' dir='ltr' id='par_1_115' title="bbox 2182 5319 3909 5395">
     <span class='ocr_line' id='line_1_115' title="bbox 2182 5319 3909 5395; baseline 0.002 -21"><span class='ocrx_word' id='word_1_880' title='bbox 2182 5319 2319 5390; x_wconf 91' lang='lat' dir='ltr'>quid</span> <span class='ocrx_word' id='word_1_881' title='bbox 2370 5321 2522 5390; x_wconf 91' lang='lat' dir='ltr'>apud</span> <span class='ocrx_word' id='word_1_882' title='bbox 2582 5319 2743 5377; x_wconf 90' lang='lat' dir='ltr'>illam</span> <span class='ocrx_word' id='word_1_883' title='bbox 2794 5321 3049 5392; x_wconf 88' lang='lat' dir='ltr'>quotidie</span> <span class='ocrx_word' id='word_1_884' title='bbox 3099 5322 3170 5379; x_wconf 88' lang='lat' dir='ltr'>de</span> <span class='ocrx_word' id='word_1_885' title='bbox 3223 5339 3531 5395; x_wconf 90' lang='lat' dir='ltr'>pravorum</span> <span class='ocrx_word' id='word_1_886' title='bbox 3588 5338 3909 5379; x_wconf 83' lang='lat' dir='ltr'>conversa-</span> 
     </span>
    </p>
   </div>
   <div class='ocr_carea' id='block_1_116' title="bbox 2251 5428 3517 5499">
    <p class='ocr_par' dir='ltr' id='par_1_116' title="bbox 2251 5428 3517 5499">
     <span class='ocr_line' id='line_1_116' title="bbox 2251 5428 3517 5499; baseline 0.003 -16"><span class='ocrx_word' id='word_1_887' title='bbox 2251 5430 2321 5497; x_wconf 81' lang='grc' dir='ltr'>(ε)</span> <span class='ocrx_word' id='word_1_888' title='bbox 2354 5428 2557 5483; x_wconf 78' lang='lat' dir='ltr'>Rhem.</span> <span class='ocrx_word' id='word_1_889' title='bbox 2592 5433 2647 5485; x_wconf 89' lang='lat' dir='ltr'>et</span> <span class='ocrx_word' id='word_1_890' title='bbox 2680 5428 2923 5499; x_wconf 84' lang='lat' dir='ltr'>Remig.,</span> <span class='ocrx_word' id='word_1_891' title='bbox 2958 5431 3163 5487; x_wconf 87' lang='lat' dir='ltr'>mundo</span> <span class='ocrx_word' id='word_1_892' title='bbox 3194 5432 3517 5489; x_wconf 85' lang='lat' dir='ltr'>illustravit.</span> 
     </span>
    </p>
   </div>
   <div class='ocr_carea' id='block_1_117' title="bbox 2252 5500 3907 5575">
    <p class='ocr_par' dir='ltr' id='par_1_117' title="bbox 2252 5500 3907 5575">
     <span class='ocr_line' id='line_1_117' title="bbox 2252 5500 3907 5575; baseline -0.001 -14"><span class='ocrx_word' id='word_1_893' title='bbox 2252 5501 2327 5575; x_wconf 79' lang='grc' dir='ltr'>(ά)</span> <span class='ocrx_word' id='word_1_894' title='bbox 2358 5500 2459 5575; x_wconf 71' lang='lat' dir='ltr'>Sic</span> <span class='ocrx_word' id='word_1_895' title='bbox 2484 5501 2623 5575; x_wconf 87' lang='lat' dir='ltr'>Mss.</span> <span class='ocrx_word' id='word_1_896' title='bbox 2659 5501 2834 5575; x_wconf 58' lang='lat' dir='ltr'>09m.</span> <span class='ocrx_word' id='word_1_897' title='bbox 2855 5505 3049 5575; x_wconf 83' lang='lat' dir='ltr'>Germ.</span> <span class='ocrx_word' id='word_1_898' title='bbox 3081 5545 3094 5569; x_wconf 92' lang='lat'>,</span> <span class='ocrx_word' id='word_1_899' title='bbox 3144 5503 3349 5560; x_wconf 76' lang='lat' dir='ltr'>Rhem.</span> <span class='ocrx_word' id='word_1_900' title='bbox 3376 5550 3390 5573; x_wconf 86' lang='lat'>,</span> <span class='ocrx_word' id='word_1_901' title='bbox 3426 5505 3652 5575; x_wconf 83' lang='lat' dir='ltr'>Remig.</span> <span class='ocrx_word' id='word_1_902' title='bbox 3682 5546 3697 5571; x_wconf 96' lang='lat'>,</span> <span class='ocrx_word' id='word_1_903' title='bbox 3727 5506 3907 5559; x_wconf 88' lang='lat' dir='ltr'>Com-</span> 
     </span>
    </p>
   </div>
   <div class='ocr_carea' id='block_1_118' title="bbox 2182 5571 3906 5647">
    <p class='ocr_par' dir='ltr' id='par_1_118' title="bbox 2182 5571 3906 5647">
     <span class='ocr_line' id='line_1_118' title="bbox 2182 5571 3906 5647; baseline 0.004 -21"><span class='ocrx_word' id='word_1_904' title='bbox 2182 5571 2660 5647; x_wconf 76' lang='lat' dir='ltr'>pend.,Vin_doc_.,</span> <span class='ocrx_word' id='word_1_905' title='bbox 2691 5572 2871 5647; x_wconf 82' lang='lat' dir='ltr'>Editis</span> <span class='ocrx_word' id='word_1_906' title='bbox 2902 5573 3254 5632; x_wconf 88' lang='lat' dir='ltr'>habentibus</span> <span class='ocrx_word' id='word_1_907' title='bbox 3283 5571 3431 5633; x_wconf 80' lang='lat' dir='ltr'>nihil</span> <span class='ocrx_word' id='word_1_908' title='bbox 3450 5594 3523 5634; x_wconf 72' lang='lat' dir='ltr'>cz</span> <span class='ocrx_word' id='word_1_909' title='bbox 3541 5571 3635 5640; x_wconf 55' lang='lat' dir='ltr'>se&quot;;</span> <span class='ocrx_word' id='word_1_910' title='bbox 3656 5580 3715 5633; x_wconf 88' lang='lat' dir='ltr'>et</span> <span class='ocrx_word' id='word_1_911' title='bbox 3738 5591 3906 5647; x_wconf 82' lang='lat' dir='ltr'>mox,</span> 
     </span>
    </p>
   </div>
   <div class='ocr_carea' id='block_1_119' title="bbox 2182 5643 3255 5719">
    <p class='ocr_par' dir='ltr' id='par_1_119' title="bbox 2182 5643 3255 5719">
     <span class='ocr_line' id='line_1_119' title="bbox 2182 5643 3255 5719; baseline 0.005 -18"><span class='ocrx_word' id='word_1_912' title='bbox 2182 5658 2339 5701; x_wconf 88' lang='lat' dir='ltr'>omne</span> <span class='ocrx_word' id='word_1_913' title='bbox 2364 5643 2503 5716; x_wconf 87' lang='lat' dir='ltr'>quod</span> <span class='ocrx_word' id='word_1_914' title='bbox 2530 5645 2660 5715; x_wconf 85' lang='lat' dir='ltr'>erit,</span> <span class='ocrx_word' id='word_1_915' title='bbox 2695 5660 2800 5717; x_wconf 92' lang='lat' dir='ltr'>pro</span> <span class='ocrx_word' id='word_1_916' title='bbox 2829 5645 2928 5703; x_wconf 84' lang='lat' dir='ltr'>hoc</span> <span class='ocrx_word' id='word_1_917' title='bbox 2955 5647 3095 5719; x_wconf 87' lang='lat' dir='ltr'>quod</span> <span class='ocrx_word' id='word_1_918' title='bbox 3125 5649 3255 5706; x_wconf 86' lang='lat' dir='ltr'>erit.</span> 
     </span>
    </p>
   </div>
  </div>
