4134 6174
284 275 413 338 6Ἶ3

1219 262 1643 328 MORALIUM
1688 268 1838 331 LIB.
1883 270 1983 331 IV.
2028 303 2107 317 —
2150 270 2227 333 ΙΝ
2273 274 2441 336 CAP.
2490 274 2566 335 Ill
2613 275 2682 335 B.
2729 274 2886 336 JOB.

3692 256 3810 352 67s

279 410 449 470 tione
478 412 556 485 ta)
590 408 804 483 agitur,
844 404 1035 463 verbis
1079 402 1575 461 manifestioribus
1610 404 1987 463 demonstret.
2022 405 2079 477 Α,
2108 409 2409 484 piscentia,
2468 427 2645 484 quam
2683 426 2797 466 non
2830 426 2960 467 mox
2993 410 3166 468 etiam
3219 415 3485 487 proprius
3543 425 3809 494 sequitur

278 504 559 575 Sequitur
590 521 604 559 :

522 582 753 639 CAPUT
786 579 1016 637 XXXIII
1050 579 1195 650 [νει.
1229 576 1440 647 XXXIX,
1476 577 1593 633 Rec.
1616 578 1778 648 XXX].

348 676 529 731 Vsus.
568 675 653 730 17.
691 705 753 715 -—
783 674 867 727 Ibi
895 672 1051 742 impii
1076 674 1426 725 cessaverunt
1465 685 1497 723 a
1533 668 1804 739 tumultu,
1838 677 1889 726 et
1922 671 1999 725 ibi

278 767 665 835 requieverunt
695 764 827 832 fessi
859 760 1067 817 robore.

351 857 442 913 66.
498 858 667 928 Impii
722 853 1129 911 Incarnationis
1187 852 1442 921 beneficio
1500 868 1533 905 a
1589 855 1751 918 gravi
1808 852 1997 909 labore

280 948 480 1018 erepti.
514 976 582 986 —
615 944 793 1001 Paulo
817 943 1093 1013 antejam
1119 941 1370 996 diximus
1397 940 1534 1011 quia
1557 941 1729 996 corda
1753 956 1994 1010 peccan-

286 1036 438 1091 tium
472 1052 575 1108 per
602 1034 713 1090 hoc
746 1033 903 1106 quod
948 1031 1226 1101 strepitus
1257 1030 1678 1087 desideriorum
1712 1032 1992 1103 possidet,

286 1124 487 1197 gravis
519 1124 933 1196 cogitationum
992 1120 1400 1192 instigantium
1434 1119 1721 1175 tumultus
1762 1122 1992 1193 premit.

286 1215 405 1273 Sed
438 1216 495 1271 in
531 1216 633 1270 hac
665 1214 815 1281 luce,
849 1229 1025 1285 quam
1061 1211 1325 1283 concepti
1358 1209 1597 1266 minime
1635 1211 1927 1278 viderunt,
1961 1229 1993 1267 a

282 1303 545 1361 tumultu
578 1320 683 1360 suo
705 1302 867 1374 impii
890 1318 1112 1358 cessare
1136 1300 1528 1373 perhibentur,
1555 1300 1694 1372 quia
1715 1300 1993 1356 nimirum

283 1395 626 1453 Mediatoris
657 1395 985 1460 adventum,
1019 1409 1191 1465 quem
1226 1396 1418 1463 patres
1450 1391 1507 1447 in
1541 1391 1665 1463 lege
1690 1391 1859 1464 positi
1893 1393 1992 1449 diu

279 1484 600 1559 praestolati
631 1489 791 1551 sunt,
824 1485 894 1540 ad
925 1484 1055 1539 vitae
1085 1498 1205 1538 suae
1236 1482 1497 1553 requiem
1518 1480 1715 1553 populi
1750 1482 1993 1552 gentiles

278 1576 655 1644 invenerunt,
690 1573 866 1632 Paulo
900 1576 1229 1642 attestante,
1262 1574 1359 1643 qui
1395 1571 1473 1626 ait
1508 1572 1693 1637 :Quod
1714 1572 1993 1644 quaerebat

277 1668 485 1735 Israel,
525 1666 619 1721 hoc
647 1682 756 1722 non
786 1673 863 1722 est
888 1668 1221 1731 consecutus,
1270 1663 1458 1719 electio
1495 1671 1680 1719 autem
1709 1666 1992 1719 consecuta

275 1760 365 1813 est
390 1758 557 1827 (Rom.
584 1773 663 1823 x1,
692 1757 774 1828 7).
809 1756 868 1812 In
902 1755 1010 1811 hac
1041 1754 1241 1826 itaque
1288 1752 1417 1809 luce
1448 1753 1615 1823 impii
1665 1769 1697 1807 a
1728 1752 1990 1809 tumultu
2021 1788 2071 1854 Β

278 1850 543 1913 cessant,
578 1848 717 1902 dum
751 1860 1153 1919 perversurum
1188 1848 1435 1911 mentes,
1468 1843 1708 1898 veritate
1739 1844 1990 1915 cognita,

276 1936 577 1994 laboriosa
611 1938 813 1993 mundi
845 1936 1133 1993 desideria
1192 1935 1441 2006 fugiunt,
1492 1938 1549 1989 et
1580 1932 1992 2005 tranquillitati

278 2026 480 2083 intimi
511 2029 731 2083 amoris
761 2026 1162 2099 acquiescunt.
1197 2028 1285 2081 An
1337 2040 1454 2081 non
1487 2025 1557 2080 ad
1603 2024 1991 2079 cessationem

278 2122 450 2173 vocat
486 2122 603 2173 Lux
657 2117 807 2189 ipsa,
861 2133 987 2188 quas
1039 2116 1119 2171 ait
1154 2132 1167 2171 :
1207 2118 1401 2172 Venite
1438 2115 1517 2170 ad
1566 2131 1651 2168 me
1691 2130 1873 2170 omnes
1904 2117 1996 2185 qui

280 2208 543 2264 laboratis
588 2214 641 2263 et
690 2209 907 2262 onerati
950 2209 1095 2272 estis,
1129 2211 1181 2260 et
1229 2221 1328 2275 ego
1368 2220 1453 2261 vos
1495 2205 1737 2275 reﬁciam
1772 2220 1784 2257 :
1821 2204 1996 2259 tollite

265 2298 481 2368 jugum
503 2313 685 2353 meum
708 2312 873 2367 super
904 2312 1011 2362 vos,
1045 2299 1095 2351 et
1123 2295 1316 2350 discite
1336 2312 1371 2349 α
1400 2310 1503 2358 me,
1537 2294 1668 2364 quia
1697 2292 1845 2347 mitis
1873 2310 1991 2347 sum

275 2394 331 2444 et
363 2387 592 2443 humilis
630 2386 806 2456 corde,
857 2396 908 2441 et
942 2388 1229 2442 invenietis
1272 2386 1513 2455 requiem
1554 2383 1846 2438 animabus
1876 2398 1991 2437 res-

277 2482 387 2534 tris
416 2496 438 2542 ;
457 2480 658 2549 jugum
687 2480 834 2533 enim
857 2493 1037 2533 meum
1085 2492 1252 2533 suave
1281 2483 1382 2540 est,
1414 2482 1467 2530 et
1508 2491 1642 2530 onus
1670 2489 1846 2529 meum
1880 2473 1993 2530 leve

272 2578 356 2624 est
382 2568 584 2638 (Muth.
615 2584 695 2632 χι,
727 2568 816 2633 28,
849 2566 1044 2637 29,30)
1074 2567 1102 2619 ?
1132 2565 1277 2631 Quid
1339 2564 1490 2619 enim
1550 2579 1721 2635 grave
1771 2562 1986 2619 mentis

276 2661 504 2713 nostra:
523 2654 1233 2726 cervicibusimponit,qui
1251 2654 1418 2708 vitari
1443 2667 1615 2708 omne
1634 2651 1991 2708 desiderium

281 2746 449 2819 quod
480 2746 773 2818 perturbat
801 2744 1061 2817 praecipit
1092 2744 1118 2798 ‘l
1150 2745 1294 2811 Quid
1314 2760 1485 2816 grave
1505 2743 1780 2812 subjectis
1798 2742 1989 2813 jubet,

280 2839 388 2911 qui
410 2838 686 2895 declinari
710 2839 998 2895 laboriosa
1018 2838 1215 2894 mundi
1238 2836 1415 2907 hujus
1439 2834 1647 2890 itinera
1670 2834 1947 2889 admonet
1966 2832 1993 2887 ‘l

280 2932 611 2984 Attestante
642 2935 835 2983 autem
870 2927 1048 2984 Paulo
1080 2925 1364 2998 apostolo,
1400 2926 1640 2981 Christus
1669 2940 1765 2994 pro
1805 2924 1992 2993 impiis

283 3027 534 3075 mortuus
562 3024 639 3074 est
670 3017 845 3089 (Rom.
880 3034 931 3086 v,
964 3018 1041 3087 6).
1077 3017 1187 3072 Sed
1250 3014 1466 3071 idcirco
1524 3014 1727 3085 dignat
1772 3020 1856 3069 est
1886 3027 1990 3083 pro

288 3108 495 3180 impiis
521 3110 649 3179 ipsa
678 3112 796 3164 Lux
827 3108 1194 3173 occumbere,
1237 3122 1307 3163 ne
1338 3105 1497 3175 impii
1531 3105 1588 3161 in
1616 3104 1984 3160 tenebrarum

285 3214 531 3254 suarum
565 3198 819 3253 tumultu
853 3205 1239 3253 remanerent.
1273 3194 1711 3267 Contempletur
1744 3209 1879 3265 ergo
1910 3192 1997 3248 vir

289 3291 536 3344 sanctus
566 3287 717 3357 quod
745 3288 866 3342 Lux
883 3285 1410 3358 perincarnationis
1427 3302 1543 3340 suae
1562 3283 1903 3357 mysterium
1927 3299 1995 3338 ex

292 3377 463 3449 gravi
492 3375 689 3432 labore
720 3376 931 3448 impios
962 3376 1150 3445 eripit,
1184 3375 1324 3429 dum
1382 3374 1453 3428 ab
1485 3389 1685 3429 eorum
1722 3372 1997 3429 cordibus

293 3465 583 3521 desideria
612 3465 914 3536 pravitatis
948 3464 1118 3535 tergit
1149 3481 1163 3531 ;
1199 3464 1621 3534 contempletur
1672 3462 1829 3533 quod
1860 3478 1997 3517 con-

288 3556 449 3609 versi
480 3554 695 3627 quique
726 3554 1007 3626 quietem,
1038 3569 1215 3626 quam
1250 3553 1543 3625 percipere
1576 3551 1634 3606 in
1680 3552 1997 3607 aeternitate

292 3643 654 3710 desiderant,
689 3643 783 3699 hic
811 3643 931 3714 jam
980 3660 1081 3716 per
1130 3641 1607 3712 tranquillitatem
1641 3640 1853 3695 mentis
1895 3640 1996 3695 de-

292 3736 559 3803 gustant,
592 3736 647 3787 et
677 3732 834 3788 dicat
866 3748 877 3786 :
911 3733 996 3787 Ibi
1026 3733 1185 3803 impii
1212 3737 1556 3788 cessaverunt
1584 3746 1616 3783 a
1644 3729 1913 3796 tumultu,
1946 3734 1998 3782 et

290 3823 374 3877 ibi
404 3822 792 3893 requieverunt
823 3824 957 3895 fessi
984 3824 1194 3879 robore.

364 3908 533 3967 13-1
570 3911 660 3967 67.
724 3911 841 3978 Quo
891 3910 1019 3981 plus
1074 3912 1135 3964 in
1191 3924 1375 3965 amore
1432 3912 1535 3964 Dei
1565 3906 1905 3974 roboramur,
1938 3923 1997 3963 eo

287 4003 467 4069 magis
496 4001 775 4071 deﬁcimus
806 4017 839 4055 a
866 4003 1091 4072 propria
1128 4003 1346 4057 virtute.
1400 4001 1521 4055 Lua:
1578 4003 1785 4054 mterna
1848 3995 1998 4052 locus

284 4098 497 4148 noster.
548 4121 617 4131 --
664 4090 881 4145 Omnes
934 4090 1090 4145 enim
1149 4090 1250 4160 qui
1309 4090 1367 4145 in
1429 4089 1535 4144 hoc
1569 4089 1786 4143 mundo
1820 4086 1996 4143 fortes

285 4186 452 4249 sunt,
488 4180 691 4236 robore
722 4180 892 4251 quasi
945 4180 1120 4236 fortes
1165 4187 1317 4246 sunt,
1354 4195 1468 4235 non
1522 4178 1725 4233 robore
1760 4175 1993 4232 defessi.

286 4268 401 4337 Qui
433 4285 566 4325 vero
595 4268 653 4324 in
678 4269 932 4325 auctoris
954 4269 1042 4324 sui
1063 4286 1258 4324 amore
1280 4269 1646 4333 roborantur,
1671 4284 1785 4338 quo
1811 4266 1997 4337 magis

287 4362 351 4417 in
384 4360 697 4433 concupita
730 4360 825 4416 Dei
858 4360 1197 4416 fortitudine
1227 4359 1665 4424 convalescunt,
1707 4375 1772 4414 eo
1806 4376 1837 4412 u
1870 4374 1996 4428 pro-

2110 500 2389 557 defectus.
2422 503 2528 566 Qui
2571 502 2723 558 enim
2765 502 2835 557 ad
2895 504 3221 573 appetenda
3278 508 3616 568 aeternitatis
3666 516 3811 571 atria

2108 590 2466 661 accenditur,
2499 592 2744 663 dignum
2778 592 3036 662 profecto
3068 597 3153 649 est
3186 599 3249 649 ut
3280 596 3350 650 ab
3382 596 3492 655 hoc
3523 603 3811 675 tempora-

2104 681 2283 737 litatis
2315 698 2511 737 amore
2543 683 2815 749 lassetur,
2850 687 2913 738 ut
2968 686 3125 739 lauto
3180 685 3450 758 frigescat
3501 690 3571 747 ab
3613 695 3809 752 studio

2105 772 2322 839 saeculi,
2360 778 2573 846 quanto
2601 774 2789 846 surgit
2818 773 3183 831 ardentiorin
3202 794 3451 835 amorem
3475 784 3592 839 Dei.
3629 787 3809 851 Quem

2105 863 2325 920 scilicet
2356 864 2399 920 si
2421 866 2668 936 perfecte
2692 864 2914 937 arripit,
2940 868 3225 922 mundum
3249 868 3422 925 etiam
3449 872 3616 942 plene
3638 877 3813 934 dere-

2105 952 2321 1025 linquit
2344 971 2357 1021 ;
2384 958 2439 1009 et
2460 970 2522 1009 eo
2549 954 2813 1009 funditus
2833 956 3257 1025 temporalibus
3277 960 3542 1031 moritur,
3560 968 3710 1034 quod
3737 970 3807 1024 ad

2104 1060 2421 1116 supernam
2452 1044 2625 1102 vitam
2661 1044 2831 1100 altius
2863 1045 3065 1101 afﬂatu
3119 1049 3459 1107 aeternitatis
3490 1055 3807 1113 animatur.

2102 1135 2187 1189 An
2220 1150 2333 1190 non
2367 1136 2570 1191 robore
2601 1152 2707 1190 suo
2732 1135 2943 1190 fessam
2967 1137 3365 1208 seinvenerat,
3395 1158 3518 1213 quae
3537 1145 3765 1202 dicebat
3794 1163 3809 1203 :

2101 1223 2304 1279 Anima
2325 1240 2445 1280 mea
2469 1225 2764 1295 liquefacta
2785 1233 2885 1293 est,
2910 1230 2968 1279 ut
2992 1226 3061 1296 (c)
3084 1227 3294 1283 locutus
3315 1239 3392 1285 est
3411 1232 3592 1303 (Cant.
3621 1252 3679 1304 v,
3701 1240 3756 1310 6)
3778 1241 3805 1296 ?

2103 1313 2247 1381 Quia
2276 1315 2559 1371 nimirum
2591 1332 2758 1373 mens
2791 1316 2928 1371 dum
2962 1316 3201 1372 occultas
3233 1318 3543 1379 locutionis
3574 1328 3807 1398 aspira-

2100 1401 2259 1459 tione
2291 1406 2569 1476 tangitur,
2597 1422 2628 1460 a
2649 1409 2801 1461 statu
2826 1422 2946 1461 sum
2970 1405 3326 1465 fortitudinis
3346 1410 3659 1487 infirmata,
3678 1418 3806 1490 ipso

2103 1509 2218 1564 quo
2244 1494 2589 1550 absorbetur
2615 1494 2903 1551 desiderio
2933 1495 3192 1567 liquatur
3226 1516 3239 1565 ;
3299 1503 3353 1555 et
3382 1501 3517 1558 inde
3546 1521 3606 1560 se
3646 1511 3801 1579 apud

2102 1587 2479 1655 semetipsum
2510 1586 2724 1641 fessam
2757 1585 2999 1656 invenit,
3032 1588 3186 1644 unde
3220 1589 3373 1646 ultra
3402 1609 3463 1647 se
3502 1610 3631 1651 esse
3670 1614 3806 1655 con-

2102 1672 2272 1742 spicit
2312 1674 2734 1743 fortitudinem,
2757 1691 2932 1746 quam
2957 1679 3313 1735 conscendit.
3338 1680 3482 1737 Hinc
3500 1687 3805 1757 propheta,

2101 1777 2233 1817 cum
2268 1763 2548 1818 visionem
2590 1762 2691 1818 Dei
2734 1779 2793 1818 se
2838 1765 3203 1834 conspexisse
3238 1767 3474 1837 diceret,
3516 1774 3808 1846 adjungit,

2099 1852 2352 1921 Elangui
2380 1861 2430 1909 et
2460 1852 2725 1924 δέ]νοίαυί
2750 1868 2848 1923 per
2878 1853 2995 1908 dies
3017 1854 3289 1924 plurimos
3322 1860 3488 1928 (Dan.
3521 1878 3643 1925 vm,
3688 1869 3804 1938 27),

2102 1942 2240 2012 quia
2269 1959 2404 1997 cum
2435 1944 2505 1997 ad
2539 1943 2812 1998 virtutem
2838 1944 2937 1998 Dei
2973 1959 3137 1999 mens
3171 1946 3497 2019 stringitur,
3523 1970 3555 2006 a
3578 1954 3805 2011 fortitu-

2099 2029 2233 2085 dine
2279 2031 2513 2103 propria
2562 2048 2694 2087 caro
2741 2031 3014 2088 lassatur.
3067 2034 3205 2104 [Vet.
3254 2036 3379 2108 XL]
3431 2038 3575 2097 Hinc
3606 2043 3803 2115 Jacob,

2099 2119 2197 2190 qui
2272 2120 2548 2191 angelum
2607 2120 2812 2187 tenuit,
2888 2138 3002 2176 uno
3054 2138 3184 2177 mox
3245 2125 3391 2194 pede
3459 2128 3807 2190 claudicavit

2099 2208 2307 2279 (Cenes.
2351 2225 2529 2279 xxxn,
2584 2210 2698 2280 25),
2760 2208 2896 2280 quia
2955 2210 3054 2280 qui
3113 2226 3245 2268 vero
3303 2231 3499 2272 amore
3530 2221 3805 2279 sublimia

2098 2298 2353 2368 reSpicit,
2382 2300 2507 2369 jam
2539 2299 2596 2354 in
2630 2299 2785 2354 hunc
2826 2300 3113 2354 mundum
3165 2302 3501 2372 duplicibus
3533 2307 3801 2367 incedere

2098 2386 2402 2443 desideriis
2436 2388 2640 2445 nescit.
2677 2387 2798 2443 Uno
2829 2386 2984 2442 enim
3026 2389 3168 2459 pede
3218 2390 3509 2461 innititur,
3544 2397 3643 2466 qui
3676 2399 3801 2457 solo

2098 2477 2196 2531 Dei
2227 2493 2426 2533 amore
2457 2478 2802 2547 roboratur;
2827 2482 2879 2533 et
2901 2493 3136 2534 necesse
3160 2483 3248 2535 est
3269 2484 3331 2536 ut
3353 2482 3501 2539 alius
3524 2498 3800 2559 marceat,

2098 2566 2249 2637 quis,
2286 2566 2501 2621 mentis
2541 2567 2750 2621 virtute
2781 2574 3090 2633 crescente,
3126 2574 3349 2639 oportet
3392 2575 3591 2642 procul
3625 2576 3801 2634 dubio

2098 2662 2160 2711 ut
2186 2657 2376 2711 carnis
2408 2657 2685 2712 fortitudo
2719 2662 3029 2728 torpescat.
3075 2658 3283 2715 Beatus
3332 2661 3514 2733 igitur
3542 2666 3651 2722 Job
3685 2668 3803 2725 altu

2098 2745 2361 2801 fidelium
2385 2748 2559 2802 corda
2573 2747 2870 2818 respiciat,
2887 2752 3061 2818 atque
3074 2751 3580 2823 perpendatquem
3599 2757 3797 2813 sinum

2096 2836 2317 2891 intimas
2350 2836 2561 2907 quietis
2594 2837 2915 2906 inveniunt,
2950 2838 3090 2892 dum
3125 2855 3157 2893 a
3186 2839 3407 2898 viribus
3455 2846 3707 2917 propriis
3741 2849 3799 2903 in

2094 2925 2277 2981 Deum
2321 2926 2673 2997 proficiendo
2728 2927 3041 2991 lassantur,
3087 2933 3140 2983 et
3174 2929 3366 2986 dicat:
3414 2934 3496 2988 Ibi
3526 2939 3802 3006 requieve-

2098 3026 2228 3072 runt
2257 3021 2388 3088 fessi
2408 3019 2623 3076 robore.
2657 3021 2732 3073 Ac
2766 3019 2815 3073 si
2846 3026 3042 3091 aperte
3071 3019 3347 3087 insinuet,
3388 3024 3587 3080 dicens
3628 3043 3642 3081 :
3679 3028 3805 3084 Illic

2105 3107 2334 3178 requies
2368 3108 2513 3163 lucis
2547 3112 2901 3175 remunerat,
2937 3125 3081 3179 quos
3112 3108 3205 3165 hic
3264 3110 3507 3169 interius
3539 3130 3808 3174 recreans

2108 3202 2416 3268 provectus
2452 3198 2671 3270 fatigat.
2703 3200 2817 3254 Nec
2849 3214 3075 3253 movere
3106 3200 3274 3255 debet
3303 3203 3457 3273 quod
3490 3203 3678 3260 lucem
3711 3223 3813 3262 no-

2107 3285 2364 3353 minans,
2392 3303 2763 3359 nequaquam
2797 3287 3057 3342 subdidit
3092 3304 3103 3341 :
3138 3290 3199 3343 In
3223 3290 3342 3356 hac,
3368 3293 3466 3346 sed
3497 3293 3603 3349 Ibi.
3629 3295 3809 3359 Quam

2108 3374 2262 3429 enim
2297 3377 2594 3431 continere
2637 3376 2849 3433 electos
2904 3376 3209 3447 conspicit,
3258 3379 3426 3450 quasi
3472 3380 3663 3438 locum
3716 3400 3814 3439 no-

2107 3466 2287 3518 strum
2321 3464 2473 3519 hanc
2495 3481 2621 3520 esse
2661 3465 3063 3537 deprehendit.
3117 3465 3277 3522 Unde
3324 3468 3633 3527 Psalmista
3682 3490 3812 3531 cum

2108 3551 2757 3609 incommutabilitatem
2812 3555 3149 3609 aeternitatis
3197 3556 3497 3627 aspiceret,
3550 3562 3751 3618 dicens
3794 3580 3810 3620 :

2112 3643 2185 3697 Tu
2237 3649 2422 3697 autem
2482 3643 2625 3698 idem
2681 3647 2798 3714 ipse
2844 3660 2916 3709 es,
2968 3652 3018 3699 et
3062 3647 3199 3698 anni
3250 3648 3329 3700 tui
3394 3665 3499 3703 non
3556 3650 3813 3720 deﬁcient

2106 3732 2278 3801 (Psal.
2312 3748 2385 3802 cr,
2416 3734 2527 3801 28),
2564 3732 2715 3788 hunc
2746 3732 3059 3788 electorum
3091 3732 3281 3789 locum
3314 3752 3437 3791 esse
3486 3739 3806 3815 denuntiat,

2107 3822 2366 3877 subdens
2390 3822 2548 3877 :Filii
2567 3839 2851 3878 servorum
2875 3831 3094 3878 tuorum
3117 3823 3510 3881 inhabitabunt
3535 3829 3807 3899 ibi(1bid.,

2104 3912 2216 3982 29).
2252 3910 2403 3966 Deus
2427 3914 2601 3982 enim,
2637 3914 2735 3984 qui
2767 3913 2892 3967 sine
2923 3912 3040 3966 situ
3093 3912 3278 3967 omnia
3327 3916 3606 3980 continet,
3641 3920 3807 3974 nobis

2108 4002 2178 4055 ad
2230 4018 2291 4057 se
2341 4002 2705 4058 venientibus
2756 4001 2918 4057 locus
2966 4016 3081 4056 non
3128 4001 3328 4056 localis
3374 4010 3589 4059 manet.
3625 4007 3805 4071 Quem

2106 4088 2297 4146 locum
2369 4092 2503 4147 dum
2559 4091 2969 4163 pertingimus,
3022 4089 3197 4144 etiam
3240 4089 3369 4161 ipsa
3426 4091 3484 4146 in
3536 4092 3643 4147 hac
3692 4094 3811 4150 vita

2109 4179 2320 4237 mentis
2355 4186 2561 4237 nostra:
2586 4180 2996 4252 tranquillitas,
3020 4182 3239 4249 quanta
3261 4180 3432 4235 fuerit
3452 4183 3809 4251 perturbatio

2106 4269 2373 4326 videmus
2412 4288 2424 4337 ;
2459 4272 2595 4341 quia
2626 4270 2734 4326 etsi
2760 4272 2882 4339 jam
2908 4270 3052 4339 justi
3078 4269 3134 4323 in
3166 4285 3471 4339 pravorum
3505 4286 3807 4344 compara-

2109 4358 2262 4413 tione
2286 4358 2464 4429 quieti
2490 4364 2649 4427 sunt,
2666 4359 2721 4414 in
2742 4357 3121 4413 mstimatione
3144 4362 3337 4412 tamen
3354 4358 3569 4429 quietis
3590 4359 3809 4417 intima:

288 4449 428 4524 pria
455 4448 659 4506 virtute
690 4448 1007 4517 deficiunt;
1044 4454 1228 4521 etquo
1251 4450 1549 4505 robustius
1586 4452 1800 4503 aeterna
1823 4462 1995 4518 appe-
2024 4450 2074 4517 D
2110 4448 2267 4502 omni
2318 4448 2488 4505 modo
2551 4448 2730 4519 quieti
2790 4464 2903 4503 non
2954 4450 3112 4502 sunt.
3150 4446 3309 4504 Unde
3353 4454 3406 4503 et
3450 4448 3598 4506 bene
3664 4452 3813 4507 sub-

286 4543 451 4605 tunt,
484 4552 546 4592 eo
577 4555 609 4593 a
639 4537 1057 4609 temporalibus
1089 4537 1308 4593 salubri
1338 4538 1656 4593 defectione
1676 4535 1995 4591 lassantur.

288 4628 444 4685 Hinc
474 4628 785 4685 Psalmista
814 4628 1031 4684 amoris
1088 4630 1180 4684 sui
1239 4629 1442 4684 robore
1474 4629 1660 4683 fessus
1718 4626 1945 4682 dicebat
1979 4641 1993 4680 :

287 4720 504 4788 Deiecit
534 4719 611 4790 (ὸ)
636 4721 691 4773 in
721 4717 969 4775 salutari
998 4728 1089 4775 tuo
1110 4722 1299 4773 anima
1319 4734 1435 4774 mea
1465 4719 1637 4789 (Psal.
1663 4733 1855 4785 cxvm,
1882 4716 1995 4788 81).

290 4808 359 4864 In
405 4807 658 4864 salutare
705 4809 863 4864 enim
919 4809 1019 4864 Dei
1090 4809 1444 4880 proficiendo
1504 4808 1812 4875 defecerat,
1857 4806 1997 4879 quia

289 4897 632 4953 aeternitatis
683 4897 869 4954 lucem
913 4897 1281 4965 desiderans,
1330 4916 1361 4953 a
1393 4897 1584 4953 carnis
1622 4898 1740 4968 jam
1783 4895 1997 4951 fiducia

284 4991 511 5045 fractus
542 4988 874 5045 anhelabat.
909 4988 1054 5046 Hinc
1078 5005 1313 5045 rursum
1346 4990 1487 5045 dicit
1519 5007 1532 5045 :
1568 4990 1913 5059 Concupivit,
1946 4996 1998 5043 et

283 5078 485 5147 defecit
516 5080 704 5131 anima
753 5091 872 5132 mea
921 5080 976 5131 in
1008 5078 1154 5131 atria
1209 5078 1424 5132 Domini
1453 5077 1628 5148 (Psal.
1663 5092 1894 5138 Lxxxm,
1918 5078 1993 5147 3).

280 5164 398 5233 Qui
430 5165 706 5222 nimirum
739 5181 871 5222 cum
898 5166 1136 5232 diceret,
1170 5166 1506 5238 Concupivit,
1541 5169 1692 5221 recte
1714 5165 1996 5235 subdidit,

280 5258 354 5312 Et
388 5255 579 5327 defecit
607 5272 627 5312 ε
660 5255 797 5326 quia
840 5256 1003 5311 valde
1046 5256 1241 5313 minor
1269 5261 1357 5312 est
1417 5256 1743 5313 divinitatis
1776 5272 1997 5314 concu-

366 5472 445 5543 (a)
476 5469 651 5543 Corb.
682 5469 875 5543 Germ.
912 5474 969 5527 et
998 5470 1179 5541 aliqui
1208 5470 1331 5538 atii,
1363 5470 1427 5526 de
1452 5486 1751 5541 pravorum
1780 5487 1998 5529 conver-

283 5540 470 5608 sione.
506 5540 827 5597 Lectionem
862 5541 1008 5596 hanc
1034 5540 1233 5612 utpote
1276 5540 1655 5612 sequentibus
1678 5559 1996 5601 consonam

285 5625 805 5685 anteponeremus,
860 5612 970 5670 nisi
1002 5613 1133 5669 Mss.
1186 5613 1442 5672 melioris
1495 5619 1640 5671 notae
1684 5616 1996 5673 multitudo

284 5686 787 5768 ρτφρρράεξξαηει·

371 5755 445 5834 (b)
477 5758 563 5813 lta
592 5755 759 5813 Corb.
793 5756 983 5813 Germ.
1020 5761 1075 5813 et
1106 5756 1202 5812 alii
1234 5762 1445 5817 vetust.
1481 5759 1620 5816 Mss.
1672 5765 1725 5813 et
1754 5760 1994 5829 antiqua

2110 4536 2266 4593 ditur
2297 4554 2309 4593 :

2707 4626 2934 4683 CAPUT
2972 4626 3217 4683 XXXIV.

2179 4717 2354 4772 Vens.
2417 4718 2499 4772 18.
2553 4748 2619 4757 —-
2671 4719 2735 4772 Et
2804 4716 3077 4788 quondam
3133 4716 3302 4772 vincti
3377 4718 3527 4787 pari‘
3589 4737 3621 4775 θ’
3688 4723 3811 4777 sine

2104 4808 2381 4864 molestia.

2175 4900 2264 4955 68.
2316 4897 2547 4954 Vincula
2591 4898 2729 4953 dura
2760 4900 2954 4969 quibus
3013 4897 3099 4951 hic
3131 4900 3384 4969 ligantur
3438 4898 3605 4950 etiam
3644 4898 3804 4968 justi.

2106 5019 2174 5029 ——
2203 4991 2395 5045 Juslos
2426 4990 2579 5044 enim
2613 4988 2883 5059 quamvis
2906 4987 3099 5042 nullus
3159 4984 3579 5039 desideriorum
3602 5002 3809 5041 carna-

2104 5079 2251 5135 lium
2288 5077 2575 5134 tumultus
2606 5078 2923 5149 possideat,
2948 5076 3111 5129 duris
3135 5077 3331 5128 tamen
3356 5071 3605 5128 vinculis
3628 5090 3726 5130 eos
3748 5078 3808 5131 in

2107 5171 2216 5227 hac
2268 5168 2384 5224 vita
2433 5166 2652 5238 positos
2710 5182 2824 5221 suae
2874 5162 3136 5219 molestia
3191 5159 3584 5231 corruptionis
3652 5165 3806 5221 185

2104 5259 2267 5332 ligat.
2303 5257 2596 5327 Scriptum
2630 5254 2845 5327 quippe
2866 5256 2955 5308 est
2978 5268 2991 5307 :
3019 5250 3223 5321 Corpus
3244 5249 3387 5320 quod
3407 5255 3809 5326 corrumpitur,

2105 5474 2207 5529 Ed.
2240 5472 2411 5528 Basil.
2445 5472 2507 5526 In
2537 5469 2687 5533 aliis,
2718 5469 2909 5537 defecit
2942 5469 2998 5520 in
3019 5466 3267 5521 salutare
3288 5467 3463 5537 tuum.

2179 5545 2248 5615 (c)
2281 5542 2453 5606 Editi,
2486 5550 2544 5597 ut
2573 5535 2802 5615 dilectus
2820 5540 3030 5615 locutus
3058 5537 3343 5615 est.Abest
3363 5535 3594 5593 dilectus
3616 5553 3648 5592 a
3668 5537 3807 5615 Mss.

2105 5610 2271 5673 Corb.
2317 5616 2533 5680 Germ.,
2620 5614 2782 5684 Reg,
2868 5610 3053 5681 Colb.,
3113 5614 3428 5681 antequam
3487 5610 3804 5667 secundam

2104 5702 2343 5747 manum
2371 5687 2684 5758 pateretur.
