4156 6178
437 219 561 282 675

1701 216 1979 281 SANCTI
2023 216 2399 280 GREGORH
2444 222 2662 286 MAGN
2667 229 2690 289 Ι

3829 234 3948 296 676

434 379 696 444 aggravat
724 370 998 440 animam,
1031 380 1080 427 et
1104 370 1364 443 deprimit
1405 378 1622 427 terrena
1655 370 1980 426 inhabitatio
2011 386 2136 426 sen-
2167 349 2222 416 Α
2251 353 2536 425 θιυίωιπν
2570 361 2738 430 quasi
2799 362 2869 418 ab
2925 362 3018 418 hi8
3077 364 3292 436 quibus
3360 381 3514 424 nunc
3552 366 3948 439 astringimur,

427 483 552 522 mm
581 464 757 519 multa
806 468 1133 535 cogitantem
1189 465 1350 535 (sap.
1400 481 1474 525 1x,
1513 465 1622 535 15),
1656 463 1730 518 Εο
1764 463 1962 532 itaque
2015 464 2142 533 ipso
2249 445 2525 502 molestia:
2581 448 2828 505 vinculis
2896 451 3247 509 relaxamur.
3312 454 3648 511 Praesentari
3701 473 3952 529 namque

430 571 546 628 quo
569 556 759 610 adhuc
785 555 1060 610 mortales
1082 559 1241 620 sunt,
1270 570 1434 608 corru
1448 554 1724 625 mptionis
1749 569 1862 607 suae
1891 552 2140 621 pondere

430 653 766 718 gravantur,
790 651 845 700 et
869 644 1091 700 astricti
1111 643 1381 699 molestia
1405 644 1581 698 vincti
1607 649 1766 707 sunt,
1789 643 1924 715 quia
1951 643 2008 696 in
2034 642 2136 697 illa

428 737 620 792 adhuc
651 735 915 790 libertate
947 736 1075 789 vita:
1118 734 1578 805 incorruptibilis
1633 749 1748 789 non
1788 739 2132 803 exsurgunt.

428 828 597 884 Aliud
634 843 887 896 namque
918 826 988 880 de
1021 829 1233 894 mente,
1268 825 1419 880 aliud
1457 825 1526 880 de
1579 841 1811 896 corpore
1857 825 2131 890 tolerant,

429 924 484 975 et
513 927 704 972 contra
734 917 1078 986 semetipsos
1118 916 1377 986 quotidie
1437 915 1493 970 in
1526 916 1754 970 interno
1811 914 2129 970 certamine

425 1007 736 1061 desudant.
769 1007 975 1059 Annon
1034 1005 1178 1058 duro
1231 1003 1507 1058 molestias
1560 1003 1791 1058 vinculo
1844 1003 2122 1075 ligantur,

422 1110 668 1166 quorum
712 1093 985 1149 nimirum
1021 1109 1184 1148 mens
1215 1095 1341 1147 sine
1362 1092 1560 1148 labore
1584 1095 1638 1148 in
1668 1094 1990 1165 ignorantia
2011 1094 2130 1147 sol-

420 1187 598 1248 vitur,
650 1189 706 1239 et
739 1200 850 1238 non
912 1183 1022 1238 nisi
1082 1199 1216 1237 cum
1277 1182 1468 1237 studio
1529 1181 1743 1237 laboris
1800 1181 2125 1236 eruditur?

423 1275 498 1345 (a)
522 1276 731 1329 Coacta
759 1272 1017 1344 erigitur,
1039 1272 1225 1326 libens
1243 1272 1416 1342 jacet,
1431 1272 1500 1325 ab
1526 1271 1577 1325 in
1590 1272 1621 1325 fi
1635 1271 1744 1326 mis
1763 1273 1851 1326 vix
1877 1271 2122 1338 levatur,

420 1368 478 1419 et
509 1367 702 1416 tamen
735 1360 951 1416 elevata
983 1359 1250 1430 protinus
1284 1359 1520 1414 labitur.
1554 1360 1932 1430 Semetipsam
1968 1361 2124 1416 labo-

419 1452 573 1507 riose
604 1451 908 1516 vincendo,
951 1466 1200 1518 superna
1238 1450 1522 1519 conspicit
1557 1466 1571 1517 ;
1604 1450 1705 1504 sed
1740 1452 2118 1520 reverberate,

416 1540 640 1608 lumen,
673 1539 827 1611 quod
860 1554 920 1593 se
978 1538 1376 1604 irradiaverat,
1429 1537 1658 1608 refugit.
1715 1539 1922 1593 Annon
1973 1539 2116 1594 duro

2240 535 2361 603 jam
2397 537 2512 592 Deo
2544 541 2836 609 cupimus,
2870 543 2971 596 sed
2997 543 3188 597 adhuc
3222 547 3480 599 mortalis
3512 550 3774 616 corporis
3807 547 3951 602 obli-

2243 627 2474 693 gatione
2508 631 2917 701 praepedimur.
2948 631 3090 686 Jure
3122 649 3258 703 ergo
3291 633 3465 688 vincti
3499 635 3777 702 dicimur,
3812 638 3947 707 quia

2241 708 2433 764 adhuc
2455 712 2741 769 incessum
2777 718 2929 773 136
2964 719 3147 774 nostri
3181 719 3457 775 desiderii
3490 722 3560 776 ad
3587 727 3768 777 Deum
3800 722 3952 779 libe-

2240 813 2368 853 rum
2405 817 2518 856 non
2563 803 2864 861 habemus.
2892 807 3054 864 Unde
3087 809 3234 863 bene
3253 809 3465 865 Paulus
3488 819 3703 866 aeterna
3725 814 3947 868 deside-

2237 902 2390 956 rans,
2429 892 2526 946 sed
2577 899 2768 950 tamen
2803 897 2996 954 adhuc
3055 901 3448 969 corruptionis
3496 918 3611 956 sum
3655 901 3944 957 sarcinam

2236 991 2493 1050 portans,
2527 983 2757 1041 vinctus
2790 988 3003 1043 clamat
3037 1004 3049 1042 :
3084 991 3256 1061 Cupio
3303 990 3529 1046 dissolvi
3573 999 3629 1047 et
3674 1008 3794 1048 esse
3823 1010 3948 1048 cum

2234 1067 2441 1125 Christo
2493 1073 2663 1142 (Phil.
2709 1092 2744 1142 ι,
2780 1077 2884 1145 23).
2944 1078 3190 1133 Dissolvi
3237 1079 3392 1134 enim
3456 1097 3568 1136 non
3630 1088 3937 1152 quaereret.

2233 1159 2344 1213 nisi
2387 1178 2445 1215 se
2478 1164 2676 1232 procul
2733 1167 2908 1222 dubio
2959 1168 3218 1222 vinctum
3278 1170 3520 1235 videret,
3572 1175 3702 1227 Haec
3744 1179 3948 1228 autem

2229 1249 2487 1322 vincula,
2521 1254 2656 1324 quia
2688 1257 3010 1314 certissime
3053 1261 3376 1331 rumpenda
3425 1261 3483 1315 in
3519 1263 3950 1319 resurrectione

2230 1349 2631 1412 conspexerat,
2667 1344 2792 1414 jam
2845 1348 3012 1414 quasi
3063 1353 3232 1417 rupta
3289 1348 3578 1418 gaudebat
3626 1349 3944 1419 Propheta,

2227 1442 2359 1483 cum
2415 1430 2676 1487 diceret:
2714 1435 2980 1505 Dirupisti
3027 1437 3249 1491 vincula
3303 1453 3448 1507 mea,
3481 1439 3583 1492 tibi
3619 1439 3944 1507 sacriﬁcabo

2229 1515 2460 1574 hostium
2493 1521 2679 1577 laudis
2709 1525 2879 1594 (Psal.
2913 1542 3038 1589 cxv,
3072 1526 3154 1595 7).

417 1630 693 1685 molestiae
725 1627 954 1683 vinculo
990 1628 1263 1697 ligantur,
1297 1643 1440 1697 quos
1496 1643 1628 1681 cum
1689 1643 1971 1682 accensus
2003 1629 2102 1697 spi‘

2299 1612 2580 1683 Epilogus.
2619 1645 2682 1655 —
2705 1615 3141 1689 Contempletur
3168 1616 3365 1689 itaque
3387 1617 3470 1672 vir
3491 1624 3751 1684 sanctus,
3787 1619 3942 1689 quod

416 1716 564 1770 ritus
579 1717 649 1770 ad
669 1716 862 1770 sinum
883 1716 1039 1785 pacis
1063 1715 1279 1769 intimas
1297 1717 1465 1785 pleno
1495 1715 1781 1769 desiderio
1800 1715 2116 1785 pertrahat,

420 1805 673 1861 fervente
721 1806 1038 1860 certamine
1074 1820 1204 1860 caro
1249 1806 1550 1875 perturbat
1578 1805 1605 1858 ?
1661 1805 1818 1868 Qum,
1861 1805 1968 1859 etsi
1994 1808 2118 1874 jam

418 1903 552 1953 ante
585 1895 784 1950 faciem
818 1893 974 1948 velut
1001 1911 1068 1949 ex
1098 1895 1339 1949 adverso
1373 1894 1494 1947 acie
1526 1899 1719 1948 erecta
1754 1910 1865 1949 non
1901 1895 2118 1962 obviat,

421 1984 610 2040 adhuc
642 1989 836 2038 tamen
870 2002 902 2037 a
924 1983 1136 2038 mentis
1166 1985 1335 2037 dorso
1372 1983 1536 2052 quasi
1589 1982 1812 2053 captiva
1844 1983 2119 2038 submur-

418 2079 613 2131 murat
647 2091 659 2129 :
693 2078 749 2128 et
771 2074 844 2144 (b)
867 2073 1124 2144 quamvis
1147 2073 1426 2140 timendo,
1447 2074 1545 2128 sed
1571 2078 1766 2128 tamen
1791 2074 1945 2144 turpi
1969 2079 2116 2130 stre-

416 2166 541 2236 pitu
575 2165 632 2218 in
667 2164 837 2218 corde
872 2162 1120 2231 speciem
1155 2163 1408 2233 pulchras
1448 2161 1660 2232 quietis
1711 2163 1903 2218 foedat.
1938 2163 2114 2219 Electi

411 2255 592 2326 igitur
620 2256 725 2308 etsi
757 2252 1015 2308 valenter
1043 2252 1241 2308 omnia
1262 2257 1565 2324 superant,
1588 2269 1721 2308 cum
1744 2254 2114 2310 securitatem

409 2347 840 2417 pactsinternse
901 2344 1252 2402 desiderant.
1313 2344 1502 2414 gravis
1560 2345 1642 2400 eis
1686 2350 1774 2400 est
1827 2345 2111 2416 molestia,

405 2436 597 2492 adhuc
629 2436 840 2490 habere
880 2435 1033 2505 quod
1065 2434 1316 2488 vincant.
1351 2433 1423 2504 (e)
1473 2434 1580 2498 Qui
1613 2434 1707 2489 his
1750 2435 2020 2505 exceptis,
2046 2452 2112 2491 ea

407 2525 577 2581 etiam
610 2527 846 2579 vincula
879 2523 1192 2591 sustinent,
1226 2539 1351 2594 quas
1383 2525 1574 2594 gravis
1604 2524 1856 2579 exterius
1908 2540 2111 2580 neces-

405 2614 547 2670 sitas
578 2613 869 2682 astringit.
902 2612 1132 2667 Esurire
1164 2612 1401 2683 quippe,
1426 2613 1602 2680 sitire,
1626 2612 1963 2680 lassescere,
1987 2616 2108 2670 vin-

401 2704 534 2762 cula
564 2702 958 2773 corruptionis
990 2707 1133 2758 sunt
1166 2720 1179 2758 :
1214 2719 1342 2772 quas
1373 2702 1594 2758 scilicet
1617 2702 1759 2758 solvi
1785 2710 2105 2775 nequeunt,

401 2792 514 2848 nisi
544 2808 677 2847 cum
711 2792 769 2845 in
803 2789 957 2846 illam
979 2790 1439 2844 immortalitatis
1464 2790 1699 2861 gloriam
1734 2797 1935 2847 nostra
1957 2808 2107 2848 mor-

403 2882 601 2937 talitas
673 2884 1038 2952 permutatur
1096 2880 1246 2950 [Vit
1305 2879 1460 2951 XLI.)
1532 2879 1842 2951 Replemus
1890 2883 2104 2937 etenim

398 2971 814 3027 refectionibus
845 2986 1076 3040 corpus,
1113 2986 1183 3024 ne
1225 2975 1602 3026 extenuatum
1639 2972 1870 3026 deficiat
1904 2990 1918 3038 ;
1952 2977 2106 3028 exte-
2145 2986 2188 3054 α

401 3076 659 3116 nuamus
691 3058 1064 3125 abstinentia,
1099 3074 1169 3113 ne
1200 3075 1306 3114 nos
1340 3058 1622 3126 repletum
1650 3067 1894 3131 premat.
1926 3061 2104 3133 Vege—

399 3155 597 3207 tamus
627 3148 736 3203 hoc
771 3149 1047 3209 motibus.
1080 3164 1153 3202 ne
1185 3147 1300 3202 situ
1347 3148 1782 3204 immobilitatis
1824 3151 2103 3222 intereat;

401 3238 503 3293 sed
537 3237 712 3292 citius
743 3235 851 3289 hoc
885 3235 1222 3289 collocando
1253 3236 1542 3303 sistimus,
1569 3253 1638 3290 ne
1667 3237 1794 3306 ipsa
1825 3255 1927 3293 sua
1953 3256 2109 3311 vege-

396 3328 617 3383 tatione
647 3325 1012 3380 succumbat.
1032 3324 1398 3392 Adjumentis
1420 3325 1528 3380 hoc
1552 3329 1802 3380 vestium
1828 3328 2102 3398 tegimus,

398 3433 470 3472 ne
494 3416 677 3486 frigus
700 3414 1018 3480 interimat,
1033 3418 1091 3468 et
1113 3414 1360 3484 quaesita
1379 3415 1718 3484 adjumenta
1742 3418 2101 3487 projicimus,

399 3521 471 3560 ne
500 3503 656 3560 calor
685 3510 907 3558 exurat.
940 3503 1046 3558 Tot
1079 3502 1259 3572 igitur
1280 3503 1712 3559 diversitatibus
1734 3517 2104 3564 occurrentes

395 3594 536 3665 quid
557 3593 812 3664 agimus,
837 3592 949 3646 nisi
977 3591 1448 3660 corruptibilitati
1473 3592 1783 3661 servimus,
1809 3600 1872 3650 ut
1892 3595 2099 3653 saltem

400 3682 808 3753 multiplicitas
842 3682 1088 3752 impensi
1108 3681 1370 3752 obsequii
1396 3698 1604 3749 corpus
1628 3685 2098 3757 sustineat,quod

399 3772 660 3829 anxietas
693 3771 934 3827 infirmis
959 3770 1363 3826 mutabilitatis
1379 3773 1617 3842 gravat?
1651 3773 1806 3828 Unde
1828 3773 1974 3830 bene
1997 3792 2100 3846 per

395 3861 639 3916 Paulum
672 3859 885 3915 dicitur
918 3876 930 3913 :
971 3859 1212 3914 l’anitati
1259 3861 1405 3914 enim
1460 3864 1715 3916 creatura
1743 3865 1985 3924 subiecta
2017 3871 2097 3919 est

384 3965 491 4006 non
516 3950 718 4015 volens,
750 3948 845 4002 sed
883 3957 1105 4018 propter
1133 3963 1258 4001 eum
1290 3951 1388 4018 qui
1407 3949 1635 4019 subjecit
1659 3949 1718 4003 in
1738 3966 1866 4019 spe:
1890 3954 2018 4022 quia
2042 3956 2095 4007 et

376 4043 496 4110 ipsa
524 4045 782 4094 creatura
837 4037 1176 4092 liberabitur
1205 4054 1240 4091 a
1283 4042 1548 4093 servitute
1586 4038 1976 4109 corruptionis,
2033 4042 2093 4095 in

384 4131 695 4185 libertatem
722 4128 912 4198 gloriae
968 4127 1214 4197 filiorum
1260 4127 1360 4180 Dei
1391 4127 1562 4195 (Rom.
1601 4144 1713 4196 vni,
1753 4130 1866 4199 20).
1902 4129 2086 4184 vani-

375 4220 478 4274 tati
511 4219 728 4289 quippe
758 4224 1019 4272 creatura
1043 4233 1156 4270 non
1191 4214 1392 4270 volens
1410 4216 1699 4282 subditur,
1723 4218 1854 4288 quia
1887 4219 2082 4288 homo,

2232 1719 2540 1758 conversos
2571 1711 2898 1774 peccatores
2931 1706 3030 1761 lux
3055 1706 3284 1763 interna
3337 1706 3594 1779 recipiat,
3630 1712 3688 1762 et
3738 1709 3897 1765 dicat
3927 1725 3941 1763 :

2227 1795 2312 1848 Ibi
2340 1794 2502 1864 impii
2529 1803 2879 1851 cessaverunt
2911 1813 2943 1852 a
2976 1799 3235 1852 tumultu.
3272 1797 3734 1869 Contemplatur,
3779 1801 3938 1870 quod

2230 1885 2413 1939 sancti
2447 1884 2552 1939 viri
2585 1885 2854 1940 desiderii
2896 1888 3308 1943 exercitatione
3357 1887 3602 1957 fatigati,
3654 1888 3828 1944 altius
3881 1890 3940 1944 in

2228 1973 2328 2028 illo
2356 1973 2562 2028 intimo
2592 1974 2720 2029 sinu
2755 1977 3139 2046 requiescant,
3171 1981 3228 2032 et
3250 1978 3405 2032 dicat
3434 1995 3447 2032 ε
3474 1979 3535 2032 Et
3558 1977 3635 2032 ibi
3653 1980 3942 2050 requieve-

2227 2073 2359 2118 runt
2379 2065 2510 2134 fessi
2541 2065 2747 2119 robore.
2782 2065 3239 2137 Contemplatur,
3275 2067 3428 2137 quod
3495 2067 3723 2122 cunctis
3754 2068 3941 2123 simul

2226 2152 2616 2223 corruptionis
2648 2169 2766 2208 suae
2799 2154 3046 2209 vinculis
3079 2154 3357 2220 absoluti,
3392 2155 3462 2208 ad
3495 2154 3590 2210 illa
3637 2155 3943 2211 libertatis

2224 2242 2434 2314 gaudia
2469 2242 2808 2314 incorrupta
2831 2243 3179 2313 perveniant,
3215 2248 3271 2300 et
3303 2244 3458 2299 dicat
3502 2261 3513 2298 :
3561 2247 3623 2299 Et
3646 2245 3941 2315 quon-dam

2223 2333 2392 2386 vincti
2418 2333 2634 2402 pariter
2652 2334 2769 2386 sine
2800 2333 3070 2387 molestia.
3095 2332 3247 2388 Bene
3269 2337 3468 2390 autem
3493 2334 3724 2401 dicitur,
3751 2335 3940 2402 Quon-

2221 2420 2349 2475 dam
2382 2423 2585 2483 vincti;
2617 2422 2755 2492 quia
2799 2423 2940 2476 dum
2987 2421 3087 2476 illa
3136 2439 3369 2494 semper
3409 2439 3671 2494 praesens
3727 2423 3934 2478 laetitia

2220 2513 2494 2580 cernitur,
2523 2528 2692 2566 omne
2722 2513 2874 2582 quod
2906 2512 3013 2567 erit
3034 2518 3091 2568 et
3121 2512 3343 2581 deﬂuit,
3378 2515 3543 2585 quasi
3573 2514 3930 2584 praeteritum

2211 2603 2335 2672 jam
2371 2603 2613 2656 videtur.
2663 2603 2800 2656 Dum
2835 2603 2987 2658 enim
3014 2619 3205 2658 rerum
3232 2602 3364 2656 ﬁnis
3387 2604 3732 2670 attenditur,
3757 2619 3934 2660 omne

2220 2692 2370 2763 quod
2407 2691 2676 2764 preterit,
2710 2693 2875 2763 quasi
2901 2692 3021 2761 jam
3049 2690 3230 2746 fuisse
3263 2697 3555 2762 pensatur.
3583 2693 3695 2748 Sed
3720 2710 3932 2749 omnes

2220 2781 2278 2836 hi
2313 2799 2456 2851 quos
2491 2781 2629 2837 illuc
2661 2781 2825 2853 quies
2858 2781 3086 2837 interna
3117 2782 3415 2853 suscipiet,
3450 2783 3527 2854 (ά)
3559 2782 3652 2838 hic
3689 2783 3931 2840 interim

2223 2871 2361 2944 quid
2396 2871 2638 2943 egerint,
2666 2875 2880 2926 narret.
2908 2871 3181 2942 Sequitur
3215 2887 3229 2927 :

2628 3006 2867 3062 CAPUT
2898 3006 3103 3062 xxxv
3136 3009 3277 3076 (nec.
3313 3006 3509 3076 XXXI].

2291 3127 2428 3183 Isin.
2463 3157 2527 3167 —-
2562 3127 2678 3181 Non
2702 3123 3071 3181 exaudierunt
3103 3139 3286 3180 vocem
3317 3124 3610 3180 exactoris.

2289 3236 2376 3289 69.
2418 3234 2677 3288 Diabolus
2709 3237 2949 3289 exactor.
2982 3232 3098 3288 Non
3146 3229 3473 3300 exauditur,
3530 3248 3654 3286 cum
3692 3239 3942 3291 tentanli

2215 3326 2514 3380 resistitur.
2548 3353 2615 3362 —
2646 3322 2785 3386 Quis
2817 3321 2964 3376 alius
2999 3321 3164 3376 debet
3187 3321 3422 3376 nomine
3453 3322 3740 3377 exactoris
3762 3323 3941 3380 intel-

2214 3415 2338 3488 ligi,
2371 3414 2484 3469 nisi
2519 3414 2897 3485 importunus
2929 3412 3024 3468 ille
3056 3430 3382 3485 persuasor,
3417 3414 3800 3484 quihumano
3831 3434 3936 3488 ge-

2214 3506 2336 3560 neri
2363 3503 2542 3560 semel
2574 3519 2880 3559 nummum
2897 3502 3254 3574 deceptionis
3272 3504 3536 3571 contulit,
3553 3513 3606 3559 et
3623 3506 3697 3577 (e)
3721 3507 3794 3561 ab
3817 3506 3931 3564 hoc

2212 3595 2470 3667 quotidie
2502 3599 2767 3665 expetere
2799 3594 3001 3650 mortis
3034 3594 3296 3649 debitum
3332 3610 3441 3649 non
3477 3594 3715 3650 desistit
3745 3596 3774 3650 ?
3819 3597 3926 3660 Qui

2211 3685 2267 3739 in
2291 3685 2559 3756 paradiso
2583 3684 2803 3738 homini
2829 3685 2894 3752 (Ι)
2920 3683 3138 3754 peccati
3165 3682 3466 3753 pecuniam
3492 3685 3923 3754 commodavit;

2209 3775 2309 3830 sed
2347 3773 2653 3842 iniquitate
2686 3781 2998 3837 crescente,
3033 3771 3184 3826 hanc
3234 3772 3495 3843 quotidie
3546 3789 3682 3828 cum
3720 3775 3921 3831 usuris

2205 3862 2403 3932 exigit.
2439 3863 2516 3916 De
2548 3861 2654 3915 hoc
2699 3865 2966 3915 exactore
2998 3862 3056 3916 in
3106 3860 3414 3932 Evangelio
3469 3861 3688 3917 Veritas
3752 3863 3920 3930 dicit,

2204 3954 2267 4007 Et
2289 3951 2466 4023 judex
2488 3951 2664 4005 tradet
2698 3959 2747 4005 te
2773 3951 3020 4005 exactori
3043 3951 3193 4021 (Luc.
3226 3966 3328 4016 xu,
3359 3951 3484 4023 58).
3516 3951 3703 4022 Hujus
3735 3951 3919 4022 igitur

2201 4041 2486 4099 exactoris
2518 4057 2622 4096 vox
2653 4044 2741 4096 est
2771 4042 3010 4096 tentatio
3043 4040 3264 4096 miseras
3319 4041 3722 4113 suggestionis.
3777 4048 3908 4097 Au-

2200 4132 2396 4187 dimus
2429 4134 2623 4185 autem
2647 4146 2843 4185 vocem
2902 4130 3209 4196 exactoris,
3266 4146 3400 4186 cum
3436 4132 3553 4202 ejus
3582 4128 3910 4186 tentatione

2198 4221 2503 4292 pulsamur
2525 4239 2536 4279 ;
2556 4218 2658 4274 sed
2675 4235 2786 4274 non
2809 4218 3177 4288 exaudimus,
3194 4220 3242 4274 si
3260 4219 3518 4290 pulsanti
3549 4219 3910 4277 resistimus.

378 4307 478 4378 qui
528 4305 804 4374 ingenitas
850 4304 1191 4359 constantiae
1257 4307 1475 4358 statum
1552 4303 1746 4361 volens
1802 4307 2083 4376 deseruit,
2119 4319 2163 4384 Ι)
2195 4308 2372 4364 Audit
2403 4307 2580 4372 enim,
2614 4306 2708 4376 qui
2745 4306 3123 4362 tentationcm
3159 4307 3378 4374 sentit;
3405 4307 3908 4380 exauditveroqui

380 4410 621 4464 pressus
655 4393 829 4462 justas
863 4393 1206 4449 moralitatis
1237 4393 1508 4464 pondere,
1544 4395 1743 4450 nolens
1785 4398 2082 4454 mutabili-

2195 4397 2495 4455 tentationi
2546 4396 2854 4452 consentit.
2911 4397 3150 4452 Dicatur
3199 4396 3396 4469 itaque
3432 4397 3502 4453 de
3529 4398 3753 4468 justis:
3793 4398 3912 4454 Non

2192 4488 2571 4544 exaudierunt
2605 4503 2781 4542 vocem
2813 4485 3109 4554 exactoris,
3145 4487 3420 4558 quoniam
3463 4490 3908 4558 suggestionem

2191 4583 2318 4652 ejus
2349 4577 2459 4634 etsi
2490 4577 2762 4644 audiunt,
2796 4577 2933 4648 quia
2993 4580 3293 4632 tentantur
3324 4595 3340 4646 ;
3399 4593 3512 4632 non
3546 4579 3902 4646 exaudiunt,

2190 4671 2330 4743 quia
2360 4668 2694 4725 consentire
2724 4671 3130 4728 contemnunt,
3184 4668 3331 4740 [νοτ.
3379 4667 3566 4739 Χιιι.]
3599 4669 3714 4723 Sed
3764 4670 3908 4740 quia

2189 4761 2344 4833 quod
2381 4759 2546 4813 valde
2581 4774 2743 4813 mens
2775 4761 2954 4824 amat,
2987 4756 3164 4812 etiam
3197 4757 3257 4812 in
3289 4773 3558 4815 sermone
3583 4758 3910 4831 saepiusre-

2189 4848 2384 4921 plicat,
2419 4847 2624 4904 beatus
2656 4847 2786 4918 Job,
2821 4845 2958 4917 quia
3011 4846 3250 4903 internae
3292 4846 3452 4919 pacis
3502 4847 3900 4918 frequentiam

377 4482 518 4538 tatis
550 4498 666 4537 sua:
699 4482 1050 4552 corruptioni
1084 4483 1280 4537 servit.
1335 4484 1440 4538 Sed
1475 4490 1735 4540 creatura
1793 4485 1913 4541 haec
1945 4496 2080 4544 tunc

377 4591 412 4630 a
442 4571 718 4628 servitute
752 4569 1142 4641 corruptionis
1174 4571 1436 4642 eripitur,
1461 4590 1594 4629 cum
1621 4575 1693 4630 ad
1716 4575 1962 4632 filiorum
1979 4579 2080 4634 Dei

375 4661 622 4735 gloriam
648 4660 990 4730 incorrupta
1011 4661 1365 4731 resurgendo
1386 4662 1743 4719 sublevatur.
1759 4664 1861 4721 Hic
1883 4665 2079 4738 itaque

376 4751 543 4810 electi
577 4749 848 4805 molestia
885 4747 1061 4803 vincti
1110 4755 1270 4815 sunt,
1318 4751 1454 4820 quia
1497 4752 1689 4809 adhuc
1721 4758 2078 4827 corruptioni

374 4858 494 4900 sua;
526 4856 696 4912 pcena
727 4837 1157 4910 deprimuntur.
1189 4838 1292 4894 Sed
1328 4855 1461 4894 cum
1494 4843 1860 4914 corruptibili
1905 4861 2078 4903 carne

2185 5049 2316 5106 illas
2347 5065 2495 5120 quas
2522 5064 2554 5103 a
2584 5048 2780 5104 carnis
2800 5049 3272 5120 concupiscentia
3293 5048 3549 5104 sustinet
3572 5047 3896 5107 molestias.

2256 5121 2329 5202 (’d‘)
2361 5119 2589 5202 Excusi,
2623 5122 2693 5202 in
2715 5119 3049 5202 terr'a,_loco
3081 5123 3472 5202 in_te_rim,quze
3504 5136 3610 5202 vox
3631 5125 3724 5175 est
3749 5122 3894 5202 glas.

2255 5193 2326 5317 Sf)
2361 5191 2611 5248 Barthol.
2646 5197 2702 5245 et
2732 5197 2844 5245 vet.
2879 5191 3057 5259 Rdit.,
3084 5192 3150 5274 ob
3184 5192 3298 5247 hoc.
3332 5191 3460 5247 Coc.
3495 5195 3552 5246 et
3582 5208 3712 5263 seq.
3749 5192 3892 5259 Ed.,

2183 5265 2271 5343 ad
2293 5280 2387 5343 uc:
2409 5267 2513 5343 __A_t
2563 5263 2724 5325 Mss,
2760 5265 2826 5318 ab
2861 5263 2980 5343 hoc,
3010 5263 3232 5343 scilicet
3265 5264 3337 5318 ab
3372 5264 3623 5343 humano
3649 5279 3889 5343 genere.

2256 5336 2324 5418 li)
2346 5335 2500 5418 Editi
2527 5334 3752 5418 cumhnonnu|1ialites-inpeccantipecuniam
3772 5353 3888 5418 ;s_e;

2183 5405 2423 5478 quimur
2462 5405 2631 5478 Corb.
2660 5409 2878 5469 Germ.,
2913 5406 3089 5474 antiq.
3125 5406 3331 5461 Rhem.
3364 5411 3420 5460 et
3449 5405 3758 5473 Norman.,
3786 5406 3881 5461 ubi

2183 5476 2395 5548 legitur
2421 5476 2633 5546 peccati
2662 5479 2971 5546 pecuniam.
3012 5477 3095 5531 Ad
3151 5478 3258 5532 hos
3298 5479 3584 5534 accedunt
3617 5479 3883 5543 Vindoc.,

2181 5551 2280 5620 qui
2313 5549 2532 5620 habent
2586 5549 3128 5620 peccatigpecuniam
3169 5548 3610 5620 commendavit.
3668 5550 3883 5605 Eodem

2182 5619 2357 5676 sensu
2409 5619 2723 5692 Gregorius
2776 5619 2918 5675 dicit
2964 5619 3174 5692 peccati
3203 5624 3521 5692 pecuniam,
3556 5636 3672 5692 quo
3703 5637 3896 5692 supra

2181 5692 2326 5750 dixit
2356 5707 2640 5750 nummum
2661 5691 3011 5765 deceptionts.

436 5040 524 5168 3a)
554 5035 959 5108 Expunximus
987 5033 1251 5090 voculam
1277 5049 1405 5106 quae
1425 5035 1482 5090 in
1506 5035 1580 5091 a1.
1603 5039 1757 5095 Edit.
1790 5041 2074 5111 additam,

506 5111 561 5165 in
595 5115 731 5166 Mss.
763 5106 1122 5168 peregrinam
1150 5123 1214 5161 ac
1238 5107 1611 5168 superfluam.

370 5106 473 5168 sed
506 5106 561 5165 in
595 5106 731 5166 Mss.
763 5106 1122 5178 peregrinam
1150 5123 1214 5161 ac
1238 5107 1611 5178 superfluam.

445 5184 514 5250 (ὸ)
541 5183 702 5237 Unus
730 5181 933 5234 Rbem.
969 5184 1026 5234 et
1058 5195 1209 5234 unus
1267 5179 1513 5250 Remig,
1573 5183 1821 5251 quamvis
1863 5199 1970 5237 non
2001 5187 2073 5240 ti-

370 5252 598 5312 mendo;
638 5268 743 5305 nec
779 5251 1041 5320 displicet
1073 5266 1298 5316 sensus,
1331 5251 1503 5306 sinon
1527 5253 1768 5308 timendo
1791 5255 2075 5312 referatur

372 5323 464 5387 ad,
501 5322 591 5376 sed
641 5330 826 5376 tamen
876 5325 1331 5393 turpirstrepitu,
1382 5323 1550 5393 quasi
1609 5323 1821 5379 diceret
1862 5343 2072 5382 concu-

375 5393 676 5466 piscentiae
700 5392 1060 5466 luctam,etsi
1086 5410 1198 5448 non
1222 5392 2071 5464 timen’damjustis,molestam

371 5463 568 5541 tamen
601 5463 995 5541 oti-strepitum
1016 5479 1173 5541 esse.
1210 5468 1275 5519 At
1307 5469 1442 5521 huic
1467 5463 1697 5541 lectioni
1728 5485 1837 5523 non
1882 5476 2072 5541 patro-

368 5537 602 5591 cinatur
637 5533 776 5587 Mss.
803 5537 900 5585 aut
932 5534 1255 5602 antiquitas
1288 5542 1387 5591 aut
1410 5538 1748 5594 multitudo.

437 5607 507 5678 (ε)
545 5607 624 5682 lta
660 5604 799 5682 Mss,
850 5603 1257 5682 probatissimi.
1318 5609 1382 5663 In
1418 5609 1517 5682 Ed.
1560 5611 1804 5682 legitur,
1866 5612 2072 5680 Quibus

367 5672 625 5752 exceptis.
675 5672 900 5734 Melius.
974 5674 1077 5743 Qui
1116 5675 1200 5732 his
1245 5681 1501 5749 exceptis,
1558 5672 1665 5737 hoc
1724 5672 1832 5754 est,
1865 5672 2073 5756 prater
