4134 6174
274 252 397 312 677

1199 258 1621 323 MORALIUM
1668 264 1815 326 LIB.
1863 264 1973 325 IV.
2016 287 2095 301 —
2138 254 2215 315 ΙΝ
2262 254 2436 317 CAP.
2484 254 2567 317 Ill
2608 256 2681 316 B.
2725 253 2889 316 JOB.

3678 273 3798 334 678

275 383 531 458 diligens
550 383 859 458 conspicit,
890 386 968 459 (a)
1002 388 1379 463 descriptioni
1401 393 1751 463 ejusiterum
1788 397 1981 462 servit,
2013 392 2067 460 A
2104 386 2351 455 ωίεθτίίν
2384 387 2687 457 meminit;
2714 388 2816 445 8θά
2838 405 2912 445 8D
2944 391 3263 448 commissa
3283 393 3454 460 άὶαηθ
3477 397 3793 474 “ﬂaverit.

271 474 480 532 dicens
506 492 520 533 :

865 585 1100 643 CAPUT
1138 589 1373 648 XXXVI.

340 710 517 765 Vens.
553 711 641 765 19.
674 740 743 752 -
769 713 985 769 Parvus
1027 720 1080 769 et
1131 732 1365 787 magnus
1418 718 1501 774 ibi
1530 724 1675 789 sunt,
1712 726 1761 779 et
1789 740 1979 781 servus

268 799 418 856 liber
445 816 479 855 a
500 800 721 856 domino
741 816 857 858 suo.

334 926 425 979 70.
464 926 526 981 Ut
555 924 646 980 hic
676 927 990 991 merita,ita
1008 930 1067 982 in
1083 930 1276 985 castum
1296 939 1719 1005 eruntpraemia
1740 939 1973 998 diversa.

258 1043 331 1055 -
362 1014 589 1078 Quiain
630 1015 737 1070 hac
760 1019 880 1070 vita
921 1017 1092 1072 nobis
1136 1025 1221 1074 est
1262 1020 1535 1079 discretio
1569 1041 1831 1097 operum,
1865 1031 1976 1086 erit

263 1104 327 1160 in
360 1105 461 1159 illa
490 1106 894 1176 proculdubio
918 1107 1192 1164 discretio
1214 1111 1591 1184 dignitatum,
1617 1122 1680 1172 ut
1701 1121 1855 1189 quod
1881 1122 1975 1179 hic

258 1194 415 1249 alios
438 1196 616 1250 alium
647 1195 849 1252 merito
877 1205 1127 1268 superat,
1156 1200 1273 1256 illic
1291 1202 1442 1258 alius
1492 1205 1671 1262 alium
1725 1211 1976 1269 retribu-

262 1286 424 1341 tione
453 1289 850 1342 transcendat.
878 1290 1040 1344 Unde
1072 1290 1130 1343 in
1164 1291 1471 1363 Evangelio
1513 1294 1737 1354 Veritas
1785 1300 1926 1358 dicit
1957 1319 1971 1358 :

260 1377 328 1429 In
376 1374 532 1430 domo
584 1379 767 1431 Patris
794 1379 901 1431 mei
930 1380 1240 1435 mansiones
1268 1384 1457 1438 multa:
1487 1393 1613 1440 sunt
1643 1387 1821 1459 (Joan.
1855 1408 1969 1460 xrv,

257 1467 338 1535 2).
371 1465 480 1520 Sed
510 1466 568 1519 in
619 1465 841 1521 eisdem
896 1467 1103 1523 multis
1159 1471 1555 1531 mansionibus
1616 1479 1726 1534 erit
1772 1480 1971 1552 aliquo

260 1554 439 1609 modo
469 1554 599 1625 ipsa
648 1555 1101 1614 retributionum
1162 1558 1468 1620 diversitas
1523 1582 1800 1637 concors;
1834 1572 1970 1643 quia

260 1648 426 1700 tanta
455 1645 532 1714 (b)
552 1643 639 1699 vis
669 1645 726 1699 in
761 1644 864 1702 illa
908 1663 1043 1716 pace
1086 1664 1194 1705 nos
1251 1652 1449 1720 sociat,
1474 1658 1538 1709 ut
1603 1659 1757 1728 quod
1807 1660 1867 1716 in
1908 1678 1970 1717 se

260 1733 519 1805 quisque
574 1749 688 1789 non
750 1736 1060 1806 acceperit,
1102 1738 1211 1793 hoc
1269 1755 1332 1795 se
1388 1744 1685 1815 accepisse
1738 1748 1798 1803 in
1854 1749 2044 1824 alioB

257 1823 542 1880 exsultet.
604 1824 766 1881 Unde
796 1830 855 1880 et
913 1842 1027 1883 non
1089 1845 1252 1899 aeque
1305 1829 1638 1891 laborantes
1698 1840 1754 1893 in
1796 1840 1965 1898 vinea

255 1912 470 1984 (Matth.
504 1931 598 1979 xx,
647 1915 759 1986 10),
818 1931 983 1987 asque
1026 1916 1183 1974 137
1246 1922 1438 1977 cuncti
1486 1924 1792 1984 denarium
1849 1947 1963 1987 sor-

254 2002 506 2060 tiuntur.
538 2003 605 2059 Et
637 2006 873 2076 quidem
905 2008 1058 2077 apud
1103 2010 1331 2066 Patrem
1387 2014 1710 2072 mansiones
1769 2020 1962 2077 multis

259 2100 421 2159 sunt,
453 2098 511 2149 et
538 2097 738 2150 tamen
762 2095 1030 2151 eumdem
1063 2097 1371 2155 denarium
1422 2103 1683 2174 dispares
1729 2107 1964 2166 labora-

261 2186 420 2239 tores
476 2184 802 2252 accipiunt;
861 2185 995 2255 quia
1056 2202 1176 2242 una
1223 2192 1448 2246 cunctis
1500 2195 1609 2248 erit
1664 2196 1964 2255 beatitudo

255 2270 493 2339 laetitiae,
528 2272 796 2344 quamvis
830 2290 941 2329 non
1006 2292 1121 2331 una
1170 2279 1245 2332 sit
1310 2282 1586 2337 omnibus
1635 2287 1963 2345 sublimitas

252 2359 410 2416 vitaz.
444 2359 686 2415 Parvum
723 2370 775 2416 et
808 2377 1089 2432 magnum
1126 2364 1183 2419 in
1236 2364 1344 2421 hac
1390 2367 1518 2424 luce
1568 2384 1963 2443 conspexerat,

255 2449 360 2520 qui
394 2465 462 2503 ex
490 2466 624 2505 voce
656 2450 861 2522 capitis
889 2452 1115 2508 dicebat
1152 2471 1164 2507 :
1190 2457 1577 2527 Imperfectum
1606 2478 1789 2517 meum
1819 2466 1965 2521 vide-

253 2546 392 2594 runt
420 2539 575 2595 oculi
604 2541 714 2608 tui,
747 2545 798 2595 et
840 2546 897 2596 in
920 2542 1064 2598 libro
1093 2548 1187 2598 tuo
1226 2561 1408 2601 omnes
1446 2550 1754 2606 scribentur
1784 2556 1960 2617 (Psat.

253 2645 534 2694 cxxxvnt,
567 2630 673 2703 16).
708 2633 959 2687 Parvum
992 2639 1050 2689 et
1085 2652 1361 2706 magnum
1396 2650 1795 2712 conspexerat,
1828 2662 1961 2703 cum

255 2718 497 2774 dicebat
526 2736 540 2775 :
573 2721 1058 2779 Benedixitomnes
1089 2725 1341 2783 timentes
1360 2745 1417 2784 se
1433 2731 1717 2802 Dominus,
1731 2738 1963 2804 pusillos

255 2825 388 2865 cum
418 2810 717 2880 majoribus
746 2811 923 2882 (Psat.
955 2831 1114 2882 cam,
1148 2816 1255 2887 43).

330 2900 423 2952 71.
456 2899 587 2968 Quis
615 2905 822 2969 peccati
868 2918 1076 2972 servus,
1108 2908 1231 2977 quis
1258 2908 1326 2962 ab
1355 2924 1415 2964 eo
1444 2910 1606 2978 liber,
1632 2916 1683 2968 et
1713 2917 1853 2986 quod
1878 2918 1965 2974 hic

260 3004 420 3045 nemo
450 2990 516 3044 ab
538 3007 598 3045 eo
629 2990 785 3047 liber.
822 3024 890 3034 —
921 2993 1073 3050 Bene
1093 3002 1287 3052 autem
1322 3000 1593 3056 subditur
1621 3020 1633 3058 :
1670 3005 1734 3058 Et
1775 3023 1965 3064 servus

262 3078 408 3134 liber
434 3096 468 3134 a
496 3079 717 3136 domino
746 3098 865 3138 suo.
912 3082 1208 3155 Scriptum
1259 3087 1475 3160 quippe
1520 3096 1629 3153 est,
1664 3094 1848 3150 Omnis
1869 3100 1965 3168 qui
1993 3122 2039 3194 CI

260 3174 473 3240 peccat,
510 3186 698 3227 servus
719 3181 797 3227 est
842 3174 1047 3241 peccati
1080 3176 1259 3247 (Joan.
1316 3195 1438 3245 vm,
1460 3181 1588 3249 34);
1624 3184 1760 3255 quia
1786 3187 1959 3243 nimi-

260 3276 394 3314 rum
418 3259 684 3332 quisquis
706 3277 769 3316 se
793 3279 968 3332 pravo
1014 3264 1301 3322 desiderio
1350 3269 1607 3339 subjicit,
1631 3273 1960 3347 iniquitatis

256 3348 518 3405 dominio
539 3350 763 3406 dudum
784 3350 967 3408 libera
988 3355 1200 3411 mentis
1220 3356 1364 3412 colla
1386 3363 1685 3432 supponit.
1700 3365 1805 3421 Sed
1823 3367 1959 3425 huic

253 3438 330 3508 (c)
353 3439 589 3495 domino
619 3442 1097 3511 contradicimus,
1121 3460 1253 3501 cum
1275 3446 1571 3518 iniquitati
1596 3468 1721 3522 quae
1746 3471 1849 3511 nos
1865 3472 1960 3512 ce-

254 3532 447 3599 perat,
478 3529 865 3599 reluctamur;
910 3548 1042 3588 cum
1093 3538 1495 3594 consuetudini
1552 3540 1831 3599 violenter
1880 3562 1962 3603 re-

252 3617 542 3686 sistimus,
568 3624 625 3675 et
646 3620 935 3677 desideria
958 3638 1226 3693 perversa
1255 3626 1545 3684 calcantes
1576 3639 1775 3689 contra
1812 3634 1960 3692 hanc

242 3706 353 3777 jus
379 3708 549 3764 nobis
570 3709 852 3767 libertatis
871 3712 1553 3785 ingenitaaviudicamus;
1581 3737 1708 3776 cum
1727 3724 1959 3796 culpam

254 3796 591 3867 panitendo
624 3800 1007 3869 percutimus,
1030 3807 1088 3857 et
1134 3806 1393 3861 maculas
1434 3809 1695 3865 sordium
1730 3812 1960 3871 ﬂetibus

256 3884 536 3941 lavamus.
563 3886 913 3960 Plerumque
937 3895 1274 3963 autemjam
1309 3911 1473 3950 mens
1512 3897 1749 3969 quidem
1802 3905 1958 3973 quod

258 3989 518 4044 perverse
542 3975 730 4046 egisse
760 3992 819 4032 se
849 3978 1135 4045 meminit,
1167 3982 1461 4052 deplorat;
1484 3986 1603 4053 jam
1632 4004 1801 4058 prave
1832 3996 1963 4048 acta

254 4082 373 4121 non
407 4066 597 4122 solum
631 4069 863 4139 deserit,
898 4071 1000 4125 sed
1035 4073 1428 4130 amarissimis
1459 4077 1635 4133 etiam
1684 4080 1959 4140 lamentis

250 4154 464 4225 punit;
499 4157 595 4211 sed
627 4160 822 4213 tamen
855 4160 992 4213 dum
1027 4175 1223 4216 eorum
1258 4178 1382 4232 quae
1401 4166 1517 4235 egit
1539 4168 1957 4239 reminiscitur,

252 4244 335 4314 (ά)
367 4244 524 4315 gravi
558 4245 629 4302 de
654 4247 883 4317 judicio
918 4265 1120 4319 pavore
1150 4255 1415 4308 terretur.
1451 4256 1571 4311 tam
1615 4274 1673 4313 se
1708 4262 1958 4330 perfecte

254 4335 577 4401 convertit;
607 4338 701 4390 sed
736 4337 926 4393 adhuc
948 4355 1010 4394 se
1042 4340 1292 4409 perfecte
1322 4342 1378 4397 in
1422 4346 1791 4405 securitatem
1843 4368 1958 4407 non

2088 477 2304 543 nescit;
2337 493 2403 533 ac
2437 494 2509 533 ne
2538 479 2723 549 culpae
2768 479 3109 537 immanitas
3166 484 3403 541 modum
3440 488 3793 558 paanitentia

2085 569 2368 632 transeat,
2396 567 2618 622 metuit.
2656 568 2722 622 Et
2753 568 3095 641 plerumque
3142 572 3375 644 culpam
3414 576 3539 645 jam
3585 580 3794 638 veritas

2087 655 2326 721 relaxat,
2360 657 2462 711 sed
2496 673 2666 712 mens
2698 658 2914 713 afﬂicta
2935 658 3125 715 adhuc
3155 662 3226 717 de
3252 664 3438 731 venia,
3465 666 3605 724 dum
3630 669 3795 727 valde

2085 744 2200 801 sibi
2229 750 2318 801 est
2337 744 2608 814 sollicita,
2628 748 2694 817 (ε)
2715 748 2983 819 trepidat.
3001 750 3212 807 Servus
3231 768 3367 824 ergo
3391 753 3483 810 hic
3499 757 3625 826 jam
3649 760 3793 828 fugit

2084 835 2536 900 dominum,sed
2568 837 2713 892 liber
2764 853 2879 893 non
2928 842 3039 905 est,
3072 840 3209 911 quia
3256 848 3560 914 peccatum
3613 864 3787 906 suum

2086 919 2258 977 homo
2285 924 2406 992 jam
2438 925 2778 995 corrigendo
2808 934 2859 980 et
2894 926 3227 996 pmnitendo
3277 933 3513 999 deserit,
3549 937 3645 991 sed
3706 941 3792 994 ta-

2084 1025 2218 1065 men
2251 1011 2440 1067 adhuc
2470 1013 2799 1069 districtum
2826 1015 3087 1085 judicem
3122 1018 3192 1072 de
3224 1020 3353 1088 ejus
3401 1022 3781 1082 retributione

2083 1101 2457 1171 pertimescit.
2494 1102 2573 1157 Ibi
2608 1119 2743 1174 ergo
2775 1121 2975 1160 servus
3007 1122 3039 1160 a
3069 1106 3305 1163 domino
3337 1109 3480 1167 liber
3522 1113 3650 1181 erit,
3684 1116 3783 1171 ubi

2074 1188 2199 1259 jam
2231 1191 2303 1245 de
2333 1192 2551 1262 peccati
2579 1194 2745 1249 venia
2775 1193 3044 1251 dubietas
3077 1213 3190 1251 non
3218 1198 3349 1268 erit,
3398 1200 3469 1272 (Γ)
3517 1202 3614 1257 ubi
3656 1204 3783 1274 jam

2080 1295 2346 1337 securam
2382 1290 2631 1339 mentem
2665 1283 2845 1354 culpae
2892 1302 3011 1341 suas
3063 1290 3342 1345 memoria
3385 1308 3495 1347 non
3537 1293 3777 1363 addicit,

2079 1370 2177 1424 ubi
2212 1388 2326 1426 non
2359 1372 2471 1427 sub
2503 1378 2667 1429 reatu
2699 1374 2928 1430 animus
2956 1376 3228 1447 trepidat,
3260 1379 3359 1433 sed
3405 1381 3475 1434 de
3510 1383 3638 1452 ejus
3688 1384 3783 1439 in-

2078 1459 2380 1531 dulgentia
2410 1462 2558 1517 liber
2591 1463 2865 1519 exsultat.

2148 1548 2311 1606 138
2340 1551 2429 1606 72.
2465 1553 2544 1607 An
2593 1551 2759 1608 nulla
2807 1556 2866 1607 in
2905 1555 3034 1609 caelo
3078 1557 3290 1626 peccati
3337 1563 3601 1617 memoria
3634 1580 3653 1616 :
3685 1582 3782 1635 qui

2076 1636 2195 1693 haec
2224 1639 2550 1695 beatitudini
2578 1657 2687 1695 non
2716 1640 2939 1711 ofﬁciat.
2970 1673 3039 1683 —
3068 1644 3179 1699 Sed
3212 1645 3260 1699 si
3294 1645 3453 1701 nulla
3482 1648 3565 1703 ibi
3599 1650 3771 1710 homo

2078 1728 2294 1796 peccati
2318 1729 2406 1784 sui
2430 1730 2714 1785 memoria
2754 1731 3037 1803 tangitur,
3071 1739 3331 1803 ereptum
3371 1752 3435 1792 se
3470 1740 3623 1794 unde
3654 1756 3779 1812 gra-

2073 1816 2298 1873 tulatur
2319 1818 2346 1873 ‘t
2370 1821 2484 1875 Aut
2505 1820 3064 1893 quomodolargitcri
3085 1824 3301 1894 gratias
3325 1827 3495 1883 refert
3517 1830 3588 1885 de
3610 1832 3781 1889 venia

2074 1921 2251 1978 quam
2285 1908 2524 1979 accepit,
2569 1910 2616 1964 si
2660 1908 3082 1967 interveniente
3129 1913 3418 1971 oblivione
3468 1923 3779 1978 transacta:

2074 1998 2369 2068 nequitiae,
2412 2014 2536 2054 esse
2586 2014 2645 2055 se
2716 2016 2892 2068 poena
2946 2002 3261 2059 debitorem
3296 2006 3527 2063 nescit?
3581 2009 3781 2083 Neque

2072 2087 2227 2142 enim
2262 2089 2535 2159 neglectae
2559 2091 3023 2159 praetereundum
3044 2096 3134 2147 est
3151 2096 3304 2165 quod
3330 2095 3635 2155 Psalmista
3659 2103 3739 2156 ait
3763 2116 3778 2157 :

2073 2173 2473 2232 Misericordias
2548 2186 2691 2242 tuas,
2761 2180 3008 2249 Domine,
3093 2182 3152 2235 in
3219 2192 3490 2239 aeternum
3548 2190 3779 2244 cantabo

2072 2266 2245 2338 (Psat.
2281 2283 2549 2328 Lxxxvm,
2590 2268 2658 2338 1).
2695 2270 2993 2334 Quomodo
3025 2271 3180 2326 enim
3221 2273 3312 2327 Dei
3350 2274 3775 2334 misericordias

2074 2354 2133 2410 in
2164 2362 2448 2411 mteruum
2482 2363 2698 2424 cantat,
2730 2358 2779 2413 si
2811 2375 2872 2414 se
2896 2358 3077 2416 fuisse
3102 2361 3376 2417 miserum
3402 2363 3674 2434 ignorat?
3706 2368 3774 2423 Et

2074 2445 2125 2501 si
2158 2446 2406 2500 miserias
2441 2452 2744 2503 transacta;
2777 2465 2891 2503 non
2918 2450 3203 2518 meminit,
3225 2452 3305 2522 (g)
3333 2454 3482 2509 unde
3513 2454 3770 2528 largitati

2077 2537 2487 2591 misericordiae
2516 2538 2718 2593 laudes
2742 2539 2975 2594 reddit?
3003 2540 3109 2595 Sed
3133 2557 3367 2598 rursum
3393 2548 3770 2616 quaerendum

2074 2631 2186 2693 est,
2217 2628 2506 2698 quomodo
2532 2630 2846 2685 electorum
2882 2648 3045 2686 mens
3076 2635 3329 2703 perfecta
3355 2652 3478 2691 esse
3500 2639 3556 2693 in
3594 2640 3775 2695 beati-

2074 2716 2279 2772 tudine
2320 2719 2548 2787 poterit,
2600 2719 2648 2773 si
2696 2720 2844 2774 hanc
2898 2722 3044 2775 inter
3091 2724 3306 2793 gaudia
3355 2727 3637 2782 memoria
3685 2729 3776 2784 sui

2075 2811 2271 2861 reatus
2295 2807 2527 2878 tangit?
2554 2811 2659 2862 Aut
2696 2809 2989 2879 quomodo
3021 2814 3283 2881 periectas
3312 2813 3461 2870 lucis
3506 2816 3778 2874 clarescit

2075 2897 2277 2969 gloria,
2314 2914 2490 2970 quam
2517 2899 2758 2954 reducta
2789 2900 2859 2955 ad
2894 2901 3155 2956 animum
3194 2903 3509 2960 obumbrat
3557 2906 3780 2980 culpa?

2074 2988 2186 3044 Sed
2218 2988 2518 3042 sciendum
2548 2994 2637 3043 est
2667 2990 2802 3059 quia
2831 2990 2983 3044 sicut
3012 3007 3165 3061 saepe
3196 3009 3351 3047 nunc
3379 2995 3632 3051 tristium
3657 2997 3773 3052 leti

2077 3076 2530 3145 reminiscimur,
2563 3078 2644 3132 ita
2671 3084 2805 3133 tunc
2852 3084 3153 3135 transacta:
3200 3082 3476 3155 nequitias
3515 3085 3643 3141 sine
3674 3086 3771 3142 las-

2074 3166 2234 3221 sione
2284 3173 2491 3222 nostras
2542 3168 2924 3224 beatitudinis
2979 3171 3370 3227 recordamur.
3424 3172 3775 3246 Plerumque

2072 3258 2227 3311 enim
2260 3254 2678 3311 incolumitatis
2719 3262 2981 3329 tempore
3028 3259 3097 3313 ad
3149 3262 3494 3317 memoriam
3544 3262 3774 3321 dolores

2073 3344 2390 3417 praeteritos
2412 3345 2538 3400 sine
2564 3344 2758 3401 dolore
2786 3346 3143 3415 reducimus;
3178 3353 3236 3403 et
3268 3366 3382 3421 quo
3410 3367 3590 3422 aegros
3614 3368 3774 3409 reco-

2072 3433 2264 3501 limus,
2285 3451 2352 3490 eo
2378 3452 2481 3490 nos
2515 3435 2835 3492 incolumes
2860 3437 2991 3509 plus
3014 3455 3301 3495 amamus.
3328 3441 3451 3497 Erit
3473 3458 3610 3514 ergo
3635 3448 3691 3499 et
3714 3446 3772 3501 in

2070 3523 2168 3579 illa
2200 3524 2559 3581 beatitudine
2588 3525 2768 3595 culpae
2808 3531 3114 3595 memoria,
3161 3546 3274 3584 non
3329 3548 3455 3602 quas
3512 3538 3771 3591 mentem

2072 3614 2316 3686 polluat,
2350 3618 2450 3670 sed
2485 3632 2612 3686 quae
2646 3633 2752 3672 nos
2783 3618 2863 3689 (ἡ)
2880 3620 3099 3675 arctius
3120 3618 3332 3675 lmtitiaa
3357 3623 3643 3693 astringat
3671 3642 3685 3691 ;
3710 3632 3774 3681 ut

2070 3707 2211 3761 dum
2245 3705 2459 3761 doloris
2491 3706 2584 3762 sui
2615 3709 2838 3763 animus
2870 3710 2996 3765 sine
3028 3712 3224 3767 dolore
3265 3713 3685 3782 reminiscitur,
3718 3720 3775 3773 et

2072 3795 2395 3851 debitorem
2430 3812 2491 3851 se
2526 3797 2745 3852 medico
2791 3800 2983 3853 verius
3034 3800 3352 3871 intelligat,
3385 3808 3441 3857 et
3471 3820 3536 3859 eo
3587 3806 3774 3877 magis

2072 3889 2368 3954 acceptam
2400 3886 2651 3941 salutem
2684 3887 2911 3957 diligat,
2936 3904 3050 3958 quo
3081 3889 3151 3943 de
3176 3890 3440 3947 molestia
3475 3894 3772 3962 meminit,

2071 3973 2213 4045 quid
2244 3974 2447 4031 evasit.
2482 3975 2544 4031 In
2577 3975 2677 4031 illa
2707 3977 2904 4047 itaque
2935 3976 3132 4032 laatitia
3161 3977 3243 4033 sic
3275 3984 3415 4034 tunc
3445 3980 3571 4036 sine
3601 3983 3772 4038 taedio

2071 4064 2225 4119 mala
2248 4068 2442 4119 nostra
2482 4065 2902 4135 conspicimus,
2933 4065 3086 4122 sicut
3118 4084 3273 4123 nunc
3302 4067 3359 4123 in
3392 4068 3521 4124 luce
3572 4070 3767 4140 positi,

2071 4152 2198 4209 sine
2230 4153 2350 4208 ulla
2380 4153 2571 4209 cordis
2619 4154 2865 4225 caligine
2908 4156 3103 4212 animo
3153 4158 3421 4214 tenebras
3466 4159 3769 4229 videmus;

2073 4243 2210 4314 quia
2233 4244 2341 4300 etsi
2364 4244 2679 4300 obscurum
2708 4250 2798 4300 est
2833 4247 2988 4318 quod
3022 4254 3215 4302 mente
3244 4250 3555 4318 cernimus,
3583 4250 3774 4320 deju—

2072 4331 2222 4388 dioio
2244 4332 2887 4394 esthoeluminis,non
2934 4336 3003 4390 de
3052 4335 3319 4405 passione
3368 4340 3663 4395 caecitatis.
3710 4339 3774 4395 Et

250 4421 452 4493 (ιι-ἱείς,
485 4424 620 4495 quia
650 4426 789 4481 dum
819 4433 1037 4499 quanta
1067 4431 1142 4485 sit
1166 4430 1449 4488 ἀίειτίοιίο
1480 4438 1719 4493 extremi
1750 4441 1962 4497 exami_
1992 4423 2037 4487 D
2071 4422 2127 4477 in
2152 4430 2427 4477 aeternum
2453 4439 2589 4494 ergo
2615 4423 2845 4478 laudem
2868 4424 3276 4481 misericordia
3298 4426 3556 4499 largitori
3575 4437 3772 4487 nostro

254 4510 357 4566 nis
390 4516 609 4578 pensat,
642 4513 796 4571 inter
818 4513 984 4586 spem
1021 4533 1086 4572 ac
1123 4518 1491 4576 formidinem
1544 4523 1794 4581 sollicita
1843 4536 1961 4585 tre-

252 4597 442 4670 pidat,
465 4601 601 4671 quia
625 4603 829 4673 justus
851 4604 1032 4674 judex
1064 4607 1320 4674 veniens,
1345 4610 1481 4678 quid
1516 4612 1587 4666 de
1622 4618 1965 4684 perpetratis

252 4694 510 4760 reputet,
530 4692 670 4765 quid
690 4692 925 4764 relaxet,
951 4694 1199 4767 ignorat.
1234 4697 1379 4754 Nam
1405 4715 1583 4771 quam
1606 4719 1785 4774 prava
1804 4722 1963 4762 com-

330 4868 411 4952 (ᾳ)
442 4867 547 4952 Hine
576 4870 647 4925 ab
678 4871 926 4952 invicem
955 4873 1290 4952 discrepant
1309 4882 1423 4934 tam
1450 4879 1587 4938 Mss.
1609 4898 1783 4952 quam
1810 4884 1961 4942 Edit.

252 4940 457 5019 garb;
484 4940 686 5019 ﬁerm.
751 4944 930 5019 habet
966 4940 1285 5003 discretioni
1340 4953 1458 5019 eius
1517 4940 1717 5009 iterum
1771 4940 1960 5011 servit;

256 5012 384 5088 Vel.
420 5011 594 5088 Edit.,
625 5013 1015 5088 discretionem
1045 5020 1164 5088 ejus
1194 5011 1393 5076 iterum
1425 5022 1710 5080 disseruit.
1736 5024 1865 5082 Coc.
1910 5033 1965 5085 et

250 5084 606 5162 posteriores
636 5085 765 5162 Ed,
793 5084 1145 5162 descriptioni
1171 5091 1288 5162 ejus
1324 5094 1520 5148 iterum
1570 5095 1817 5151 inservit.
1853 5084 1961 5155 Se?

253 5154 829 5237 quimuriectionem
861 5154 999 5237 Cod.
1035 5154 1209 5230 Utio.,
1243 5180 1368 5235 quis
1400 5166 1628 5237 videtur
1667 5154 1961 5237 proposito

251 5227 445 5308 sancti
494 5228 754 5308 Gregorii
805 5233 1017 5308 magis_
1050 5227 1339 5308 consona;
1395 5227 1841 5308 loquitur'eni'm
1891 5227 1963 5300 de

251 5299 567 5379 beatorum
593 5299 821 5358 interna
844 5299 983 5375 pace
1004 5303 1098 5361 bis
1118 5299 1439 5379 verbis'Job
1461 5299 1788 5379 significata
1814 5330 1826 5368 :
1853 5299 1963 5371 non

248 5368 631 5446 exaudierunt
663 5368 1174 5446 vocem'exactoris,
1206 5388 1259 5434 et
1290 5380 1420 5435 aliis
1461 5368 1959 5444 antecedentibus;

250 5442 442 5505 Quam
475 5442 686 5499 iterum
719 5448 791 5501 ab
823 5448 1025 5502 eodem
1076 5442 1322 5506 describi
1366 5453 1534 5509 docet
1578 5453 1669 5511 his
1720 5442 1962 5515 verbis”:

244 5528 479 5585 parvus
490 5518 541 5570 et
571 5531 806 5584 magnus
837 5518 913 5573 ibi
933 5528 1079 5575 sunt.

327 5585 412 5652 (ὁ)
445 5584 619 5647 Editi,
653 5592 807 5644 tanta
839 5590 920 5645 vis
948 5594 1178 5647 amoris.
1212 5594 1382 5649 Abest
1418 5611 1525 5651 vox
1546 5601 1750 5652 amoris
1770 5599 1960 5655 aMss.

247 5656 593 5785 ὥξὲἒὶῑί,
613 5659 877 5718 dominio.
902 5662 1160 5721 Potiores
1184 5665 1321 5721 Mss.
1344 5666 1558 5737 quibus
1584 5669 1961 5742 inhaeremus,

2074 4511 2402 4579 referimus,
2436 4516 2491 4567 et
2522 4527 2894 4584 nequaquam
2924 4515 2991 4585 (ἱ)
3010 4516 3256 4571 miserim
3281 4517 3634 4574 conscientia
3649 4534 3773 4590 gra-

2076 4617 2310 4667 vamur;
2344 4601 2475 4672 quia
2507 4602 2643 4658 dum
2677 4601 2829 4657 mala
2858 4608 3059 4660 nostra
3112 4604 3240 4662 sine
3297 4606 3496 4678 aliquo
3556 4609 3771 4664 mentis

2075 4690 2228 4746 malo
2258 4688 2617 4761 respicimus,
2649 4694 2707 4746 et
2738 4706 3039 4762 nunquam
3072 4692 3181 4748 erit
3210 4694 3364 4764 quod
3414 4694 3589 4751 corda
3644 4696 3774 4752 lau-

2146 4870 2219 4947 (d)
2242 4870 2367 4947 Non
2400 4871 2514 4947 alio
2540 4890 2717 4947 sensu
2747 4874 2980 4942 Excusi,
3011 4879 3255 4946 graviter
3271 4877 3482 4947 judicii
3505 4894 3723 4947 pavore.

2167 4942 2216 5020 ς)
2245 4942 2361 5020 μ,
2392 4942 2684 5020 formidat,
2719 4951 2783 5002 ut
2814 4942 3032 5003 habent
3062 4942 3536 5020 omnes'Vulgati.

2163 5016 2209 5092 Γ)
2243 5013 2353 5092 Pro
2379 5013 2478 5070 ubi
2497 5013 2738 5092 Coccius
2772 5020 2970 5089 posuit
3000 5020 3100 5087 ibi,
3133 5020 3286 5092 quod
3320 5013 3593 5092 deinceps
3626 5020 3774 5076 obti-

2072 5090 2212 5161 nuit
2234 5087 2622 5161 renitentibus
2655 5087 2789 5144 Mss}
2823 5106 2889 5145 ac
2921 5087 3167 5161 prioribf
3190 5090 3292 5144 Ed.

2143 5157 2221 5233 (ρ)
2246 5160 2333 5214 Ita
2355 5158 2551 5225 Corb.,
2573 5164 2790 5233 Germ.,
2816 5157 2999 5233 antiq.
3025 5163 3227 5217 Rhein.
3260 5169 3313 5215 et
3346 5160 3597 5233 potiores
3628 5162 3767 5223 Mss.

2072 5229 2223 5302 Editi
2255 5246 2386 5286 cum
2415 5232 2711 5287 nonnullis
2743 5229 2999 5302 scriptis,
3026 5233 3304 5301 largitori.

2142 5301 2223 5377 (Ii)
2248 5304 2309 5357 In
2333 5302 2610 5377 omnibus
2632 5301 2877 5377 Rhem.,’
2893 5303 3142 5374 Remig.,
3164 5304 3334 5359 Corb.
3356 5304 3578 5377 Germ.,
3604 5306 3769 5377 Reg.,

2070 5373 2258 5450 00th.,
2287 5375 2456 5450 altius
2490 5392 2591 5443 pro
2621 5376 2855 5439 arctius,
2890 5378 3041 5444 quod
3071 5373 3264 5431 tamen
3290 5376 3476 5447 magis
3499 5373 3771 5450 congruit

2071 5445 2245 5499 verbo
2274 5445 2565 5514 astringat.

2142 5514 2206 5591 _(i)
2242 5514 2304 5591 I_n
2338 5515 2635 5591 Vulgatis,
2654 5514 2882 5591 miseria
2910 5517 3291 5591 conscientiae.
3343 5519 3548 5575 Melius
3598 5520 3765 5591 Mss.,

2067 5588 2304 5662 miseriae
2334 5588 2691 5662 conscientia,
2726 5587 2835 5662 hoc
2857 5592 2964 5655 est,
2990 5589 3196 5645 intima
3228 5591 3558 5662 cognitione
3590 5598 3646 5647 et
3678 5587 3767 5649 re;

2069 5657 2423 5726 cordatione,
2446 5674 2563 5728 qua
2595 5659 2837 5716 minime
2866 5668 3182 5732 gravantur
3211 5657 3423 5720 sancti.
