4134 6174
356 272 469 332 679

1623 261 1897 325 SANCTI
1942 258 2313 322 GREGORII
2350 257 2601 319 MAGNI

3747 250 3872 311 680

351 407 613 467 dantium
637 406 707 462 de
727 404 1035 461 transactis
1058 402 1473 477 iniquitatibus
1490 401 1733 475 polluat,
1749 403 2049 472 etsemper
2078 398 2134 464 Α
2162 392 2482 467 peccatoris
2513 391 2748 448 animus
2778 390 2961 462 culpae
2993 404 3110 446 sua:
3144 386 3428 444 memoria
3478 386 3762 458 tangitur,
3796 389 3867 441 ut

354 501 463 557 erit
491 498 643 569 quod
680 497 796 551 haec
829 496 897 550 ad
932 494 1165 550 laudem
1214 493 1536 549 liberatoris
1582 492 1883 547 accendat.
1910 492 2051 556 Quia
2161 490 2353 540 tamen
2389 482 2550 538 nulla
2579 482 2843 553 ejusdem
2873 480 3165 537 memoriae
3196 478 3537 535 confusione
3570 477 3876 549 deprima—

353 605 489 661 ergo
511 588 754 643 internae
777 584 923 641 lucis
948 585 1177 655 requies
1209 583 1291 639 sic
1319 583 1379 637 in
1411 598 1470 637 se
1501 598 1743 652 magnos
1768 580 2049 640 sublevat,

353 684 420 736 ut
460 683 654 734 tamen
705 691 811 731 nec
849 675 1120 746 parvulos
1173 673 1559 744 derelinquat,
1592 673 1817 726 dicatur
1850 676 2004 726 recte
2037 686 2049 723 :

354 773 564 827 Parvus
593 776 647 827 et
675 784 909 836 magn-us
935 767 1015 823 ibi
1038 772 1186 821 sunt.
1207 765 1352 829 Quia
1370 769 1563 820 autem
1592 763 1767 819 sicibi
1793 760 2055 817 conversi

2166 584 2277 640 tur,
2323 589 2577 645 congrue
2635 572 3063 645 subjungitur:
3110 572 3181 625 Et
3240 584 3425 624 servus
3485 568 3629 624 liber
3685 585 3717 622 a
3774 567 3877 623 do-

2164 681 2313 721 mino
2344 680 2461 719 suo.

358 885 3876 918 ____________________________.________.___._________________

1630 1037 1967 1126 LIBER
2046 1030 2592 1146 QUINTUS.

785 1223 1095 1305 Reliquam
1120 1225 1334 1304 capitis
1367 1218 1537 1280 tertii
1573 1221 1812 1299 partem
1845 1233 1882 1275 a
1911 1232 1991 1275 xx
2020 1232 2211 1285 versu,
2257 1219 2439 1271 totum
2470 1217 2645 1291 caput
2672 1217 2976 1290 quartum,
3005 1216 3057 1267 et
3084 1204 3287 1287 quinti
3316 1203 3459 1265 duos

1713 1320 1949 1398 priores
1981 1331 2177 1373 versus
2206 1318 2471 1372 enarrat.

910 1566 1146 1623 CAPUT
1186 1565 1491 1621 PRIMUM.

428 1660 478 1715 1.
513 1658 706 1715 Sancti
751 1658 841 1713 hic
877 1672 1136 1729 prospera
1172 1657 1347 1726 magis
1395 1652 1720 1725 formidare,
1747 1668 1910 1724 quam
1952 1651 2054 1706 ad.

352 1766 530 1807 versa.
554 1778 625 1791 —
653 1748 793 1803 Cum
828 1747 991 1802 valde
1020 1745 1247 1801 occulta
1291 1743 1409 1799 sint
1443 1744 1637 1799 divina
1676 1742 1921 1811 judicia,
1952 1757 2056 1795 cur

2166 1559 2384 1615 mundo
2433 1570 2716 1630 prospera
2768 1567 2946 1624 quam
2995 1551 3237 1608 adversa
3287 1552 3621 1611 formident.
3670 1556 3885 1614 Sciunt

2164 1664 2422 1721 namque
2446 1647 2582 1719 quia
2605 1660 2768 1700 mens
2792 1642 2929 1698 dum
2948 1641 3548 1716 blandaoccupatione
3564 1645 3881 1717 premitur,

2168 1738 2482 1810 aliquando
2505 1737 2694 1792 libens
2716 1734 2788 1790 ad
2811 1732 3098 1789 exteriora
3129 1733 3443 1789 derivatur.
3478 1734 3687 1792 Sciunt
3739 1736 3883 1809 quia

358 1791 530 1807 υυιυυ..
656 1791 793 1803 μυ...
837 1791 990 1802 ...η-ν
1022 1791 1247 1801 ww..-“
1292 1791 1408 1799 ---η
1445 1791 1637 1799 “ne-
1676 1791 1921 1811 ,"m",
1959 1791 2045 1795 η-
2508 1791 2520 1792 κ
3675 1791 3679 1792 ,
3756 1791 3814 1809 Γ
3856 1791 3862 1792 ί

358 1840 416 1896 in
440 1840 549 1894 hac
571 1839 689 1894 vita
720 1852 1141 1907 nonnunquam
1174 1835 1343 1890 bonis
1376 1834 1525 1889 male
1557 1835 1655 1898 sit,
1690 1832 1861 1888 malis
1884 1832 2051 1901 bene,
2087 1791 2137 1855 B
2168 1846 2317 1901 saepe
2346 1828 2431 1884 sic
2461 1828 2610 1882 hanc
2642 1824 3003 1880 clandestina
3032 1823 3300 1893 cogitatio
3349 1824 3584 1896 decipit,
3612 1832 3677 1882 ut
3726 1843 3887 1898 quo-

360 1935 504 1987 tunc
521 1929 835 1985 occultiora
865 1935 1021 1993 sunt,
1053 1942 1185 1982 cum
1236 1929 1292 1981 et
1322 1925 1489 1980 bonis
1539 1924 1633 1979 hic
1674 1924 1816 1978 bene
1861 1927 1971 1991 est,
2005 1924 2063 1977 et

355 2021 528 2077 malis
562 2020 727 2075 male.
760 2018 902 2073 Nam
935 2033 1067 2073 cum
1099 2017 1268 2072 bonis
1318 2015 1470 2070 male
1519 2020 1627 2081 est,
1662 2014 1830 2069 malis
1892 2013 2061 2080 bene,

357 2112 467 2168 hoc
492 2113 731 2167 fortasse
754 2108 1225 2179 deprehenditur,
1250 2106 1386 2177 quia
1417 2110 1474 2160 et
1518 2104 1675 2172 boni,
1710 2103 1758 2159 si
1801 2118 1915 2173 qua
1959 2104 2060 2157 de—

358 2200 680 2271 liquerunt,
709 2198 797 2252 hic
822 2196 1128 2267 recipiunt,
1158 2198 1221 2249 ut
1243 2197 1314 2250 ab
1337 2199 1549 2250 aeterna
1571 2193 1799 2265 plenius
1823 2193 2061 2246 damna-

360 2288 515 2344 tione
562 2287 921 2353 liberentur;
955 2291 1012 2340 et
1060 2284 1196 2339 mali
1245 2285 1419 2353 bona,
1463 2299 1588 2354 quas
1642 2298 1742 2353 pro
1793 2282 1898 2337 hac
1948 2281 2063 2336 vita

358 2378 602 2445 faciunt,
638 2376 729 2431 hic
760 2374 1089 2441 inveniunt,
1125 2378 1188 2429 ut
1218 2375 1286 2429 ad
1317 2372 1443 2428 sola
1485 2374 1541 2427 in
1594 2377 1890 2443 posterum
1941 2374 2062 2425 tor-

357 2471 553 2524 menta
578 2464 1007 2538 pertrahantur.
1035 2462 1198 2518 Unde
1220 2467 1277 2517 et
1297 2463 1521 2517 ardenti
1548 2462 1604 2515 in
1643 2460 1869 2516 inferno
1903 2460 2065 2515 diviti

359 2559 570 2615 dicitur
593 2574 606 2612 :
630 2557 917 2625 Memento,
951 2556 1057 2625 ﬁli,
1090 2556 1220 2625 quia
1250 2554 1504 2625 recepisti
1535 2555 1675 2609 bona
1706 2554 1764 2605 in
1794 2552 1911 2606 vita
1943 2556 2063 2617 tua,

356 2655 410 2706 et
469 2650 713 2703 Lazarus
769 2644 1033 2701 similiter
1086 2644 1239 2699 mala
1294 2644 1445 2714 (Luc.
1500 2645 1756 2714 xv1,25).
1797 2646 1872 2698 At
1928 2658 2061 2697 cum

357 2739 530 2796 bonis
552 2739 646 2794 hic
668 2738 814 2793 bene
850 2740 962 2801 est,
986 2742 1039 2791 et
1079 2733 1251 2790 malis
1280 2734 1447 2800 male,
1482 2735 1771 2790 incertum
1804 2733 1968 2789 valde
2001 2733 2066 2787 ﬁt

359 2834 561 2886 utrum
593 2828 731 2884 boni
762 2827 977 2882 idcirco
1012 2825 1162 2880 bona
1194 2824 1503 2896 accipiant,
1540 2829 1602 2879 ut
1650 2823 1941 2896 provocati
1990 2823 2061 2879 ad

359 2918 583 2990 aliquid
619 2916 833 2973 melius
864 2921 1162 2981 crescant;
1198 2931 1270 2968 an
1297 2915 1457 2983 justo
1497 2913 1817 2985 latentique
1844 2912 2066 2983 judicio

366 3007 461 3063 hic
486 3022 728 3061 suorum
773 3020 1013 3075 operum
1051 3004 1575 3058 remunerationem
1630 3003 1969 3074 percipiant,
2005 3005 2069 3057 ut

373 3114 407 3153 a
428 3095 682 3168 praemiis
702 3094 830 3149 vitae
853 3092 1148 3165 sequentis
1173 3092 1537 3160 inanescant;
1573 3097 1628 3147 et
1647 3097 1844 3148 utrum
1878 3093 2065 3147 malos

2172 1920 2342 1975 modo
2376 1920 2740 1990 permutetur
2769 1916 3015 1985 ignoret.
3042 1912 3293 1968 Pensant
3339 1918 3537 1970 autem
3582 1933 3706 1987 quae
3753 1918 3887 1972 sint

2172 2009 2241 2080 (ε)
2266 2011 2477 2063 interna
2500 2007 2652 2061 bona
2675 2020 2800 2075 quae
2815 2001 3076 2072 cupiunt,
3094 2005 3521 2074 etcognoscuut
3535 2020 3713 2075 quam
3730 2006 3886 2061 nihil

2172 2099 2243 2155 sit
2265 2113 2432 2153 omne
2456 2095 2609 2165 quod
2626 2093 2907 2148 blandum
2934 2091 3328 2162 temporaliter
3358 2092 3601 2160 arridet;
3635 2098 3887 2151 cuncta-

2171 2205 2281 2261 que
2302 2188 2482 2258 hujus
2507 2185 2707 2241 mundi
2734 2199 3003 2254 prospera
3035 2199 3197 2239 mens
3226 2199 3430 2239 eorum
3459 2199 3521 2239 eo
3550 2200 3699 2256 agre
3733 2186 3893 2241 tole-

2172 2284 2283 2346 rat,
2317 2295 2432 2349 quo
2464 2292 2731 2348 supernae
2762 2273 3052 2329 felicitatis
3084 2277 3171 2328 est
3201 2290 3399 2330 amore
3438 2275 3715 2344 sauciata,
3740 2280 3885 2330 tari-

2172 2374 2347 2440 toque
2379 2367 2566 2439 magis
2615 2367 2672 2421 in
2732 2364 3033 2437 praesentis
3090 2364 3419 2420 dulcedinis
3468 2366 3882 2436 aspernatione

2174 2459 2436 2529 erigitur,
2474 2464 2688 2528 quanto
2722 2456 2869 2510 hanc
2902 2453 3206 2525 conspicit,
3239 2455 3377 2525 quia
3425 2454 3636 2511 furtive
3671 2456 3787 2510 sibi
3822 2457 3883 2510 in

2174 2556 2399 2606 aeternas
2433 2548 2628 2618 gloria:
2660 2546 2930 2617 despectu
2966 2545 3279 2600 blanditur.
3316 2546 3477 2602 Unde
3510 2547 3719 2601 beatus
3762 2546 3879 2602 Job

2174 2655 2310 2696 cum
2334 2652 2648 2708 supernam
2674 2635 2933 2705 requiem
2948 2634 3377 2705 contemplatus
3391 2635 3609 2691 diceret
3626 2652 3637 2689 :
3659 2642 3881 2691 Parvus

2174 2738 2225 2785 et
2253 2744 2482 2797 magnus
2514 2727 2594 2783 ibi
2631 2729 2778 2795 sunt,
2810 2727 2860 2780 et
2889 2738 3077 2780 servus
3100 2725 3241 2780 liber
3272 2740 3311 2779 a
3342 2723 3558 2781 domino
3585 2724 3884 2793 suo,illico

2178 2818 2445 2891 adjungit
2478 2834 2492 2873 :

2709 2905 2947 2963 CAPUT
2992 2907 3039 2961 11
3071 2907 3212 2977 meo.
3246 2907 3341 2975 11].

2247 3008 2421 3063 Vens.
2446 3006 2538 3062 20.
2572 3037 2639 3046 —
2672 3007 2849 3073 Quare
2879 3004 3008 3061 data
3039 3008 3115 3060 est
3142 3007 3341 3061 misero
3374 3006 3518 3060 lux?

2248 3097 2301 3150 2.
2363 3097 2590 3151 Αἰίενηα
2642 3094 3074 3166 contemplantes
3132 3100 3411 3149 terrenam
3464 3093 3893 3165 prosperitatem

367 3166 583 3241 idcirco
609 3185 849 3239 adversa
872 3184 1096 3248 feriant,
1122 3182 1925 3254 utabzeternissuppliciisw)
1948 3198 2071 3237 cor-
2101 3166 2141 3232 C
2178 3190 2485 3258 refugiunt.
2520 3216 2586 3225 -—
2618 3187 2682 3240 1n
2703 3183 2993 3255 Scriptura
3040 3200 3208 3239 sacra
3252 3200 3676 3256 nonnunquam
3730 3184 3892 3240 lucis

370 3276 619 3347 rigentia
649 3273 999 3329 defendant:
1036 3288 1107 3325 an
1143 3271 1233 3325 hic
1264 3287 1464 3325 eorum
1508 3288 1673 3342 paena
1714 3272 1972 3343 incipiat,
2009 3275 2072 3324 ut

372 3365 723 3437 quandoque
746 3362 1091 3434 complenda
1114 3377 1209 3417 eos
1250 3363 1319 3416 ad
1364 3360 1559 3416 ultima
1598 3362 1874 3430 gehennae
1916 3359 2070 3416 I39

372 3459 663 3512 tormenta
705 3453 999 3525 perducat.
1047 3453 1191 3518 Quia
1232 3469 1367 3523 ergo
1420 3452 1564 3507 inter
1610 3451 1807 3508 divina
1846 3452 2068 3522 judicia

374 3544 535 3617 gravi
567 3541 999 3598 incertitudinis
1030 3558 1151 3597 suae
1182 3542 1424 3614 caligine
1457 3541 1715 3597 humana
1739 3557 1900 3597 mens
1945 3557 2069 3609 pre-

368 3635 569 3702 mitur,
602 3633 789 3689 sancti
821 3632 926 3687 viri
960 3649 1088 3688 cum
1116 3633 1227 3688 sibi
1260 3638 1562 3703 suppetere
1589 3648 1855 3703 prospera
1896 3632 2068 3701 hujus

373 3724 582 3781 mundi
635 3724 1027 3795 conspiciunt,
1077 3724 1287 3794 pavida
1342 3723 1674 3793 suspicione
1732 3724 2067 3778 turbantur.

368 3815 603 3870 Timent
633 3814 789 3869 enim
823 3830 894 3868 ne
936 3814 1025 3867 hic
1056 3812 1319 3868 laborum
1353 3830 1593 3868 suorum
1645 3814 1871 3868 fructus
1923 3811 2069 3866 reci-

370 3902 574 3975 piant;
608 3901 819 3957 timent
849 3917 920 3956 ne
951 3901 1105 3971 quod
1139 3899 1335 3955 divina
1360 3899 1592 3970 justitia
1642 3900 1827 3955 latens
1876 3900 1936 3954 in
1985 3901 2069 3953 eis

367 3992 583 4048 vulnus
609 3990 869 4061 aspiciat,
904 3994 959 4046 et
1001 3990 1385 4046 exterioribus
1432 4006 1530 4045 eos
1583 3990 1925 4044 muneribus
1972 4007 2071 4044 cu-

365 4084 626 4150 mulans,
660 4082 732 4137 ab
764 4082 989 4136 intimis
1020 4080 1276 4152 repellat.
1310 4086 1451 4135 Cum
1474 4097 1605 4135 vero
1629 4080 1791 4136 taciti
1816 4081 2072 4151 cogitant

366 4173 522 4244 quod
555 4187 661 4227 nec
696 4171 843 4227 bona
873 4174 1074 4239 agunt,
1108 4170 1222 4224 nisi
1255 4173 1318 4225 ut
1349 4169 1453 4224 soli
1488 4170 1733 4224 Domino
1783 4170 2068 4239 placeant,

367 4279 473 4317 nec
499 4262 556 4316 in
608 4261 737 4332 ipsa
782 4258 1082 4315 afﬂuentia
1131 4276 1249 4314 suae
1305 4259 1707 4330 prosperitatis
1756 4260 2069 4327 exsultant,

367 4350 571 4404 minus
602 4350 834 4419 quidem
861 4350 930 4403 de
963 4349 1253 4419 prosperis
1284 4348 1510 4403 occulta
1539 4353 1741 4403 contra
1772 4348 2072 4419 sejudicia

368 4440 659 4502 metuunt,
684 4438 784 4491 sed
808 4442 1000 4492 tamen
1025 4439 1222 4492 eadem
1256 4454 1555 4509 prospera,
1591 4437 1727 4508 quia
1770 4454 1827 4493 se
1875 4438 1945 4493 ab
1977 4440 2074 4493 in—

2178 3277 2564 3349 appellatione
2586 3276 2963 3346 prosperitas,
2998 3274 3183 3329 noctis
3214 3279 3403 3329 autem
3438 3275 3673 3329 nomine
3699 3274 3891 3344 hujus

2180 3366 2712 3423 mundiadversitas
2744 3365 3105 3436 designatur.
3140 3364 3298 3420 Unde
3323 3370 3378 3420 et
3410 3365 3555 3420 bene
3586 3381 3689 3437 per
3719 3364 3891 3419 Psal-

2178 3458 2408 3514 mistam
2440 3456 2652 3511 dicitur
2685 3474 2698 3511 :
2734 3454 2886 3509 Sicut
2915 3455 3158 3511 tenebrae
3182 3455 3328 3524 ejus,
3360 3457 3446 3510 ita
3475 3463 3524 3510 et
3554 3456 3733 3510 lumen
3756 3456 3890 3526 ejus

2177 3548 2349 3619 (Psal.
2383 3562 2651 3613 cxxxvm,
2688 3546 2792 3614 l2).
2828 3543 2973 3607 Quia
3002 3543 3159 3599 enim
3191 3545 3378 3599 sancti
3409 3544 3514 3599 viri
3536 3543 3614 3599 ita
3641 3561 3892 3616 prospe-

2178 3638 2407 3692 ritatem
2439 3634 2635 3691 saeculi
2667 3632 3056 3703 deepicientes
3089 3632 3335 3700 calcant,
3370 3633 3523 3690 sicut
3543 3636 3599 3689 et
3621 3634 3893 3691 adversi-

2178 3731 2355 3782 tatem
2388 3725 2513 3795 ejus
2545 3724 2837 3779 calcantes
2885 3721 3157 3791 tolerant,
3191 3739 3291 3793 per
3339 3739 3608 3793 magnam
3660 3726 3890 3782 mentis

2178 3814 2585 3871 celsitudinem
2621 3810 2821 3867 mundi
2856 3811 2966 3866 sibi
2998 3816 3055 3866 et
3086 3812 3331 3867 adversa
3352 3816 3404 3868 et
3428 3828 3701 3883 prospera
3733 3815 3899 3870 sub—

2179 3909 2503 3962 sternentes
2534 3904 2736 3958 dicunt
2767 3919 2780 3957 :
2813 3903 2961 3957 Sicut
2999 3902 3244 3959 tenebrae
3272 3906 3416 3972 ejus,
3468 3903 3547 3958 ita
3595 3913 3644 3960 et
3694 3904 3898 3962 lumen

2178 3996 2314 4065 ejus.
2342 3995 2419 4047 Ac
2442 3992 2487 4047 si
2510 3992 2766 4063 apertius
2799 3990 2994 4046 dicant
3025 4010 3038 4045 :
3074 3991 3237 4047 Sicut
3284 3992 3623 4048 intentionis
3661 4001 3890 4047 nostrae

2180 4082 2579 4139 fortitudinem
2604 4082 2729 4150 ejus
2760 4080 2953 4136 tristia
2984 4097 3101 4137 non
3134 4089 3425 4152 premunt,
3460 4084 3536 4137 ita
3574 4082 3715 4137 hanc
3762 4098 3891 4138 nec

2180 4172 2395 4229 blanda
2424 4174 2826 4239 corrumpunt.
2860 4170 2967 4226 Sed
3021 4171 3160 4241 quia
3198 4170 3340 4237 haec,
3376 4174 3441 4225 ut
3482 4171 3756 4238 diximus,
3785 4172 3902 4228 bo-

2181 4277 2389 4317 norum
2423 4263 2677 4315 mentem
2710 4260 2882 4314 etiam
2904 4276 3033 4314 cum
3060 4276 3173 4315 non
3198 4259 3523 4327 sublevant,
3551 4259 3628 4331 (tl)
3648 4265 3900 4331 pertur-

2180 4350 2336 4409 bant.
2367 4348 2552 4405 sancti
2583 4348 2710 4417 viri,
2745 4349 2847 4418 qui
2877 4364 2938 4404 se
2962 4348 3023 4403 in
3054 4346 3235 4420 hujus
3269 4348 3456 4404 exsilii
3486 4364 3741 4404 aerumna
3762 4350 3901 4405 mi-

2183 4457 2344 4496 seros
2385 4442 2766 4509 cognoscunt,
2826 4438 3141 4494 clarescere
3198 4438 3256 4492 in
3306 4438 3433 4508 ejus
3493 4439 3899 4510 prosperitate

363 4525 508 4579 tima
531 4525 847 4581 intentione
870 4526 1255 4596 praepediunt,
1289 4542 1438 4597 {egre
1482 4527 1705 4595 ferunt;
1741 4534 1793 4582 et
1833 4526 2074 4583 moleste
2105 4538 2150 4601 Ι)
2185 4530 2500 4601 refugiunt.
2536 4528 2699 4584 Unde
2730 4528 2875 4583 bene
2902 4543 3060 4582 nunc
3100 4526 3314 4582 dicitur
3348 4545 3360 4583 :
3396 4528 3572 4596 Quare
3620 4528 3753 4585 data
3810 4542 3901 4587 est

369 4614 673 4686 praesentis
695 4614 825 4669 vita:
849 4614 1244 4670 blandimenta
1266 4617 1537 4683 tolerant,
1570 4618 1709 4688 quia
1734 4634 1833 4690 per
1863 4618 1984 4673 haec
2014 4635 2072 4674 se

372 4707 664 4771 utcunque
697 4703 914 4759 tardari
942 4703 1002 4759 in
1036 4703 1260 4759 interno
1301 4706 1590 4763 desiderio
1622 4724 1735 4762 non
1780 4708 2069 4777 ignorant.

368 4792 507 4849 Plus
530 4792 683 4848 enim
706 4793 765 4848 in
789 4792 898 4849 hoc
923 4794 1141 4848 mundo
1164 4794 1349 4850 honor
1370 4811 1545 4866 quam
1583 4797 1872 4869 despectio
1908 4814 2073 4854 occu~

366 4887 489 4956 pat,
518 4891 572 4939 et
605 4883 787 4951 magis
819 4882 1221 4954 prosperitatis
1247 4883 1582 4942 sublimitas
1611 4903 1787 4956 quam
1814 4887 2073 4943 necessi-

365 4970 503 5028 tatis
527 4970 845 5026 adversitas
887 4974 1109 5042 gravat.
1158 4975 1267 5025 Per
1318 4969 1465 5025 hanc
1515 4988 1765 5043 namque
1806 4991 2073 5031 nonnun-

367 5077 544 5134 quam
573 5075 708 5116 cum
730 5060 901 5116 homo
927 5058 1182 5116 exterius
1197 5059 2074 5134 premitur,adconcupiscenda

368 5167 493 5222 qua:
528 5151 689 5207 intus
721 5159 874 5220 sunt,
910 5151 984 5223 (ὁ)
1017 5149 1254 5207 liberius
1284 5149 1591 5207 relaxatur.
1625 5152 1728 5208 Per
1757 5153 1915 5210 illam
1939 5172 2071 5213 vero

371 5238 624 5306 animus,
650 5240 790 5295 dum
816 5239 1019 5296 multis
1062 5256 1260 5312 parere
1305 5240 1552 5312 cogitur,
1586 5259 1619 5298 a
1670 5242 1937 5299 desiderii
1983 5247 2070 5301 sui

366 5342 544 5385 cursu
578 5328 883 5387 retinetur.
922 5330 1080 5388 Unde
1109 5331 1169 5387 fit
1200 5335 1264 5387 ut
1294 5332 1477 5389 sancti
1510 5331 1618 5387 viri
1648 5333 1830 5405 magis
1864 5334 1923 5389 in
1964 5335 2072 5392 hoc

441 5508 518 5582 (a)
538 5509 757 5582 omnes
784 5510 923 5565 Mss.
950 5511 1031 5565 ita
1064 5512 1300 5582 habent,
1330 5518 1386 5569 et
1415 5522 1590 5571 veter.
1626 5516 1773 5573 Edit.
1802 5517 1982 5574 Paris.
2017 5524 2072 5575 et

368 5580 1093 5654 Basil._aliae,Acorrigendo
1122 5580 1445 5654 defendant.

407 5652 1156 5735 __(b).Mss.'Gorb.'Germ.,
1190 5652 1379 5729 Reg,
1430 5659 1731 5731 Nox-mam,
1765 5667 1821 5719 et
1869 5663 2068 5735 aliqui,

371 5724 601 5781 liberior
630 5722 948 5779 relaxatur.

2182 4618 2386 4674 misero
2419 4617 2556 4671 lux!
2591 4616 2706 4671 Lux
2726 4615 2883 4671 enim
2917 4614 3148 4671 miseris
3196 4616 3388 4684 datur,
3441 4618 3673 4687 quando
3706 4617 3744 4672 ii
3776 4621 3899 4690 qui

2182 4707 2454 4764 sublimia
2476 4705 2961 4778 contemplantes,
2980 4721 3107 4761 esse
3124 4721 3185 4761 se
3206 4706 3266 4760 in
3288 4706 3396 4761 hac
3418 4705 3902 4777 peregrinatione

2182 4795 2411 4854 miseris
2444 4799 2791 4866 agnoscunt,
2824 4793 3145 4850 claritatem
3192 4795 3535 4851 transitoria:
3582 4798 3900 4867 prosperi-

2181 4888 2319 4942 tatis
2342 4884 2654 4956 accipiunt.
2685 4884 2753 4939 Et
2779 4900 2907 4939 cum
2938 4883 3102 4939 valde
3130 4884 3380 4940 defleant
3420 4885 3558 4956 quia
3604 4886 3764 4939 tarde
3812 4888 3901 4942 ad

2182 4979 2425 5049 patriam
2483 4976 2743 5041 redeunt,
2812 4975 3058 5030 tolerare
3114 4973 3354 5045 insuper
3411 4976 3648 5031 honoris
3702 4992 3905 5036 onera

2183 5068 2637 5141 compelluntur.
2658 5069 2944 5122 Amoreos
2970 5070 3315 5123 aeternorum
3346 5067 3674 5136 conterit,et
3700 5066 3907 5139 gloria

2184 5161 2253 5215 de
2279 5156 2698 5229 temporalibus
2721 5155 2952 5211 arridet.
2974 5155 3080 5218 Qui
3104 5156 3245 5211 dum
3279 5155 3542 5229 cogitant
3570 5158 3725 5212 140
3755 5174 3904 5228 quas

2184 5249 2302 5305 sint
2335 5265 2461 5319 quae
2486 5248 2542 5301 in
2563 5246 2783 5301 inﬁmis
2798 5249 3017 5312 tenent,
3037 5250 3094 5300 et
3115 5263 3239 5317 quae
3264 5247 3382 5302 sint
3404 5263 3533 5318 quae
3577 5247 3647 5303 de
3696 5247 3905 5304 subli-

2184 5338 2373 5394 mibus
2398 5353 2512 5393 non
2534 5336 2758 5402 vident;
2792 5351 2919 5406 quas
2951 5334 3072 5391 sint
3121 5351 3247 5407 qua
3297 5336 3356 5391 in
3410 5344 3560 5392 terra
3610 5336 3899 5409 iniciunt,

2252 5521 2319 5588 (Γ)
2346 5518 2619 5575 Nonnulli
2655 5516 2788 5572 Mss.
2815 5523 2869 5571 et
2903 5516 3075 5585 Editi,
3111 5533 3229 5589 qua
3258 5519 3377 5589 sint
3408 5518 3651 5573 interna.
3677 5519 3785 5573 Sed
3811 5517 3907 5573 le-

2180 5592 2437 5661 gendum
2470 5607 2596 5645 esse
2625 5599 2861 5654 aeterna,
2899 5593 3056 5659 patet
3070 5588 3140 5644 ex
3164 5588 3525 5661 oppositione
3547 5593 3728 5646 omnis
3749 5590 3907 5662 quod

2181 5662 2448 5719 blandum
2477 5662 2861 5732 temporaliter
2880 5662 3120 5716 arridet.
3310 5676 3315 5680 ‘

2252 5735 2332 5809 (ά)
2366 5733 2608 5791 Vindoc.
2641 5737 2697 5789 et
2720 5732 2898 5803 antiq.
2932 5732 3163 5804 Rhem.,
3190 5733 3447 5806 probant.
