4134 6174
359 258 475 318 681

1313 264 1725 330 MORALIUM
1774 271 1919 331 LIB.
1967 273 2037 333 V.
2088 308 2165 319 ——
2208 274 2286 336 IN
2332 278 2500 339 CAP.
2549 279 2627 341 IV
2669 282 2736 342 B.
2784 284 2944 346 ιΙΟΒ.

3773 312 3891 371 682

358 407 486 463 quas
516 395 711 449 autem
754 392 825 451 de
864 392 1197 453 ccelestibus
1231 398 1628 469 perdiderunt,
1664 405 2063 476 prosperitatis
2093 409 2149 477 Α
2180 405 2305 481 ipse
2336 409 2397 466 in
2419 428 2613 470 amore
2644 418 2931 475 mundum
2957 422 3182 495 retinet,
3214 444 3316 486 nec
3349 447 3582 491 rursum
3618 455 3651 493 a
3681 443 3889 501 mundi

358 499 472 523 unm
497 499 739 523 mmpnrn
772 486 1143 523 mnnﬂnntnn-
1170 488 1303 523 ηης,
1334 490 1439 523 Δ)ιοῖ
1466 490 1656 523 υἷιῑιιηι
1692 508 2058 523 ...υ-..-ρηηη-
2177 515 2369 523 -..μμ
2404 503 2679 523 __1:_A.,,n
2765 507 2775 518 ο
2822 508 2832 519 ο
2909 510 2920 521 .
3046 513 3078 523 ..
3108 514 3119 523 .
3203 521 3209 523 .
3256 520 3266 523 -

351 499 472 539 sua:
496 499 743 541 mmrore
772 486 1145 555 mordentur;
1169 488 1308 559 quia
1334 490 1440 545 etsi
1466 490 1660 548 vident
1692 508 2061 567 nequaquam

351 587 411 627 se
461 571 533 627 ab
580 588 649 628 ea
694 572 961 629 funditus
1010 574 1284 647 opprimi,
1316 585 1563 648 pensant
1599 583 1791 636 tamen
1824 582 2064 640 sollicite

347 660 756 731 cogitationem
808 680 972 719 suam
1023 665 1079 720 in
1111 681 1307 721 amore
1352 668 1580 724 Domini
1613 673 1667 726 et
1698 670 1756 727 in
1790 673 1916 742 ejus
1948 674 2059 730 dis-

346 751 683 820 pensatione
724 752 946 821 pertiri.
990 753 1151 809 Unde
1182 754 1328 811 bene
1348 770 1483 812 cum
1508 758 1650 814 dicit
1684 776 1696 814 :
1725 763 1904 826 Quare
1929 762 2062 819 data

340 846 422 893 est
452 842 650 896 misero
683 841 785 896 tua:
813 845 841 896 Σ)
880 843 1148 913 protinus
1189 845 1497 917 adjungit:

735 931 967 987 CAPUT
997 932 1071 987 ιιι
1122 934 1256 1004 [νει.
1293 934 1362 999 ιι,
1394 936 1515 994 Rec.
1539 938 1663 1008 III].

410 1019 588 1075 Vens.
604 1020 659 1077 2.
683 1052 754 1061 —
768 1021 831 1074 Et
846 1021 961 1076 vita
983 1021 1065 1077 his
1082 1022 1177 1093 qui
1201 1026 1260 1078 in
1286 1025 1657 1083 amaritudine
1675 1030 1875 1085 animm
1902 1036 2055 1096 sunt,

414 1111 468 1166 3.
502 1111 607 1167 Hic
652 1111 712 1167 in
762 1112 1139 1169 amaritudine
1185 1119 1313 1169 sunt
1361 1116 1515 1172 electi
1555 1122 1605 1173 et
1652 1120 2056 1193 reprobi;quo

335 1197 678 1255 discrimine.
730 1231 801 1240 —
850 1200 912 1256 In
960 1202 1342 1258 amaritudine
1393 1204 1605 1276 quippe
1655 1207 1866 1265 animae
1914 1216 2056 1268 sunt

334 1302 544 1343 omnes
586 1287 772 1355 electi,
811 1290 942 1361 quia
980 1289 1069 1345 vel
1117 1291 1323 1360 punire
1378 1292 1567 1349 fiendo
1618 1312 1733 1352 non
1775 1298 2054 1357 desinunt

335 1391 465 1447 quas
495 1376 891 1448 deliquerunt,
920 1379 1006 1433 vel
1039 1380 1199 1449 gravi
1232 1396 1293 1436 se
1320 1397 1568 1439 mcerore
1602 1384 1887 1455 afficiunt,
1911 1391 2052 1459 quia

332 1464 505 1537 longe
527 1466 641 1521 huc
662 1484 694 1522 a
717 1466 861 1523 facie
892 1469 1212 1523 conditoris
1236 1472 1500 1541 projecti,
1527 1473 1716 1529 adhuc
1737 1475 1793 1530 in
1824 1483 2048 1534 aeternae

332 1555 533 1626 patrias
564 1556 796 1628 gaudiis
827 1573 942 1613 non
972 1562 1132 1613 sunt.
1165 1558 1247 1614 De
1279 1576 1522 1631 quorum
1553 1564 1725 1620 corde
1756 1582 1855 1637 per
1883 1568 2047 1624 Salo-

330 1660 572 1701 monem
603 1645 749 1701 bene
780 1645 1031 1703 dicitur:
1065 1648 1191 1714 Cor,
1242 1649 1381 1720 quod
1411 1654 1560 1706 novit
1605 1656 2047 1713 amaritudinem

326 1734 537 1790 animm
564 1749 699 1804 sum,
733 1739 793 1791 in
823 1737 1024 1808 gaudio
1051 1738 1213 1795 illius
1242 1756 1352 1795 non
1390 1744 1706 1799 miscebitur
1742 1754 2044 1805 extraneas
2080 1784 2122 1848 Β

327 1825 495 1848 In..-“
548 1841 640 1848 _..--
695 1825 779 1848 nn\
840 1827 899 1848 ἰ..
933 1827 1238 1848 __A__SA__13
1264 1847 1268 1848 ,
1299 1846 1310 1848 -
1735 1838 1745 1848 .
1822 1839 1832 1848 .
1990 1838 2005 1848 ε

325 1825 515 1897 (Prov.
548 1841 661 1895 xxv,
694 1825 803 1898 10).
840 1827 905 1885 In
929 1827 1318 1886 amaritudine
1340 1848 1591 1904 namque
1615 1838 1755 1891 sunt
1784 1839 1841 1892 et
1869 1838 2043 1895 corda

323 1915 734 1984 reproborum,
780 1916 918 1987 quia
950 1916 1094 1987 ipsis
1144 1918 1320 1975 etiam
1352 1921 1545 1991 pravis
1576 1924 1700 1980 suis
1740 1925 2043 1984 desideriis

323 2004 822 2077 afﬂiguntur;sed
845 2007 1104 2061 eamdem
1118 2008 1570 2067 amaritudinem
1596 2014 1880 2085 nesciunt,
1908 2017 2043 2088 quia

322 2108 574 2165 pensare
606 2096 755 2166 quod
791 2093 1062 2163 tolerant,
1091 2106 1295 2168 sponte
1326 2115 1430 2154 sua
1459 2104 1729 2159 excecati
1762 2120 1877 2161 non
1910 2124 2040 2177 pos-

322 2187 485 2239 sunt.
539 2184 614 2238 At
655 2186 855 2238 contra
904 2200 1002 2239 cor
1051 2185 1339 2242 bonorum
1391 2192 1839 2249 amaritudinem
1874 2210 2039 2251 suam

322 2272 509 2342 novit,
547 2270 686 2341 quia
723 2288 1045 2328 aerumnam
1076 2274 1286 2343 exsilii,
1322 2276 1377 2330 in
1411 2294 1528 2349 qua
1559 2282 1874 2351 projectum
1902 2283 2044 2340 lace-

319 2364 503 2427 ratur,
531 2360 837 2433 intelligit;
867 2366 922 2417 et
944 2378 1118 2433 quam
1143 2363 1261 2420 sint
1281 2367 1596 2437 tranquilla
1618 2386 1744 2440 quae
1767 2372 2036 2443 perdidit,

320 2465 499 2521 quam
533 2450 770 2505 confusa
793 2449 851 2505 in
875 2451 1087 2522 quibus
1110 2452 1342 2523 cecidit,
1375 2455 1569 2513 sentit.
1613 2457 1727 2513 Sed
1753 2458 1861 2516 boc
1882 2478 2037 2518 ama-

318 2539 576 2595 ricatum
607 2554 707 2595 cor
735 2540 807 2595 ad
839 2540 1112 2612 gaudium
1136 2558 1310 2598 suum
1341 2547 1689 2618 quandoque
1721 2549 2034 2619 reducitur,

322 2636 501 2701 atque
528 2628 587 2683 in
612 2629 736 2699 ejus
767 2630 980 2700 gaudio
1008 2635 1316 2688 extraneus
1340 2649 1455 2689 non
1487 2634 1756 2692 miscetur
1780 2656 1793 2707 ;
1827 2640 1964 2712 quia
1985 2643 2035 2697 is

323 2716 428 2789 qui
454 2733 611 2772 nunc
636 2717 705 2772 ab
728 2717 837 2773 hoc
863 2733 1103 2775 mmrore
1137 2720 1329 2777 cordis
1362 2723 1512 2779 foras
1544 2740 1604 2780 se
1628 2742 1727 2797 per
1747 2728 2036 2786 desideria

322 2807 505 2878 ejicit,
538 2805 804 2864 seclusus
849 2812 987 2864 tunc
1026 2811 1097 2865 ab
1140 2810 1240 2866 illa
1270 2812 1478 2870 intima
1507 2815 1636 2886 ejus
1666 2817 2035 2877 solemnitate

324 2896 675 2952 remanebit.

397 2986 448 3039 4.
486 2984 619 3053 Quis
648 2993 893 3041 mortuus
933 2988 1151 3054 mundo,
1185 2996 1235 3044 et
1274 2991 1369 3045 cui
1398 2993 1629 3049 mundus
1661 3000 1923 3053 mortuus.
1971 3032 2032 3040 -κ

324 3072 395 3130 Hi
452 3074 653 3145 itaque
700 3075 801 3145 qui
859 3074 918 3130 in
968 3077 1359 3135 amaritudine
1416 3083 1624 3138 animae
1670 3094 1823 3155 sunt,
1886 3089 2033 3145 mori

325 3164 550 3219 mundo
574 3163 834 3219 funditus
856 3166 1308 3237 concupiscunt;
1338 3174 1400 3224 ut
1422 3171 1572 3226 sicut
1599 3172 1654 3227 in
1688 3176 1899 3232 smculo
1922 3179 2033 3250 ipsi

324 3253 473 3310 nihil
508 3258 812 3326 appetunt,
846 3255 924 3310 ita
965 3257 1088 3326 jam
1142 3275 1172 3310 a
1222 3260 1429 3316 saeculo
1473 3262 1635 3319 nulla
1688 3267 2041 3339 obligatione

324 3345 656 3398 teneantur.
677 3342 743 3396 Et
764 3342 1109 3415 plerumque
1131 3347 1417 3419 contingit
1448 3352 1647 3420 utjam
1675 3353 1843 3410 homo
1869 3373 2041 3412 mun-

328 3432 467 3486 dum
494 3436 687 3485 mente
709 3448 823 3487 non
848 3436 1062 3499 teneat,
1091 3436 1190 3489 sed
1219 3441 1414 3491 tamen
1454 3441 1708 3496 mundus
1741 3443 2039 3503 hominem

328 3520 814 3591 occupationibus
845 3523 1155 3595 astringat:
1180 3527 1381 3598 etipse
1413 3530 1649 3600 quidem
1680 3534 2036 3606 mundojam

325 3616 599 3667 mortuus
623 3616 728 3685 est,
753 3612 852 3667 sed
880 3612 990 3684 ipsi
1016 3616 1272 3671 mundus
1295 3617 1487 3673 adhuc
1508 3626 1766 3677 mortuus
1789 3640 1902 3681 non
1926 3632 2035 3683 est.

321 3702 502 3766 Quasi
532 3703 685 3758 enim
717 3703 908 3759 adhuc
934 3704 1099 3761 vivus
1127 3708 1384 3763 mundus
1402 3725 1533 3765 eum
1564 3713 1867 3785 conspicit,
1894 3717 2033 3774 dum

319 3792 439 3848 alio
472 3792 761 3847 intentum
794 3793 850 3848 in
886 3794 1005 3849 suis
1036 3796 1260 3851 actibus
1291 3813 1491 3869 rapere
1523 3804 1838 3860 contendit.
1873 3805 2037 3865 Unde

319 3881 474 3937 bene
504 3881 737 3949 Paulus,
771 3899 902 3937 cum
934 3887 991 3939 et
1018 3884 1141 3955 ipse
1179 3887 1460 3943 saeculum
1495 3891 1741 3960 perfecte
1772 3894 2036 3967 despice-

321 3973 435 4036 ret,
469 3972 523 4024 et
549 3968 717 4026 talem
744 3987 805 4026 se
834 3970 1049 4027 factum
1073 3972 1310 4040 videret,
1344 3976 1420 4047 (α)
1443 3980 1757 4050 quemjam
1791 3980 1897 4038 hoc
1927 4001 2036 4039 sis-

321 4056 527 4113 culum
561 4058 967 4130 concupiscere
996 4062 1234 4118 omnino
1258 4080 1373 4120 non
1398 4071 1611 4135 posset,
1647 4068 1832 4140 ruptis
1855 4070 2035 4143 hujus

319 4147 459 4203 vita
486 4148 733 4205 vinculis
761 4148 911 4206 liber
949 4150 1129 4208 dicit:
1160 4154 1295 4210 Mihi
1327 4157 1562 4214 mundus
1600 4162 1896 4233 cruciﬁxus
1930 4173 2030 4232 est,

320 4242 375 4295 et
426 4253 523 4307 ego
570 4238 768 4296 mundo
800 4238 946 4312 (Gal.
982 4258 1056 4311 v1,
1092 4241 1201 4314 14).
1237 4244 1491 4304 Mundus
1518 4249 1732 4323 quippe
1763 4254 1811 4309 ei
1845 4256 2029 4311 cruci-

322 4327 478 4382 ﬁxus
501 4327 705 4399 fuerat,
732 4329 804 4399 (b)
829 4329 963 4401 quia
981 4330 1135 4386 bunc
1159 4334 1436 4391 cordisuo
1454 4337 1571 4407 jam
1600 4350 1892 4400 mortuum
1916 4362 2029 4402 non

324 4416 583 4473 amabat.
619 4418 729 4473 Sed
764 4422 819 4473 et
858 4435 919 4474 se
967 4421 1154 4491 ipsum
1208 4426 1428 4481 mundo
1479 4430 1859 4502 cruciﬁxerat,
1894 4437 2030 4506 quia

318 4505 503 4562 talem
534 4523 595 4563 se
627 4508 674 4563 ei
708 4508 975 4566 exhibere
1005 4512 1249 4581 studuit,
1276 4518 1337 4569 ut
1364 4515 1435 4571 ab
1467 4531 1531 4572 eo
1564 4520 1731 4590 quasi
1766 4505 2029 4583 mortuus
2063 4517 2106 4582 Ι)
2140 4505 2156 4510 ’
2208 4532 2263 4587 6.
2300 4534 2584 4591 Desideria

320 4596 659 4667 concupisci
694 4614 803 4653 non
838 4604 1054 4670 posset.
1079 4602 1133 4656 Si
1167 4602 1321 4657 enim
1346 4620 1461 4659 uno
1492 4604 1547 4660 in
1581 4606 1705 4663 loco
1737 4609 1856 4666 sint
1886 4629 2037 4669 mor-

320 4689 468 4740 tuus
497 4690 553 4740 et
571 4687 810 4753 vivens”;
845 4690 953 4744 etsi
988 4694 1250 4747 mortuus
1296 4694 1485 4750 vivum
1522 4712 1635 4752 non
1666 4699 1839 4767 videt,
1872 4703 2032 4759 vivus

318 4779 523 4829 tamen
573 4783 863 4833 mortuum
899 4778 1090 4849 videt;
1122 4782 1173 4836 si
1205 4798 1338 4839 vero
1383 4786 1612 4856 utrique
1644 4789 1760 4843 sint
1791 4793 2032 4861 mortui,

319 4864 474 4921 alter
494 4864 736 4921 alterum
762 4882 1129 4939 nequaquam
1158 4872 1331 4927 videt.
1360 4874 1446 4929 Ita
1467 4875 1568 4946 qui
1590 4877 1718 4946 jam
1742 4882 2028 4938 mundum

319 4971 439 5010 non
474 4963 647 5023 amat,
680 4957 780 5012 sed
822 4960 1017 5014 tamen
1049 4959 1121 5014 ab
1150 4959 1249 5016 illo
1281 4963 1367 5017 vel
1401 4980 1513 5019 non
1546 4967 1746 5022 volens
1780 4974 2025 5040 amatur,

318 5043 429 5101 etsi
463 5044 585 5117 ipse
614 5044 766 5101 velut
798 5056 1060 5105 mortuus
1092 5052 1377 5107 mundum
1401 5070 1515 5109 non
1548 5055 1722 5123 videt,
1757 5057 1910 5115 hunc
1936 5064 2026 5117 ta-

316 5148 457 5190 men
497 5135 751 5190 mundus
780 5136 972 5193 adhuc
1004 5153 1118 5195 non
1151 5146 1418 5197 mortuus
1450 5144 1623 5201 videt.
1670 5146 1729 5201 Si
1761 5162 1890 5205 vero
1923 5166 2026 5208 nec

391 5362 474 5445 (a)
505 5362 591 5418 Ita
609 5367 746 5444 Mss.
782 5378 927 5445 pene
949 5378 1172 5445 omnes,
1199 5384 1334 5439 non,
1359 5371 1502 5445 quod
1523 5373 1654 5445 iam,
1676 5379 1740 5432 ut
1762 5378 1819 5433 in
1845 5378 2025 5437 Editis

313 5434 570 5502 legitur:
605 5433 857 5521 primam
884 5434 1243 5521 .lectionem‘
1274 5433 1549 5521 optimam
1598 5433 1730 5521 esse
1778 5433 2025 5521 probant

310 5512 841 5595 quas'sequuntur:
869 5507 1043 5595 tantem
1072 5525 1127 5564 se
1155 5513 1205 5565 ei
1224 5507 1486 5595 (mundo)
1516 5507 2023 5595 exhiberc‘studuit,

308 5585 378 5632 ut
396 5578 472 5659 at)
491 5592 552 5659 eo
603 5577 770 5659 quasi.
799 5586 1049 5659 mortuus
1076 5577 1382 5659 concupisci
1408 5577 1517 5644 non
1546 5598 1738 5659 posset.

391 5648 463 5735 (13)
496 5648 773 5705 Nonnulli
807 5666 939 5706 cum
972 5650 1165 5722 Corb.,
1198 5648 1449 5727 a'prima
1490 5648 1691 5733 manu,
1723 5667 1851 5735 quia
1881 5666 2025 5723 hunc

306 5719 475 5776 corde
503 5736 621 5777 suo.

644 5819 909 5886 PATROL.
958 5822 1186 5908 LXXV.

2173 590 2309 659 quia
2339 592 2478 647 dum
2514 593 2659 650 alter
2688 596 2931 655 alterum
2968 619 3079 659 non
3112 609 3353 679 appetit,
3392 618 3562 685 quasi
3596 590 3887 679 mortuum

2176 685 2439 736 mortuus
2472 699 2587 738 non
2619 689 2881 744 attendit.
2906 692 3051 756 Quia
3092 695 3273 767 igitur
3302 702 3515 760 Paulus
3545 723 3651 763 nec
3684 714 3889 771 mundi

2168 769 2410 840 gloriam
2445 775 2758 843 quaerebat,
2793 794 2897 835 nec
2928 797 2959 835 a
2990 786 3192 841 mundi
3220 788 3402 860 gloria
3435 794 3558 866 ipse
3593 802 3889 869 quaereba-

2169 861 2285 925 tur,
2332 864 2388 915 et
2418 876 2480 916 se
2520 865 2760 935 mundo,
2783 872 2841 923 et
2889 873 3173 930 mundum
3224 878 3336 933 sibi
3374 861 3715 944 cruciﬁxum
3760 907 3885 949 esse

2167 946 2466 1019 gloriatur.
2494 952 2653 1016 Quod
2679 954 2817 1024 quia
2840 958 3009 1014 multi
3030 968 3328 1034 appetunt,
3354 971 3456 1026 sed
3480 977 3673 1033 tamen
3700 946 3886 1051 usque

2165 1039 2233 1091 ad
2266 1040 2496 1095 culmen
2532 1044 2927 1104 exstinctionis
2954 1053 3098 1108 141
3142 1060 3298 1113 omni
3330 1062 3500 1119 modo
3534 1082 3647 1121 non
3681 1039 3885 1127 assur-

2164 1132 2330 1197 gunt,
2365 1135 2513 1186 recte
2540 1140 2838 1202 gementes
2867 1138 3113 1199 dicunt:
3151 1145 3329 1213 Quare
3376 1150 3503 1208 data
3551 1166 3632 1211 est
3686 1163 3883 1219 misero

2166 1216 2284 1284 lux,
2317 1222 2368 1273 et
2396 1221 2506 1275 vita
2539 1221 2626 1276 his
2659 1227 2759 1293 qui
2787 1226 2846 1281 in
2881 1232 3264 1293 amaritudine
3305 1240 3506 1297 animm
3548 1252 3722 1302 sunt?
3748 1249 3883 1309 Vita

2163 1305 2373 1405 quippe
2388 1311 2723 1405 ama-ricatis
2742 1315 2932 1387 datur,
2949 1335 3081 1376 cum
3098 1322 3274 1395 hujus
3292 1305 3883 1405 mundigloriatristi:

2159 1393 2271 1449 bus
2284 1397 2766 1473 gementibusque
2782 1405 3070 1464 tribuitur.
3089 1410 3149 1467 In
3166 1393 3280 1485 qua
3296 1393 3569 1478 nimirum
3586 1424 3699 1482 vita
3712 1393 3882 1498 pinna

2160 1501 2220 1540 se
2254 1485 2594 1546 validissimi
2634 1491 2862 1550 timoris
2911 1499 3192 1565 afficiunt,
3247 1509 3386 1578 quia
3436 1514 3545 1568 etsi
3589 1485 3876 1576 mundum

2161 1591 2274 1630 non
2303 1581 2524 1646 tenent,
2550 1582 2739 1639 adhuc
2766 1590 2961 1644 tamen
2989 1591 3129 1649 tales
3157 1611 3281 1653 esse
3304 1616 3366 1655 se
3398 1608 3686 1676 metuunt,
3722 1611 3875 1680 quia

2158 1667 2374 1722 mundo
2398 1671 2704 1727 teneantur
2736 1692 2749 1742 ;
2776 1678 2913 1746 quia
2938 1679 3048 1735 nisi
3096 1683 3145 1737 ei
3181 1667 3762 1766 quantulumcunque
3793 1699 3875 1754 vi-

2157 1763 2371 1824 verent,
2404 1756 2510 1813 bos
2533 1761 2603 1814 ad
2640 1778 2811 1818 usum
2846 1782 3017 1823 suum
3045 1775 3243 1842 procul
3268 1777 3445 1834 dubio
3480 1797 3595 1837 non
3628 1756 3872 1842 amaret.

2156 1842 2310 1900 Mare
2350 1846 2506 1902 enim
2559 1849 2683 1906 viva
2737 1868 2977 1925 corpora
3010 1859 3064 1913 in
3115 1867 3429 1939 semetipso
3465 1872 3710 1942 retinet;
3744 1890 3873 1931 nam

2156 1937 2385 1989 mortua
2415 1943 2575 1992 extra
2611 1954 2669 1995 se
2700 1943 2960 2011 protinus
2992 1951 3247 2021 expellit.
3282 1937 3592 2028 Sequitur:

2651 2027 2881 2087 CAPUT
2920 2034 2993 2089 1v
3034 2038 3177 2109 [ιιεε.
3212 2044 3332 2115 IV].

2222 2111 2396 2168 Vens.
2431 2114 2519 2171 21.
2554 2146 2621 2156 —
2646 2119 2749 2187 Qui
2780 2130 3100 2194 exspectant
3128 2111 3378 2207 mortem,
3410 2148 3460 2194 et
3490 2158 3599 2198 non
3632 2151 3795 2205 venit.

2221 2202 2275 2257 5.
2311 2204 2460 2259 Mori
2504 2209 2708 2263 smculo
2763 2217 3097 2288 appetentes,
3129 2237 3273 2294 saepe
3310 2202 3571 2287 humanis
3617 2239 3868 2294 ministe-

2150 2292 2249 2344 riis
2279 2297 2482 2350 servire
2509 2308 2800 2365 coguntur.
2828 2307 2947 2358 Non
2972 2306 3093 2364 sine
3119 2292 3217 2366 suo
3257 2318 3309 2368 et
3337 2317 3578 2377 aliorum
3602 2323 3776 2382 lucro.
3801 2362 3869 2370 —

2151 2379 2495 2443 Desiderant
2533 2387 2745 2461 quippe
2794 2395 3143 2454 mortiﬁcare
3175 2418 3237 2458 se
3266 2405 3551 2479 funditus,
3593 2379 3775 2487 atque.
3796 2420 3868 2475 ab

2150 2474 2306 2527 omni
2340 2476 2453 2530 vita
2473 2477 2668 2547 glorias
2698 2485 3035 2555 temporalis
3058 2494 3458 2569 exstinguere;
3491 2504 3591 2559 sed
3624 2474 3870 2567 occultis

2148 2578 2297 2633 saepe
2330 2563 2428 2619 Dei
2467 2568 2710 2637 judiciis
2741 2574 2825 2629 vel
2867 2593 3111 2646 praeesse
3136 2582 3193 2637 in
3227 2563 3528 2662 regimine,
3568 2596 3655 2651 vel
3688 2615 3868 2656 occu—

2149 2652 2272 2757 pari
2317 2654 2599 2724 injunctis
2649 2658 2968 2722 honoribus
3014 2652 3468 2752 compelluntur,
3513 2652 3866 2757 atqueinler

2146 2740 2266 2797 haec
2314 2746 2814 2808 mortificationem
2874 2740 3277 2826 plenissimam
3330 2740 3727 2832 indesinenter
3767 2797 3865 2836 ex-

2143 2838 2428 2902 spectant.
2461 2836 2571 2895 Sed
2605 2851 2931 2912 exspectata
2955 2866 3109 2907 mors
3140 2870 3254 2912 non
3288 2862 3464 2929 venit,
3497 2867 3634 2937 quia
3663 2885 3863 2930 eorum

2146 2938 2289 2979 usus
2321 2928 2620 2997 temporali
2666 2932 2863 3003 gloria:
2909 2940 3085 2995 etiam
3132 2945 3333 3003 nolens
3382 2928 3534 3023 vivit,
3568 2973 3742 3029 quam
3777 2967 3865 3018 ta-

2146 3027 2279 3067 men
2308 3016 2629 3119 pro‘divino
2662 3020 2731 3092 (ο)
2772 3023 2977 3083 timore
3009 3032 3271 3090 tolerant.
3315 3040 3384 3094 Et
3424 3016 3600 3101 intus.
3623 3016 3862 3119 quidem

2144 3110 2375 3204 servant
2406 3107 2762 3168 desiderium
2797 3115 3051 3187 pietatis,
3087 3123 3226 3181 foris
3256 3134 3450 3187 autem
3483 3107 3712 3209 explent
3744 3107 3861 3198 mis

2150 3191 2460 3251 nisterium
2506 3198 2763 3268 ordinis;
2804 3211 3095 3275 quatenus
3152 3231 3256 3271 nec
3288 3234 3321 3272 ει
3362 3191 3708 3289 ρθτῖθοῖιοιιθ
3760 3242 3863 3304 per

2150 3279 2521 3304 :_A-_L:-_-__
2564 3303 2572 3304 κ
2603 3303 2610 3304 ,
2709 3290 2725 3304 ιι
2818 3299 2827 3304 -
3048 3302 3084 3304 μμ

2147 3279 2530 3341 intentionem
2562 3290 2854 3359 recedant,
2884 3312 2989 3351 nec
3030 3302 3363 3370 dipositioni
3404 3314 3717 3374 conditoris
3760 3279 3862 3392 Ser

2150 3372 2472 3392 --ηηιεω
2625 3382 2634 3392 .
2729 3381 2767 3392 ..
2953 3390 2965 3392 μ
3011 3388 3020 3392 ,

2149 3372 2484 3482 superbiam
2509 3381 2925 3478 contradicant.
2951 3388 3086 3445 Mira
3111 3392 3187 3463 td)
3219 3396 3375 3454 enim
3400 3372 3715 3465 divinitatis
3736 3372 3859 3482 prie1

2147 3463 2264 3559 tate
2294 3462 2673 3572 agiturxcum
2708 3469 2758 3525 is
2789 3474 2887 3543 qui
2922 3462 3175 3546 perfecto
3207 3489 3379 3543 corde
3397 3492 3467 3545 ad
3503 3462 3860 3572 contempla-

2150 3549 2364 3655 tionem
2399 3555 2602 3621 tendit,
2639 3557 2915 3618 humanis
2943 3568 3286 3629 ministeriis
3317 3588 3638 3652 occupatur
3664 3608 3677 3655 ;
3710 3549 3773 3645 nrt
3804 3596 3860 3647 et

2148 3638 2348 3693 multis
2382 3640 2805 3741 inﬁrmioribus
2837 3653 2963 3722 ejus
2998 3672 3156 3715 mens
3189 3664 3437 3733 perfecta
3462 3638 3773 3746 .proficiat,‘

2146 3745 2259 3826 quo
2291 3746 2349 3785 se
2383 3731 2506 3802 ipse
2531 3733 2933 3826 imperfectum
2971 3731 3224 3819 reSpicit,
3248 3753 3385 3811 inde
3408 3731 3855 3826 adhumilitatis

2144 3817 2376 3917 culmen
2418 3822 2725 3926 perfectior
2763 3840 3047 3905 assurgat.
3079 3817 3217 3907 [Vet.
3248 3845 3373 3915 111.]
3420 3817 3853 3926 Nonnunquam

2144 3906 2357 3962 etenim
2391 3911 2578 3966 sancti
2610 3914 2716 3969 viri
2757 3919 2912 3975 unde
2943 3906 3371 3986 desideriorum
3398 3951 3635 3995 suorum
3669 3906 3855 4001 detri—

2143 4004 2335 4051 menta
2383 3998 2652 4072 tolerant,
2685 4004 2819 4061 inde
2864 4012 3087 4081 majora
3136 4015 3318 4089 lucra,
3362 4030 3656 4086 conversis
3698 4034 3852 4105 aliis,

2146 4091 2473 4182 reportant;
2522 4091 2656 4161 quia
2704 4094 2844 4151 dum
2894 4099 2976 4155 eis
3030 4118 3227 4161 vacare
3280 4114 3340 4164 ut
3403 4121 3679 4186 appetunt
3736 4091 3851 4181 non

2140 4172 2293 4245 licet,
2330 4192 2526 4246 rapere
2548 4196 2751 4238 secum
2783 4184 2948 4255 alios,
2984 4192 3199 4261 quibus
3232 4172 3650 4274 admiscentur,
3687 4210 3849 4271 libet.

2138 4264 2226 4319 Fit
2255 4281 2391 4361 ergo
2414 4268 2562 4325 mira
2587 4270 2658 4361 (εξ)
2683 4274 3113 4346 dispensatione
3138 4286 3370 4355 pietatis
3402 4298 3465 4348 ut
3491 4264 3649 4355 unde
3671 4264 3852 4361 sede:

2137 4352 2475 4451 structiores
2513 4359 2830 4430 aestimant,
2878 4366 3010 4422 inde
3052 4352 3459 4444 locupletiores
3490 4385 3561 4441 ad
3595 4352 3850 4451 caelestis

2140 4440 2333 4510 patriae
2366 4448 2857 4508 constructionem
2891 4466 3149 4528 surgant.

2628 4542 2721 4610 pia
2769 4559 2912 4611 saepe
2951 4549 3091 4605 Deus
3134 4556 3353 4625 explere
3390 4560 3592 4636 di/fert,
3641 4580 3701 4625 ut
3729 4589 3847 4630 cre-

2141 4624 2315 4677 scant.
2351 4653 2415 4663 —-
2447 4624 2880 4702 Nonnunquam
2914 4653 3043 4694 vero
3066 4624 3247 4701 idlrco
3286 4649 3354 4703 ad
3389 4624 3667 4726 concepta
3697 4662 3847 4719 desi-

2142 4710 2302 4807 deria
2334 4713 2572 4771 minime
2603 4723 2970 4795 perveniunt,
3007 4734 3070 4786 ut
3099 4730 3229 4802 ipsa
3269 4710 3687 4804 interveniente
3726 4755 3847 4807 tar-

2141 4796 2337 4895 ditata,
2370 4801 2441 4856 ad
2487 4806 2682 4862 eadem
2734 4809 3020 4873 desideria
3066 4796 3257 4879 lanato
3290 4796 3847 4895 mentis‘sinu'd‘ila-

2138 4891 2371 4961 tentur;
2491 4911 2618 4966 qum
2650 4904 2943 4960 extenuari
2984 4909 3229 4968 fortasse
3281 4915 3520 4987 impleta
3554 4891 3840 4999 poterant,

2139 4994 2352 5075 magna
2398 4984 2780 5057 dispositione
2809 4995 3022 5066 agitur,
3058 5005 3117 5054 ut
3157 4984 3390 5073 repulsa
3428 4984 3706 5071 crescant.
3747 4984 3841 5075 Sic

2137 5071 2354 5144 quippe
2386 5078 2721 5137 mortificari
2772 5091 3077 5159 appetunt,
3131 5095 3191 5145 ut
3222 5071 3344 5162 jam
3378 5100 3647 5171 perfecte,
3686 5071 3841 5164 si

2136 5170 2280 5229 ceat,
2312 5167 2628 5226 conditoris
2678 5171 2769 5227 sui
2817 5174 3020 5233 faciem
3053 5183 3535 5255 contempleutur.
3583 5167 3693 5251 sed
3740 5214 3839 5258 eo-

2205 5395 2523 5498 (flgﬂ‘l‘i‘i
2544 5398 3079 5498 ΨΞῗξεΞίοηὲθδῗἮτ
3106 5425 3376 5498 προλρνρ
3406 5419 3597 5498 divino
3627 5442 3836 5498 amore.

2136 5464 2446 5552 utll'egitur
2467 5470 2527 5552 in
2550 5473 2769 5552 om_nib.
2796 5475 2922 5552 Ed,
2957 5464 3478 5552 exceptaibartvbol'.‘

2206 5535 2763 5646 ξξῖὶὲἃιξὶυὲῗνρῖσὶξέο
2814 5535 2976 5617 Μεέη
3024 5535 3539 5632 δολίιὶιῖῖῐῑὲῖιὶὶεο
3582 5571 3645 5627 In
3696 5573 3837 5646 nos.

2133 5604 2453 5683 Dininitatis
2480 5615 2744 5683 potentia.

2207 5678 2278 5750 (e)
2312 5678 2492 5754 Editi,
2511 5684 2884 5759 dispositione.

3442 5876 3520 5936 22
