4134 6174
299 265 419 323 683

1580 237 1857 301 SANCTI
1903 232 2284 297 GBEGORII
2329 231 2576 294 MAGNI

3715 232 3835 296 684

297 412 430 456 rum
463 388 818 450 desiderium
866 382 1153 447 diti‘ertur,
1188 383 1251 436 ut
1280 374 1547 451 proﬁciat
1578 392 1592 443 ;
1624 378 1678 428 et
1715 368 2008 427 tarditatis
2038 364 2095 437 Α
2125 362 2308 456 (Prov.
2332 382 2397 435 ιι,
2430 366 2482 433 4,
2512 366 2588 438 5).
2630 364 2923 456 Sapientia
2952 364 3169 456 quippe
3197 365 3259 423 in
3289 382 3479 426 rerum
3512 366 3838 456 superﬁcies

295 503 415 545 suae
447 484 578 542 sinu
611 479 886 545 nutritur,
938 477 1001 530 ut
1029 473 1271 531 crescat.
1312 466 1476 523 Unde
1514 464 1660 520 bene
1707 477 1923 532 sponsa
1950 458 2011 513 in

295 570 498 645 sponsi
528 568 616 626 sui
648 564 934 623 desiderio
957 560 1238 618 anhelans
1269 558 1485 612 clamat
1519 568 1531 607 :
1565 554 1631 607 In
1657 550 1855 606 lectulo
1893 563 2012 645 meo

294 638 392 737 per
427 668 609 716 noctes
638 655 873 729 qumsivi
921 666 1081 722 quem
1130 648 1311 717 diligit
1359 646 1549 737 animo
1591 656 1752 737 mea;
1779 638 2014 737 quaesivi

298 728 484 818 illum,
551 752 605 803 et
676 758 786 799 non
850 740 1039 796 inveni
1093 736 1273 808 (Cant.
1321 749 1382 798 ιι,
1452 732 1523 801 1).
1577 728 2011 818 Absconditse

301 814 555 910 sponsus
586 848 722 890 cum
772 828 1076 903 quaeritur,
1125 829 1193 880 ut
1242 838 1355 879 non
1398 820 1670 875 inventus
1711 814 2011 910 ardent-ius

304 904 592 999 quaeretur
625 940 639 990 ;
672 925 729 978 et
759 920 1024 976 differtur
1054 929 1317 987 quaerens
1351 925 1590 982 sponsa,
1624 924 1711 999 ne
1736 904 2010 969 inveniat,

304 998 373 1074 ut
398 1016 671 1072 tarditate
700 1029 806 1068 sua
835 1007 1101 1081 capacior
1133 1004 1378 1071 reddita,
1408 998 1793 1071 multiplicius
1827 1010 2013 1067 quan-

305 1107 495 1178 doque
524 1102 781 1161 inveniat
805 1099 957 1172 quod
982 1094 1295 1170 quaerebat.
1324 1090 1484 1147 Unde
1512 1091 1719 1145 beatus
1739 1086 1849 1141 Job
1876 1098 2011 1178 cum

304 1174 560 1254 diceret:
610 1194 939 1266 Exspectant
1000 1195 1256 1253 mortem,
1319 1192 1371 1239 et
1418 1197 1525 1238 non
1574 1178 1747 1245 venit,
1795 1179 1859 1231 ut
1905 1174 2015 1266 hoc

301 1286 492 1359 ipsum
525 1262 913 1357 querentium
942 1274 1297 1334 desiderium
1332 1270 1609 1328 subtilius
1639 1266 1915 1339 expleret,
1950 1262 2016 1318 il-

301 1376 413 1435 lico
444 1375 711 1447 adjungit
737 1392 751 1430 :

836 1460 1068 1518 CAPUT
1101 1460 1141 1510 V
1183 1456 1327 1528 [Rea
1364 1454 1454 1525 V].

376 1558 517 1615 IBID.
551 1587 621 1599 -—
652 1552 823 1624 Quasi
860 1548 1181 1625 effodientes
1213 1546 1551 1601 thesaurum.

380 1656 437 1707 7.
464 1652 739 1710 Crescunt,
762 1643 857 1699 ubi
872 1639 998 1711 finis
1023 1635 1406 1708 prapinquior.
1432 1660 1501 1672 —
1524 1629 1737 1686 Omnes
1762 1639 2017 1696 namque

2121 471 2235 512 non
2262 455 2444 524 jacet;
2470 456 2608 527 quia
2637 455 2697 510 in
2717 454 3107 512 invisibilibus
3138 454 3299 513 latet.
3326 456 3393 511 Et
3424 461 3565 513 tunc
3598 454 3848 512 mortiﬁv

2123 545 2402 601 cationem
2426 550 2685 601 nostram
2711 544 3057 615 sapientiam
3087 545 3493 618 contingentes
3513 544 3848 619 apprehen-

2122 633 2341 701 dimus,
2393 634 2440 688 si
2474 632 2689 689 relictis
2712 633 3041 688 visibilihus
3075 635 3134 689 in
3162 633 3559 689 invisibilibus
3589 635 3847 689 abscon-

2123 721 2332 777 damur
2362 742 2376 791 ;
2412 724 2461 778 si
2515 723 2597 777 sic
2650 723 2818 791 hanc,
2851 736 2949 777 cor
3000 722 3367 788 eﬂ‘odientes,
3404 724 3746 795 quasrimus,
3780 726 3853 778 ut

2120 827 2294 867 omne
2349 812 2499 881 quod
2565 816 2857 867 terrenum
2907 828 3075 868 mens
3126 812 3365 885 cogitat,
3417 829 3449 868 a
3498 811 3849 885 semetipsa,

2123 917 2299 957 manu
2330 909 2539 957 sanctos
2562 901 2929 958 discretionis
2965 901 3181 973 ejiciat,
3211 910 3265 957 et
3294 901 3635 959 thesaurum
3665 902 3849 958 virtu-

2122 991 2215 1058 tis,
2241 990 2339 1063 qui
2365 1007 2426 1047 se
2447 990 2679 1059 latebat,
2713 998 3010 1063 agnoscat.
3036 991 3223 1048 Facile
3249 992 3405 1048 enim
3440 992 3499 1048 in
3524 1009 3587 1049 se
3607 992 3851 1049 thesau-

2122 1096 2251 1137 rum
2284 1081 2357 1152 (e)
2387 1079 2627 1147 invenit,
2653 1081 2702 1136 si
2733 1096 2861 1136 eam
2883 1096 3012 1152 quas
3043 1096 3105 1137 se
3131 1080 3280 1137 male
3303 1086 3596 1153 presserat
3621 1081 3844 1138 molem

2125 1187 2157 1227 a
2186 1185 2250 1226 se
2279 1178 2515 1226 terrenas
2556 1170 2925 1242 cogitationis
2956 1169 3205 1243 repellit.
3254 1170 3361 1235 Qui
3393 1175 3585 1227 autem
3615 1171 3846 1245 quesi-

2124 1263 2242 1316 tam
2277 1261 2523 1314 mortem
2557 1258 2709 1315 sicut
2739 1260 3083 1317 thesaurum
3119 1258 3281 1327 dicit,
3308 1263 3459 1316 recte
3485 1260 3794 1331 subjungit
3826 1275 3841 1317 :

2762 1349 2994 1405 CAPUT
3026 1350 3120 1406 VI.

2196 1438 2373 1494 Vnus.
2403 1439 2493 1494 22.
2535 1471 2602 1479 —
2659 1438 3009 1510 Gaudentque
3074 1439 3436 1505 vehementer,
3504 1454 3625 1493 cum
3687 1441 3845 1494 inve-

2126 1532 2314 1586 nerint
2340 1529 2668 1601 sepulcrum.

2196 1620 2251 1674 9.
2282 1620 2484 1674 Divina
2532 1620 2920 1690 contemplatio
2974 1620 3282 1691 sepulcrum
3317 1627 3396 1675 est
3436 1618 3499 1673 in
3544 1635 3647 1691 quo
3684 1635 3847 1675 mens

309 1746 413 1819 qui
454 1708 735 1799 τοάίθηάά
769 1708 1106 1789 thesaurum
1139 1729 1425 1797 quaerunt,
1451 1735 1583 1775 cum
1616 1717 1809 1773 fodere
1841 1714 2015 1770 altius
2047 1723 2097 1790 Β
2126 1709 2336 1765 mundo
2356 1711 2572 1819 moLrtua
2593 1708 2837 1780 quiescit.
2862 1739 2931 1749 —-
2953 1708 3114 1765 Sicut
3134 1708 3290 1819 enjim
3315 1708 3653 1780 sepulcrum
3678 1708 3847 1819 lpcus

1123 1814 1133 1819 -
1223 1816 1229 1819 λ
1326 1812 1358 1819 --
1450 1810 1463 1819 -
1598 1808 1610 1819 -
1807 1808 1818 1819 .
1963 1803 1974 1814 -
2134 1802 2216 1819 ,ιι
2258 1815 2356 1819 ____
2398 1815 2419 1819 _
2475 1799 2767 1819 ____;=.___
2803 1813 3004 1819 μη---
3069 1798 3141 1819 ει-
3231 1798 3378 1819 ξμς..-
3428 1803 3689 1819 “Am-
3728 1798 3839 1819 -u-

307 1803 611 1907 cmperint,
639 1824 713 1882 ad
728 1822 809 1892 (α)
838 1820 1099 1875 laborem
1116 1808 1753 1907 instantiusinardescu
1766 1808 1854 1871 nt;
1879 1803 2016 1903 quia

308 1898 425 1996 quo
465 1934 527 1976 se
574 1916 850 1974 thesauro
879 1903 1218 1996 abscondito
1267 1901 1393 1996 jam
1422 1898 1665 1996 jam-que
1700 1898 2015 1996 appr-opis-

308 1983 489 2084 quare
530 2004 841 2067 aestimant,
891 2013 957 2054 eo
998 1995 1059 2050 in
1102 1990 1413 2048 ell'ossione
1461 1985 1689 2044 enixius
1727 1983 2017 2039 laborant.

307 2078 416 2169 Qui
457 2098 639 2171 igitur
695 2092 862 2165 plene
908 2085 1062 2142 I42
1106 2078 1610 2139 mortiﬁcationem
1642 2090 1806 2171 suam
1838 2088 2017 2171 appe-

305 2164 459 2259 tunt,
481 2164 678 2258 vquasi
702 2164 1065 2236 retiodientes
1114 2171 1462 2227 thesaurum
1517 2168 1787 2237 quaerunt
1863 2164 2021 2259 quia

309 2254 711 2354 quanto—ﬁunt
752 2266 1061 2354 viciniores
1088 2262 1182 2354 _ad
1217 2260 1415 2354 ﬁnem,
1464 2261 1621 2312 tanto
1655 2272 1717 2310 se
1734 2254 2023 2354 exhibent

313 2343 673 2426 ardentiores
694 2361 752 2415 in
778 2372 969 2429 opere.
1004 2350 1347 2409 Laborando
1383 2363 1516 2419 ergo
1560 2362 1674 2401 non
1717 2343 2019 2410 deficiunt,

315 2458 417 2517 sed
457 2453 645 2526 magis
687 2449 759 2504 ad
795 2460 966 2501 usum
1017 2439 1232 2496 laboris
1263 2438 1568 2501 crescunt;
1596 2434 1730 2526 quia
1761 2448 1875 2503 quo
1896 2431 2021 2526 jam

317 2520 1018 2621 preemiavpropinquiora
1063 2528 1453 2588 considerant,
1502 2541 1568 2579 eo
1617 2523 1677 2577 in
1717 2520 2024 2621 opere-de-

315 2611 647 2695 lectabilius
677 2626 983 2685 exsudant.
1024 2620 1189 2676 Unde
1224 2618 1370 2673 bene
1419 2614 1635 2671 Paulus
1682 2611 2023 2684 quibusdam

320 2723 733 2784 absconditum
774 2722 996 2770 (sterne
1028 2708 1226 2782 patrias
1254 2706 1593 2761 thesaurum
1627 2700 2024 2774 quaerentibus

313 2816 487 2874 dicit:
567 2813 690 2867 Non
754 2805 1059 2861 deserentes
1117 2798 1490 2853 collectionem
1566 2800 1837 2859 nostram,
1886 2791 2025 2844 sicut

312 2910 389 2964 est
438 2897 847 2961 consuetudinis
907 2888 1254 2964 quibusdam,
1300 2885 1391 2941 sed
1438 2883 1798 2949 consolantes,
1847 2882 1929 2952 (b)
1976 2884 2027 2934 et

2129 1802 2219 1855 est
2248 1815 2362 1870 quo
2395 1798 2769 1854 absconditur
2798 1813 3027 1870 corpus,
3069 1798 3151 1854 ita
3189 1797 3383 1854 divina
3425 1796 3845 1867 contemplatio

2131 1890 2427 1963 quoddam
2451 1888 2782 1960 sepulcrum
2809 1888 3020 1945 mentis
3050 1892 3159 1954 est,
3194 1902 3306 1960 quo
3328 1886 3706 1944 absconditur
3722 1888 3852 1943 ani-

2130 1995 2243 2034 ma.
2294 1978 2467 2044 Quasi
2516 1978 2670 2033 enim
2718 1977 2847 2034 huic
2893 1977 3084 2034 adhuc
3120 1978 3340 2034 mundo
3389 1976 3662 2045 vivimus,
3706 1992 3850 2034 cum

2131 2067 2408 2123 mentein
2438 2082 2572 2124 eum
2612 2068 2765 2122 foras
2795 2082 3105 2138 vagamur;
3158 2067 3258 2122 sed
3304 2066 3518 2122 mortui
3550 2066 3610 2122 in
3644 2066 3853 2139 sepul-

2131 2173 2226 2214 cro
2250 2156 2684 2224 abscondimur,
2709 2172 2839 2212 cum
2866 2156 3193 2211 mortiﬁcati
3216 2158 3487 2224 exterius,
3522 2156 3580 2211 in
3618 2159 3853 2212 secreto

2131 2246 2369 2303 internas
2409 2245 2917 2316 contemplationis
2962 2245 3235 2301 celamur.
3281 2244 3483 2301 Sancti
3514 2244 3685 2316 igitur
3731 2242 3855 2299 viri

2134 2337 2206 2393 ab
2254 2336 2690 2407 importunitate
2738 2334 3158 2390 desideriorum
3203 2334 3634 2406 temporalium,
3666 2351 3700 2388 a
3744 2338 3859 2388 tu-

2136 2424 2323 2481 multu
2354 2425 2654 2482 inutilium
2675 2441 2970 2491 curarum,
3002 2442 3036 2481 a
3066 2425 3314 2481 clamore
3352 2424 3855 2499 perstrepentium

2136 2516 2668 2586 perturbationum,
2693 2515 3041 2586 semetipsos
3064 2514 3209 2571 sacri
3240 2515 3399 2571 verbi
3422 2514 3617 2586 gladio
3648 2515 3863 2570 morti-

2136 2606 2308 2661 ficare
2357 2622 2468 2661 non
2504 2605 2792 2674 disinunt,
2825 2608 3001 2677 atque
3040 2604 3202 2660 intus
3242 2608 3377 2661 ante
3407 2604 3507 2660 Dei
3550 2604 3758 2661 faciem
3795 2603 3857 2657 in

2137 2698 2271 2751 sinu
2304 2694 2514 2751 mentis
2544 2694 2925 2751 abscondunt.
2973 2694 3134 2750 Unde
3164 2694 3304 2750 bene
3336 2708 3439 2766 per
3475 2693 3858 2750 Psalmistam

2138 2785 2391 2840 dicitur:
2448 2784 2758 2840 Abscondes
2815 2800 2904 2840 eos
2953 2784 3011 2839 in
3062 2784 3371 2840 abscondito
3433 2785 3617 2840 vultus
3664 2788 3769 2846 tui,
3824 2798 3861 2837 α

2136 2873 2546 2929 conturbatione
2574 2873 2857 2929 hominum
2877 2872 3055 2943 (Psal.
3088 2889 3217 2940 xxx,
3241 2874 3351 2943 21).
3395 2873 3553 2939 Quod
3586 2873 3865 2943 quamvis

313 2961 464 3053 tanta
511 2992 708 3060 magis,
758 2961 956 3057 quanto
1004 2979 1247 3035 videritis
1305 2973 1839 3046 appropinquantem
1880 2970 2022 3025 diem
2054 2963 2104 3029 (ἶ.
2136 2963 2380 3060 perfecte
2411 2962 2779 3060 postmodum
2813 2962 2932 3060 ﬂat,
2956 2961 3315 3060 etiam-nunc
3354 2977 3423 3016 ex
3453 2968 3859 3060 [lingua-parte

316 3083 500 3157 (Hebr.
532 3097 587 3147 x,
617 3078 733 3149 25).
774 3073 1159 3129 Laborantem
1207 3066 1424 3157 quippe
1472 3061 1781 3157 consolari,
1810 3065 1898 3157 est
1930 3076 2026 3157 pa-

317 3148 462 3230 riter
516 3170 577 3224 in
623 3148 820 3221 labore
857 3160 1188 3233 persistere,
1246 3154 1385 3226 quia
1434 3151 1752 3207 sublevatio
1812 3148 2028 3204 laboris

317 3267 407 3323 est
436 3260 506 3333 (c)
540 3257 685 3313 visio
708 3250 1120 3310 collaborantis
1149 3263 1160 3299 :
1188 3245 1339 3300 sicut
1368 3259 1498 3333 curn
1524 3242 1581 3333 in
1616 3240 1817 3333 itinere
1837 3254 2030 3293 comes

316 3330 602 3426 jungitur,
626 3345 718 3400 via
747 3341 983 3413 quidem
1022 3352 1138 3392 non
1178 3334 1251 3426 (di
1284 3330 1661 3426 abstrahi-tur,
1698 3330 1795 3426 sed
1839 3335 2029 3426 tamen

320 3417 392 3498 de
423 3417 697 3495 societate
736 3430 968 3488 comitis
998 3426 1158 3481 labor
1190 3421 1413 3478 itineris
1454 3419 1715 3475 leviatur.
1750 3423 1899 3473 Dum
1929 3417 2031 3471 ita-

325 3546 439 3604 que
485 3525 698 3583 Paulus
741 3516 1108 3577 consolantes
1154 3527 1216 3568 se
1271 3512 1329 3604 in
1383 3510 2033 3604 laboribus-qumreret,

328 3594 597 3690 adjunxit
651 3613 885 3669 dicens:
948 3607 1110 3661 Tanto
1145 3603 1343 3673 magis,
1396 3606 1616 3690 quanto
1649 3594 1900 3690 videritis
1938 3611 2036 3690 ap-

328 3686 796 3784 propinquantem
825 3700 988 3756 diem.
1014 3694 1169 3786 Ac‘si
1202 3692 1447 3786 diceret:
1496 3690 1572 3786 illo
1604 3686 1766 3786 labor
1795 3689 2039 3786 crescat,

334 3775 452 3875 quo
481 3775 749 3871 ipsajam
784 3787 1019 3861 praemia
1046 3782 1261 3840 laboris
1293 3778 1781 3875 appropinquant,
1807 3775 1965 3875 velut
1991 3775 2042 3830 si

331 3864 527 3964 aperte
571 3864 726 3941 dicat
761 3898 773 3936 :
807 3878 1171 3934 Thesaurum
1227 3867 1531 3942 quaeritis?
1553 3867 1681 3964 Lsed
1733 3879 1798 3920 eo
1849 3864 2044 3964 fodere

334 3955 633 4040 ardentius
655 3971 897 4036 debetis,
926 3965 1174 4039 quojam
1196 3963 1359 4034 juxta
1391 3957 1699 4031 quaesitum
1730 3970 1936 4012 aurum
1960 3955 2043 4010 fo-

331 4069 545 4127 diendo
579 4058 947 4138 pervenistis.

399 4161 452 4215 8.
488 4131 698 4214 Mortui
725 4147 928 4206 mundo
958 4160 1016 4201 se
1044 4145 1201 4200 intra
1237 4154 1295 4195 se
1323 4154 1357 4193 a
1406 4134 1639 4193 terrenis
1685 4131 2044 4189 abscondunt.

328 4243 704 4313 —Quamvis
736 4240 847 4295 hoc
896 4234 1053 4307 quod
1104 4230 1354 4286 dicitur:
1408 4226 1739 4297 Exspectant
1797 4228 2044 4313 mortem,

330 4340 381 4393 et
410 4310 522 4389 non
553 4334 726 4398 venit,
771 4328 929 4401 quasi
970 4320 1285 4397 eﬂodientes
1332 4315 1668 4381 thesaurum,
1715 4310 1961 4381 intelligi
1993 4314 2049 4365 et

2134 3052 2341 3124 agitur,
2374 3068 2506 3106 cum
2542 3069 2575 3107 a
2606 3050 3006 3121 temporalium
3039 3051 3466 3107 desideriorum
3496 3051 3864 3108 tumultibus

2136 3141 2519 3197 delectatione
2560 3141 2620 3196 in
2669 3140 2942 3195 interiora
2991 3140 3347 3211 rapiuntur;
3384 3141 3535 3197 148
3571 3146 3632 3196 ut
3683 3158 3863 3199 mens

2137 3247 2338 3289 eorum
2371 3231 2510 3284 dum
2551 3230 2609 3284 in
2642 3245 2898 3285 amorem
2934 3230 3030 3284 Dei
3062 3233 3181 3285 tota
3214 3229 3487 3296 tenditur,
3522 3229 3686 3285 nulla
3716 3232 3859 3286 inu-

2139 3322 2225 3380 tili
2274 3319 2705 3393 perturbatione
2751 3318 3055 3374 laceretur.
3108 3317 3251 3375 Hinc
3304 3325 3390 3374 est
3430 3319 3582 3390 quod
3635 3319 3863 3377 Paulus

2142 3428 2242 3484 per
2289 3408 2839 3480 contemplationem
2879 3412 3137 3463 mortuos
3181 3412 3238 3462 et
3279 3408 3446 3478 quasi
3491 3409 3550 3463 in
3592 3408 3871 3479 sepulcro

2144 3500 2519 3559 absconditos
2551 3497 2869 3568 discipulos
2911 3496 3153 3565 viderat,
3196 3497 3409 3568 quibus
3439 3497 3697 3552 dicebat:
3726 3498 3875 3554 Mor-

2148 3593 2236 3648 tui
2265 3591 2411 3646 enim
2432 3587 2581 3656 estis,
2606 3591 2659 3641 et
2678 3589 2795 3642 vita
2826 3593 3015 3641 vestra
3045 3585 3365 3642 abscondita
3397 3590 3474 3641 est
3494 3602 3619 3641 cum
3650 3587 3875 3645 Christo

2146 3684 2207 3737 in
2273 3683 2378 3735 Deo
2424 3677 2562 3749 (Col.
2613 3693 2700 3742 ιιι,
2762 3677 2814 3739 3,
2868 3676 2942 3747 4).
2996 3676 3102 3740 Qui
3154 3691 3286 3746 ergo
3347 3679 3591 3731 mortem
3635 3679 3876 3750 qumrit,

2150 3770 2364 3844 gaudet
2393 3769 2534 3822 dum
2567 3766 2900 3836 sepulcrum
2939 3764 3178 3829 invenit,
3211 3764 3353 3835 quia
3378 3765 3478 3835 qui
3513 3765 3876 3822 mortiﬁcare

2152 3876 2214 3916 se
2244 3857 2488 3928 appetit,
2522 3854 2689 3910 valde
2711 3854 2780 3908 ad
2813 3854 3110 3909 inventam
3136 3851 3385 3924 requiem
3418 3852 3880 3922 contemplatio-

2154 3949 2246 4004 nis
2279 3945 2568 4001 hilarescit
2592 3961 2604 4011 ;
2632 3948 2694 3999 ut
2714 3944 3030 3999 exstinctus
3050 3941 3268 3997 mundo
3292 3940 3487 4007 lateat,
3506 3946 3562 3997 et
3586 3959 3617 3997 a
3638 3946 3887 4000 cunctis

2154 4035 2501 4093 exteriorum
2552 4048 2745 4087 rerum
2793 4030 3329 4103 perturbationibus
3371 4032 3517 4085 intra
3563 4030 3750 4085 sinum
3804 4049 3882 4088 se

2155 4127 2349 4182 intimi
2382 4124 2598 4181 amoris
2628 4123 2966 4178 abscondat.

2231 4220 2315 4270 10.
2339 4216 2535 4270 Mortui
2572 4215 2709 4269 olim
2746 4228 2872 4267 cum
2920 4212 3127 4267 divitiis
3168 4211 3391 4282 sepulti.
3436 4242 3503 4253 —-
3531 4211 3589 4267 Si
3628 4226 3763 4266 vero
3804 4216 3892 4271 ad

2157 4305 2265 4362 hoc
2297 4304 2450 4376 quod
2482 4303 2795 4358 thesaurus
2817 4301 2987 4357 eil‘odi
3019 4302 3254 4370 dicitur,
3288 4301 3460 4356 etiam
3502 4300 3753 4372 sepulcri
3790 4303 3899 4358 in-

333 4390 503 4482 eliter
532 4390 741 4491 potest.
776 4390 923 4485 Quia
974 4390 1133 4468 enim
1183 4407 1437 4480 perfecte
1487 4402 1629 4460 mori
1682 4401 1898 4456 mundo
1930 4414 2046 4454 non
2076 4409 2123 4473 1)
2156 4395 2345 4450 ventio
2378 4393 2758 4458 subinfertur,
2794 4392 2901 4446 hoc
2929 4405 3160 4446 necesse
3191 4395 3278 4445 est
3307 4395 3370 4445 ut
3399 4390 3643 4446 intentio
3666 4395 3893 4449 nostra

337 4489 681 4587 possumus,
714 4505 827 4559 nisi
851 4504 1004 4557 intra
1021 4500 1233 4554 mentis
1260 4501 1476 4552 nostrae
1500 4490 1821 4587 invisibilia
1853 4506 1885 4587 a
1914 4489 2048 4543 visi-

341 4579 560 4657 bilibus
617 4591 1070 4654 abscondamur,
1132 4589 1284 4640 recte
1329 4584 1368 4638 ii
1408 4582 1509 4654 qui
1541 4579 2049 4636 mortiﬁcationem

344 4701 517 4745 suam
550 4680 850 4753 appetunt,
893 4675 1236 4731 thesaurum
1268 4669 1677 4726 ellodientibus
1707 4681 2052 4737 comparan-

344 4782 464 4835 tur.
494 4771 706 4829 Mundo
746 4766 899 4822 enim
950 4778 1052 4834 per
1100 4759 1450 4815 invisibilem
1492 4757 1836 4828 sapientiam
1886 4755 2055 4809 mori-

348 4884 507 4933 mur,
563 4863 634 4919 de
667 4876 783 4933 qua
816 4873 917 4931 per
945 4852 1316 4909 Salomonem
1358 4848 1574 4903 dicitur
1606 4864 1619 4901 :
1682 4849 1743 4903 Si
1781 4847 2056 4917 quasieris

348 4962 504 5015 illam
529 4953 693 5028 quasi
720 4945 1033 5021 pecuniam,
1064 4946 1116 4997 et
1156 4942 1294 4995 sicut
1324 4937 1615 4993 thesauros
1655 4935 1904 5003 e/Toderis
1937 4952 2058 4990 eam

422 5154 497 5223 (a)
531 5148 723 5223 Antig.
760 5137 1096 5223 Rhem.,_ad
1136 5131 1835 5223 ἱαὺοζεξιηξζιιιξιιξίμᾉε-.-Αω
1904 5199 2024 5223 -ηε

531 5203 640 5276 llic,
666 5203 946 5292 Gussapv.
981 5203 1055 5267 de
1076 5224 1195 5292 sud
1232 5203 1468 5292 addid‘ilt
1501 5203 2060 5292 labqrgnjtfemtper‘ii-

351 5273 801 5351 tentib—usvtextu
841 5286 1056 5351 Greco,
1086 5275 1533 5355 Vulgata,_‘llglss_.
1567 5278 1624 5329 et
1653 5273 1839 5355 Editis
1870 5273 2061 5355 cmpl-

352 5343 918 5422 bvuws'chcasionem
968 5343 1400 5412 fortasse'dedit
1422 5347 1600 5422 hujus
1632 5343 1945 5422 additionis
1977 5343 2062 5398 fa-

355 5420 571 5494 cienda:
604 5432 759 5503 quod
788 5430 1078 5503 sequitur:
1114 5425 1453 5503 lacerantem
1487 5421 1707 5503 quippe,
1739 5420 1846 5503 etc.

429 5486 841 5574 ἰὲἵῖιαόωτιθε
864 5486 1002 5574 94.6.8-
1026 5496 1241 5574 ηοειιῖίν.
1272 5509 1414 5574 ιξριιο
1445 5486 1687 5574 sitit“?
1716 5486 2059 5574 ερίιαδρνξη·

358 5558 452 5644 tis,
484 5558 552 5631 ut
581 5572 801 5644 habent
827 5558 1265 5644 quidamjditi.
1290 5566 1413 5621 Vet.
1450 5563 1597 5619 Edit.
1632 5561 1816 5618 Paris.
1868 5568 1921 5614 et
1950 5558 2061 5615 Ba-

365 5638 460 5709 sil'.
493 5638 870 5703 consentiunt
898 5654 1029 5693 cum
1060 5638 1200 5709 Msa.

545 5719 608 5773 In
632 5710 909 5771 omnibus
940 5709 1053 5763 fere
1086 5708 1245 5776 Mss.,
1281 5721 1391 5761 non
1418 5704 1738 5759 attrahitur.
1772 5703 1835 5759 In
1866 5702 2057 5759 Germ.

2161 4482 2500 4554 conspiciat,
2534 4482 2689 4553 quod
2713 4480 2937 4551 antiqui
2958 4484 3219 4535 mortuos
3242 4495 3377 4535 cum
3410 4478 3629 4538 divitiis
3660 4480 3893 4538 obrue-

2161 4573 2323 4629 bant.
2375 4571 2482 4637 Qui
2529 4570 2704 4640 igitur
2733 4569 3077 4624 thesaurum
3118 4567 3347 4640 quasrit,
3372 4568 3588 4641 gaudet
3617 4584 3751 4624 cum
3784 4586 3891 4627 se-

2161 4661 2430 4734 pulcrum
2480 4660 2785 4728 invenerit,
2836 4658 2975 4729 quia
3032 4658 3376 4729 sapientiam
3451 4658 3893 4729 perquirentes,

2164 4768 2293 4808 cum
2332 4765 2505 4805 sacras
2542 4747 2847 4816 Scripturae
2889 4748 3132 4819 paginas
3162 4746 3469 4815 volvimus,
3502 4762 3635 4802 cum
3676 4763 3893 4806 exem—

2167 4839 2262 4913 pla
2281 4842 2352 4909 (f)
2377 4836 2823 4908 pra-cedentium
2848 4838 3299 4905 perscrutamur,
3325 4836 3489 4906 quasi
3516 4850 3581 4890 ex
3605 4836 3895 4907 sepulcro

2163 4930 2442 5004 gaudium
2476 4927 2791 4995 sumimus,
2808 4927 2885 4998 (g)
2906 4926 3043 5000 quia
3064 4926 3272 4982 mentis
3293 4924 3525 4981 divitias
3550 4926 3699 4998 apud
3727 4942 3900 4983 mor-

2167 5132 2384 5193 tamen,
2420 5141 2525 5183 non
2581 5122 2939 5179 abstrahitur.
2990 5122 3112 5175 Mox
3151 5120 3210 5176 in
3261 5119 3428 5176 Corb.
3481 5120 3697 5191 Germ.,
3732 5129 3896 5178 tera-

2169 5210 2298 5263 tur;
2329 5200 2387 5255 in
2418 5198 2581 5268 Reg,
2615 5194 2901 5268 levigatur.

2244 5271 2308 5340 (ε)
2340 5262 2588 5352 addit-ur
2610 5262 2907 5338 quaesitum
2927 5264 2985 5319 in
3007 5262 3297 5336 Vulgatis,
3319 5266 3444 5319 Man
3456 5263 3728 5337 uscriptis
3760 5282 3891 5323 non

2171 5341 2518 5398 faventibus.

2242 5412 2313 5486 (ἦ)
2344 5414 2406 5497 _In
2430 5410 2636 5497 _E_ditis,
2666 5407 3093 5483 prcz'cedentium
3122 5413 3363 5478 patrum,
3397 5407 3886 5482 desideraturpa-

2152 5495 2315 5628 mg;
2330 5503 2397 5613 Il:
2414 5488 2921 5628 riggibusnostris
2942 5551 3100 5628 MSSy
3115 5554 3250 5623 (Ιυία
3272 5550 3474 5628 malm}
3488 5551 3735 5628 ﬁlim!"
3759 5568 3887 5628 non

2170 5638 2219 5685 et
2250 5621 2449 5713 pientis
2483 5646 2499 5693 ;
2535 5642 2665 5682 mox
2696 5625 2755 5681 in
2789 5625 2927 5696 Reg.
2962 5627 3017 5679 et
3044 5621 3233 5679 Germ.
3277 5623 3374 5695 qui
3408 5625 3559 5693 quia,
3595 5640 3711 5681 non
3743 5626 3890 5696 quia

2171 5717 2280 5772 qui.
