4134 6174
382 289 504 351 685

1324 291 1746 353 MORALIUM
1792 285 1940 351 LIB.
1987 282 2058 343 V.
2107 311 2181 324 —
2226 280 2302 342 IN
2347 285 2522 347 CAP.
2569 287 2648 349 IV
2693 289 2761 347 B.
2808 289 2968 350 JOB.

3783 307 3902 369 686

378 428 516 481 tuos
546 423 878 482 invenimus
914 442 926 481 :
961 425 1060 496 qui
1093 425 1235 498 quia
1272 426 1410 483 huic
1458 427 1673 482 mundo
1707 425 1955 497 perfecte
1985 438 2083 479 ex-
2116 418 2170 483 A
2203 417 2600 478 circumdatus
2630 438 2744 479 non
2793 427 2902 491 est,
2953 425 3053 496 qui
3100 424 3442 504 plerumque
3482 439 3903 506 praeteritorum

373 515 581 572 stincti
613 519 772 583 sunt,
804 515 862 571 in
895 514 1118 572 occulto
1152 532 1284 573 cum
1316 516 1534 573 divitiis
1567 516 1960 588 requiescunt.
1985 514 2089 570 Se-

375 604 581 677 pulcro
604 621 740 677 ergo
765 605 927 661 dives
949 605 1224 675 efﬁcitur,
1248 607 1350 678 qui
1373 624 1475 679 per
1504 606 1770 677 exempla
1794 607 2087 678 justorum

377 694 440 750 in
484 695 990 768 contemplationis
1035 695 1245 753 virtute
1284 697 1637 754 sublevatur.
1682 697 1792 752 Sed
1829 712 1963 752 cum
1997 710 2090 752 re-

378 785 620 854 quirens
658 785 814 841 dicat
847 802 859 841 :
895 787 1075 855 Quare
1121 787 1253 843 data
1299 793 1379 844 est
1427 789 1626 843 misero
1675 787 1820 841 lux?
1849 801 1953 842 cur
1983 786 2090 841 hoc

377 876 579 948 ipsum
615 875 904 948 requirere
935 884 1267 948 presumat,
1300 877 1562 933 insinuat
1591 876 1791 932 dicens
1823 893 1835 932 :

882 998 1112 1055 CAPUT
1149 999 1247 1055 vn
1287 999 1433 1071 [ηερ.
1483 1000 1592 1070 Vl].

453 1111 628 1164 Vens.
661 1109 750 1162 23.
784 1138 854 1148 —
893 1110 1047 1176 Viro,
1087 1109 1243 1177 cuius
1291 1108 1607 1164 abscondita
1646 1118 1723 1164 est
1756 1126 1865 1173 via,
1899 1111 1952 1165 et
1985 1110 2094 1164 cir-

382 1197 654 1255 cumdedit
681 1213 807 1254 eum
837 1198 975 1253 Deus
1007 1197 1262 1253 tenebris.

444 1323 532 1378 11.
585 1324 810 1393 Ignorat
860 1329 1003 1378 recte
1053 1338 1223 1391 agens
1275 1329 1460 1378 utrum
1509 1329 1961 1393 perseveraturus
2003 1326 2090 1379 sit.

377 1445 448 1456 —-
479 1411 588 1468 Via
613 1412 766 1468 enim
797 1427 902 1467 sua
931 1411 1055 1467 viro
1086 1412 1431 1468 abscondita
1461 1416 1564 1474 est,
1593 1412 1732 1484 quia
1760 1413 1866 1468 etsi
1889 1413 2010 1484 jam
2035 1415 2092 1469 in

371 1519 490 1574 qua
532 1502 609 1558 sit
649 1500 776 1556 vita
824 1500 1106 1572 qualitate
1149 1502 1500 1570 considerat,
1549 1502 1740 1558 adhuc
1792 1506 1984 1558 tamen
2022 1504 2092 1558 ad

376 1608 551 1664 quem
573 1590 748 1647 finem
769 1591 989 1658 tendat,
1015 1590 1262 1662 ignorat.
1280 1591 1400 1646 Etsi
1424 1593 1547 1662 jam
1567 1607 1825 1663 superna
1847 1595 2086 1663 appetit,

379 1681 492 1738 etsi
525 1679 711 1751 plenis
745 1678 867 1735 hac
898 1679 1201 1735 desideriis
1233 1680 1461 1751 quaerit,
1497 1679 1687 1735 adhuc
1727 1684 1918 1736 tamen
1953 1681 1999 1736 si
2031 1681 2088 1735 in

2197 524 2309 563 non
2343 510 2630 579 meminit,
2663 511 2857 566 futura
2901 529 3016 569 non
3065 515 3305 584 invenit,
3346 525 3648 591 praesentia
3677 530 3772 584 vix
3803 547 3898 588 co-

2196 599 2466 690 gnoscit?
2497 601 2775 656 Tenebris
2817 617 2878 658 se
2919 603 3350 664 circumdatum
3392 612 3628 681 quidam
3663 620 3899 690 sapiens

2199 688 2439 779 viderat,
2473 705 2602 745 cum
2635 691 2860 746 dicebat
2895 708 2906 746 :
2943 693 3077 761 Quae
3123 697 3184 750 in
3223 706 3505 770 prospectu
3533 713 3683 773 sunt,
3719 688 3791 779 (ὲ)
3822 713 3906 764 in-

2198 778 2445 834 venimus
2484 796 2605 834 cum
2648 780 2872 844 labore;
2915 787 2967 838 et
3003 799 3128 854 quae
3166 784 3226 842 in
3271 788 3420 844 eatis
3463 801 3607 862 sunt,
3653 778 3734 867 (ά)
3781 800 3905 869 quis

2199 869 2545 940 investigabit
2589 870 2738 942 (Sap.
2786 888 2860 939 1x,
2913 872 3047 944 16)?
3098 873 3199 930 Ilis
3239 892 3301 934 se
3339 881 3592 938 tenebris
3624 885 3907 958 PrOpbeta

2201 958 2626 1015 circumdatum
2659 960 2822 1030 vidit,
2873 978 3005 1018 cum
3047 964 3444 1035 dispositionis
3475 970 3700 1030 intimas
3730 993 3905 1047 pene-

2202 1052 2356 1104 trare
2399 1048 2630 1105 interna
2676 1067 2788 1106 non
2840 1053 3045 1122 potuit,
3098 1053 3297 1112 dicens
3341 1071 3359 1113 :
3407 1063 3597 1117 Posuit
3652 1066 3903 1123 tenebras

2204 1139 2495 1194 tatitulum
2525 1156 2688 1194 suum
2723 1141 2892 1210 (Psal.
2934 1157 3066 1208 xvu,
3114 1145 3221 1214 l2).
3256 1150 3470 1203 Auctor
3499 1150 3656 1206 enim
3683 1158 3902 1223 noster,

2205 1229 2341 1300 quia
2365 1228 2529 1285 nobis
2562 1230 2619 1284 in
2651 1229 2758 1286 hoc
2789 1230 3052 1286 exsilium
3083 1233 3347 1305 dejectis,
3371 1235 3564 1295 lucem
3588 1257 3706 1297 suae
3732 1244 3908 1301 visio-

2204 1319 2295 1375 nis
2326 1319 2588 1388 abstulit,
2623 1336 2747 1375 sese
2780 1320 2995 1377 nostris
3026 1321 3209 1380 oculis
3241 1325 3410 1396 quasi
3442 1327 3498 1383 in
3533 1331 3905 1390 tenebrarum

2203 1407 2447 1464 latibulo
2478 1408 2808 1464 abscondit.

2282 1499 2364 1554 13.
2398 1498 2546 1554 Hinc
2590 1500 2793 1556 sanctis
2840 1503 3072 1556 materia
3119 1502 3306 1572 ﬂendi.
3350 1536 3417 1545 —
3448 1507 3600 1571 Quas
3632 1511 3910 1570 nimirum

2202 1587 2474 1642 caecitatis
2500 1597 2705 1643 nostris
2737 1589 3004 1645 tenebras
3035 1607 3170 1646 cum
3202 1594 3462 1650 studiose
3484 1599 3904 1669 conspicimus.

2203 1682 2460 1733 mentem
2491 1678 2560 1731 ad
2604 1677 2858 1732 lamenta
2907 1695 3307 1749 provocamus.
3353 1682 3470 1738 Flet
3499 1686 3653 1742 enim
3684 1691 3908 1746 cacita-

386 1770 604 1826 eisdem
645 1767 952 1824 desideriis
980 1773 1336 1839 permaneat,
1370 1768 1572 1825 nescit.
1609 1770 1844 1825 Peccata
1874 1771 2090 1842 quippe
2123 1767 2168 1833 B
2203 1771 2313 1822 tem
2347 1782 2519 1837 quam
2554 1766 2692 1821 foris
2727 1768 2961 1836 patitur,
3004 1767 3052 1823 si
3107 1768 3410 1826 humiliter
3440 1775 3709 1831 meminit
3750 1782 3908 1850 quod

377 1860 738 1924 deserentes,
766 1858 832 1914 ad
857 1857 1156 1929 justitiam
1193 1857 1484 1914 tendimus
1511 1875 1523 1925 ;
1547 1862 1604 1914 et
1627 1859 1780 1915 unde
1814 1860 2098 1926 venimus,

383 1949 697 2014 novimus;
739 1949 836 2003 sed
893 1965 1011 2019 quo
1063 1948 1492 2020 perveniamus,
1544 1950 1899 2020 ignoramus.
1951 1950 2098 2017 Quid

381 2038 652 2095 hesterna
683 2037 776 2094 die
802 2038 1046 2107 fuimus,
1073 2039 1327 2106 scimus;
1358 2039 1458 2094 sed
1492 2040 1627 2110 quid
1661 2039 1957 2110 contingat
1980 2056 2097 2096 cra-

385 2130 546 2185 stina
577 2144 684 2184 nos
714 2144 862 2196 esse,
898 2129 1214 2184 nescimus.
1251 2128 1350 2183 Via
1384 2144 1519 2200 ergo
1552 2146 1656 2184 sua
1686 2129 1805 2186 viro
1838 2130 2095 2185 abscon-

389 2217 516 2273 dita
543 2221 655 2284 est,
689 2216 824 2289 quia
854 2217 939 2272 sic
969 2218 1170 2288 pedem
1204 2218 1365 2287 ponit
1394 2217 1606 2289 operis,
1642 2223 1706 2274 ut
1735 2227 1925 2274 tamen
1958 2235 2096 2287 prte-

384 2307 580 2362 videre
609 2311 858 2376 nequeat
886 2306 1104 2361 exitum
1136 2306 1657 2362 consummationis
1691 2309 1840 2377 ejus.

462 2398 612 2469 [γει.
660 2394 770 2466 ιν.]
819 2396 902 2451 12.
950 2397 1176 2466 Ignorat
1231 2399 1418 2451 utrum
1474 2396 1613 2467 quod
1671 2401 1882 2453 rectum
1924 2405 2100 2468 putat,

392 2487 534 2543 Deus
564 2501 674 2541 non
703 2485 944 2542 damnet.
979 2486 1360 2542 Circumdatur
1396 2487 1645 2542 tenebris.
1679 2517 1747 2528 -
1776 2487 1880 2542 Est
1908 2491 2103 2542 autem

388 2580 449 2633 et
480 2575 595 2632 alia
625 2575 727 2630 vite
759 2579 971 2632 nostrae
1014 2576 1362 2645 absconsio;
1417 2577 1550 2648 quia
1581 2592 2006 2649 nonnunquam
2037 2594 2106 2634 ea

396 2667 530 2737 ipsa
559 2683 686 2738 quas
734 2672 885 2722 recte
931 2683 1038 2722 nos
1079 2683 1244 2737 agere
1294 2667 1613 2736 credimus,
1644 2683 1718 2724 an
1750 2668 1808 2722 in
1857 2668 2104 2726 districti

406 2757 622 2829 iudicis
659 2757 921 2813 examine
953 2765 1107 2814 recta
1155 2757 1293 2828 sint,
1345 2758 1705 2830 ignoramus.
1737 2762 1894 2830 Sapo
1924 2758 2104 2828 enim,

403 2846 554 2902 sicut
583 2849 641 2902 et
671 2845 840 2919 longe
869 2847 1135 2917 superius
1162 2847 1434 2913 diximus,
1459 2864 1605 2919 opus
1629 2851 1896 2904 nostrum
1930 2864 2109 2906 causa

402 2936 797 2992 damnationis
827 2940 935 3000 est,
985 2940 1040 2991 et
1090 2942 1391 3006 provectus
1439 2945 1671 3008 putatur
1701 2954 1828 2993 esse
1857 2938 2103 2994 virtutis.

399 3026 563 3096 Saepe
589 3026 741 3080 unde
765 3025 1170 3096 placarijudex
1187 3028 1462 3093 creditur,
1486 3027 1622 3082 inde
1639 3029 1707 3082 ad
1733 3027 2105 3084 irascendum

399 3117 669 3190 placidus
720 3116 1066 3188 instigatur;
1116 3116 1422 3173 Salomone
1470 3123 1800 3188 attestante,
1834 3119 1935 3189 qui
1972 3119 2053 3174 ait
2085 3135 2097 3172 :
2135 3119 2176 3187 C

397 3210 488 3264 Est
521 3209 609 3262 via
635 3222 761 3278 qua?
791 3207 1004 3262 videtur
1033 3207 1106 3277 (ιι)
1139 3209 1350 3263 homini
1379 3212 1520 3263 recto
1542 3227 1563 3271 ;
1591 3210 1884 3264 novissima
1919 3215 2103 3264 autem

397 3297 513 3362 eius
546 3295 752 3350 ducunt
794 3294 864 3349 ad
903 3299 1135 3351 mortem
1183 3296 1368 3366 (Prov.
1417 3313 1528 3364 xxv,
1583 3297 1691 3367 12).
1728 3295 1890 3352 Unde
1919 3297 2101 3352 sancti

396 3387 501 3440 viri
537 3401 674 3440 cum
709 3383 863 3439 mala
913 3389 1212 3456 superant,
1260 3401 1368 3440 sua
1397 3387 1571 3441 etiam
1621 3386 1766 3442 bene
1795 3391 1957 3458 gesta
1989 3387 2105 3441 for—

397 3476 643 3542 midant,
698 3490 767 3530 ne
816 3491 948 3529 cum
995 3475 1147 3529 bona
1194 3490 1362 3546 agere
1395 3479 1700 3546 appetunt,
1740 3476 1808 3530 de
1859 3476 2104 3531 actionis

401 3565 658 3636 imagine
687 3564 980 3630 fallantur,
1034 3580 1105 3620 ne
1136 3565 1408 3635 pestifera
1447 3566 1610 3621 tabes
1643 3564 1967 3635 putredinis
1996 3565 2104 3621 sub

398 3654 535 3711 boni
568 3654 759 3726 specie
790 3653 964 3710 lateat
1012 3655 1240 3710 coloris.
1289 3655 1492 3712 Sciunt
1539 3655 1693 3710 enim
1739 3656 1876 3727 quia
1907 3671 2109 3712 corru-

402 3745 617 3817 ptionis
649 3744 841 3800 adhuc
874 3745 1125 3816 pondere
1157 3745 1395 3817 gravati,
1431 3746 1750 3816 dijudioare
1781 3747 1930 3802 bona
1960 3748 2103 3802 sub-

401 3835 589 3891 tiliter
619 3836 925 3903 nesciunt;
960 3839 1015 3890 et
1045 3851 1177 3891 cum
1227 3840 1360 3891 ante
1389 3835 1590 3892 oculos
1623 3837 1863 3892 extremi
1889 3839 2106 3892 exami-

403 3928 494 3983 nis
519 3926 778 3998 regulam
801 3925 1117 3994 deducunt,
1143 3925 1264 3981 haec
1288 3926 1415 3997 ipsa
1437 3926 1495 3981 in
1521 3942 1582 3983 se
1604 3943 2028 3998 nonnunquam
2050 3932 2108 3983 et

404 4033 532 4089 qua
583 4015 908 4087 approbant
946 4020 1231 4071 metuunt.
1264 4015 1330 4070 Et
1369 4021 1481 4071 tota
1520 4017 1756 4088 quidem
1790 4021 1981 4073 mente
2014 4017 2105 4072 in-

400 4111 570 4163 terna
594 4106 949 4176 desiderant,
977 4106 1075 4161 sed
1108 4110 1308 4161 tamen
1336 4106 1406 4160 de
1437 4105 1846 4162 incertitudine
1868 4123 2107 4179 operum

401 4196 632 4268 trepidi,
650 4212 765 4266 quo
783 4196 1127 4267 gradiuntur
1149 4196 1441 4266 ignorant.
1468 4197 1620 4253 Unde
1638 4197 1783 4252 bene
1803 4201 2108 4269 postquam

404 4289 626 4343 dictum
660 4295 745 4342 est
777 4302 789 4340 :
826 4288 1006 4355 Quare
1027 4286 1152 4341 data
1182 4293 1264 4342 est
1296 4288 1490 4343 misero
1529 4288 1685 4344 144
1719 4287 1871 4344 tux?
1900 4289 2109 4359 adjun-

400 4379 560 4448 gitur
593 4393 606 4431 :
648 4377 802 4446 Viro,
845 4377 998 4448 cujus
1031 4377 1348 4432 abscondita
1385 4381 1463 4432 est
1499 4377 1610 4434 via.
1641 4380 1720 4433 Ac
1752 4378 1795 4432 si
1829 4378 2058 4434 dicatur
2089 4395 2102 4434 ε

401 4466 724 4561 Curhujus
763 4466 888 4561 vitae
913 4482 1224 4561 successus
1252 4467 1329 4561 (b)
1363 4467 1590 4561 accipit,
1613 4469 1723 4561 qui
1745 4468 1859 4561 sub
1887 4485 2003 4540 qua
2035 4469 2109 4526 sit
2138 4486 2185 4553 Ι)
2215 4466 2279 4561 ἐξ

402 4555 789 4612 aestimatione
823 4555 1043 4626 judiois
1074 4555 1184 4611 iter
1214 4557 1304 4611 sui
1339 4555 1525 4625 operis
1565 4556 1798 4612 nescit?
1830 4558 1982 4613 Bene
2009 4573 2110 4614 au-

404 4655 520 4703 tem
572 4645 847 4702 subditur
900 4659 914 4698 :
967 4647 1030 4701 Et
1080 4645 1446 4700 circumdedit
1502 4661 1627 4701 eum
1683 4649 1825 4702 Deus
1855 4647 2108 4704 tenebris.

405 4734 686 4791 Tenebris
720 4751 970 4806 namque
1012 4735 1182 4791 homo
1222 4735 1645 4802 circumdatur;
1677 4737 1815 4806 quia
1846 4737 2112 4808 quamvis

406 4824 664 4882 caelestis
687 4825 971 4882 desiderio
995 4825 1221 4893 ferveat,
1238 4826 1375 4897 quid
1400 4827 1470 4881 de
1492 4827 1798 4899 semetipso
1820 4827 1894 4884 sit
1915 4829 2108 4899 dispo-

408 4916 586 4973 situm
622 4916 993 4986 intrinsecus,
1035 4915 1285 4988 ignorat.
1323 4916 1386 4970 Et
1417 4915 1581 4971 valde
1612 4916 1839 4986 metuit,
1868 4933 1939 4973 ne
1971 4917 2110 4987 quid

411 5006 530 5063 sibi
563 5006 619 5061 in
647 5005 866 5076 judicio
897 5005 1109 5074 obviet,
1143 5007 1295 5078 quod
1329 5023 1390 5062 se
1421 5007 1490 5062 de
1521 5023 1581 5062 se
1611 5024 1763 5062 nunc
1794 5007 1852 5062 in
1885 5009 2114 5063 deside-

408 5097 500 5152 rio
541 5096 678 5152 boni
716 5095 953 5152 fervoris
983 5095 1144 5152 latet.
1178 5096 1458 5151 Tenebris
1490 5096 1661 5151 homo
1692 5096 2112 5167 circumdatur,

408 5185 553 5258 quia
584 5185 920 5258 ignorantiae
961 5201 1077 5243 snas
1121 5184 1365 5258 caligine
1409 5184 1706 5257 premitur.
1739 5189 1826 5242 An
1860 5186 2115 5244 tenebris

451 5347 562 5476 4a)
594 5348 810 5430 Omnes
843 5349 1043 5433 finem.
1075 5351 1134 5406 et
1173 5347 1421 5421 Remig,
1469 5347 1609 5420 Reg.
1641 5351 1698 5404 et
1735 5349 1950 5407 Germ..
1989 5365 2116 5422 quae

451 5439 458 5476 ι
499 5429 621 5476 etur
649 5421 958 5476 hominibus
987 5426 1153 5476 recta.

405 5421 621 5476 videtur
649 5421 958 5476 hominibus
987 5426 1153 5477 recta.

473 5492 550 5560 (b)
571 5493 655 5546 ita
685 5491 901 5546 laudati
927 5493 1065 5548 Mss.
1087 5492 1355 5558 Vindoc.,
1381 5491 1676 5559 Normsn.,
1702 5493 1870 5548 Corb.
1896 5492 2111 5563 Germ.,

395 5563 566 5644 Paeg”
601 5569 734 5630 etc.,
767 5581 872 5617 nec
905 5581 1016 5618 non
1059 5569 1168 5644 vet.
1212 5563 1464 5634 Vulgati.
1507 5565 1569 5619 In
1604 5565 1782 5620 Editis
1815 5570 1945 5636 post
1983 5566 2116 5622 Coc-

396 5637 556 5690 cium
569 5675 583 5700 ,
616 5650 896 5691 successus
926 5637 1151 5706 appetit.

477 5707 548 5775 (c)
583 5706 930 5762 Particulam
965 5705 1073 5762 vix
1097 5724 1129 5761 a
1158 5705 1359 5762 Coccio
1403 5706 1652 5776 primum
1703 5707 1796 5762 hic
1827 5709 2110 5778 adjectam

407 5778 839 5850 supprimimus
890 5779 1228 5836 auctoritate
1274 5779 1430 5841 Mss,
1479 5783 1590 5834 vet.
1641 5778 1790 5834 Edit.
1833 5783 1888 5835 et
1926 5781 2114 5850 ipsius

2205 1859 2264 1912 in
2300 1857 2673 1912 interioribus
2719 1855 2941 1911 lumine
2987 1857 3261 1927 privatur.
3311 1860 3571 1935 Cumque
3619 1869 3908 1939 tenebras,

2206 1947 2419 2017 quibus
2461 1946 2878 2013 circumdatur,
2927 1947 3183 2018 respicit,
3232 1948 3560 2019 splendoris
3601 1954 3793 2012 intimi
3829 1976 3918 2016 ar-

2205 2035 2364 2092 denti
2385 2052 2446 2092 se
2465 2034 2750 2092 desiderio
2775 2034 2978 2106 afﬂigit
3001 2060 3014 2103 ;
3040 2035 3320 2108 omnique
3343 2038 3682 2099 intentionis
3709 2047 3915 2104 adnisu

2205 2127 2576 2196 semetipsum
2600 2124 2877 2191 concutit,
2910 2128 2966 2179 et
2997 2141 3311 2195 supernam
3337 2126 3548 2197 lucem,
3575 2149 3752 2205 quam
3776 2151 3912 2193 con-

2207 2213 2329 2268 dita
2361 2213 2633 2279 deseruit,
2688 2211 2919 2283 repulsa
2967 2212 3192 2282 quierit.
3246 2213 3406 2270 Unde
3446 2216 3513 2272 ﬁt
3545 2218 3912 2295 plerumque,-

2209 2305 2362 2359 utin
2396 2304 2542 2375 ipsis
2595 2302 2706 2374 piis
2752 2301 2986 2358 ﬂetibus
3031 2302 3134 2358 illa
3180 2303 3392 2360 interni
3441 2309 3638 2377 gaudii
3684 2311 3916 2370 claritas

2208 2396 2512 2462 erumpat;
2544 2399 2596 2445 et
2624 2406 2805 2457 mens,
2833 2407 2958 2461 qua:
2989 2389 3044 2444 in
3081 2395 3311 2463 torpore
3346 2393 3510 2465 prius
3540 2401 3914 2471 caacajacue-

2208 2484 2319 2548 rat,
2353 2481 2421 2535 ad
2455 2479 2878 2550 inspectionem
2930 2478 3173 2551 fulgoris
3232 2481 3422 2537 intimi
3453 2488 3723 2558 suspiriis
3757 2505 3919 2561 vege-

2208 2576 2328 2627 tata
2359 2569 2740 2626 convalescat.
2776 2570 2938 2626 Unde
2969 2569 3114 2626 bene
3145 2572 3410 2641 sequitur
3439 2591 3452 2628 :

2671 2677 2902 2734 CAPUT
2943 2678 3073 2734 VIII
3131 2681 3273 2752 [Rea
3320 2682 3449 2752 VII].

2281 2779 2457 2834 Vens.
2488 2778 2577 2832 24.
2610 2806 2679 2818 --
2707 2778 3010 2848 Antequam
3039 2780 3336 2849 comedam,
3362 2783 3592 2852 suspiro.

2287 2891 2371 2944 14.
2415 2891 2708 2959 Lacrymas
2749 2902 2888 2957 saepe
2928 2889 3134 2958 exeipit
3174 2889 3453 2958 gaudium
3502 2896 3917 2965 contemplatio-

2213 2983 2318 3035 nis.
2349 3010 2420 3018 -—
2450 2976 2761 3034 Comedere
2805 2991 3059 3046 namque
3099 2981 3187 3032 est
3216 2979 3445 3047 animae,
3480 2997 3739 3052 superna
3769 2984 3915 3041 lucis

2214 3064 2802 3139 contemplationibus
2862 3065 3041 3135 pasci.
3101 3067 3366 3138 Suspirat
3423 3085 3558 3141 ergo
3602 3079 3914 3143 antequam

2215 3159 2500 3223 comedat,
2526 3156 2668 3226 quia
2696 3155 2858 3226 prius
2889 3155 3206 3226 gemitibus
3229 3156 3621 3216 tribulationis
3641 3161 3918 3232 afﬁcitur,

2211 3254 2269 3306 et
2316 3247 2688 3320 postmodum
2733 3246 3242 3318 contemplationis
3290 3249 3598 3305 reiectione
3644 3253 3911 3309 satiatur.

2210 3337 2333 3392 Nisi
2365 3337 2520 3392 enim
2554 3336 2830 3404 suspiret,
2863 3349 2978 3388 non
3011 3334 3294 3401 comedit;
3330 3337 3468 3407 quia
3499 3337 3595 3408 qui
3627 3355 3689 3394 se
3720 3339 3778 3396 in
3814 3341 3920 3398 hoc

2211 3425 2412 3482 exsilio
2443 3441 2543 3494 per
2573 3423 2992 3478 desideriorum
3026 3421 3348 3478 ccslestium
3381 3423 3631 3482 lamenta
3664 3444 3777 3482 non
3812 3429 3920 3485 hu-

2212 3517 2415 3583 miliat,
2439 3515 2512 3584 (e)
2534 3517 2758 3568 aeternas
2784 3511 2980 3582 patrias
3004 3511 3216 3581 gaudia
3247 3529 3362 3568 non
3388 3514 3678 3586 degustat.
3701 3519 3746 3572 Α
3768 3518 3920 3574 veri-

2212 3607 2348 3662 tatis
2375 3605 2530 3659 enim
2564 3601 2777 3673 pabulo
2800 3601 2991 3671 jejuni
3024 3604 3183 3669 sunt,
3216 3601 3314 3673 qui
3350 3602 3408 3657 in
3444 3605 3550 3659 hac
3583 3608 3921 3678 peregrina—

2212 3695 2388 3751 tionis
2417 3691 2610 3762 inopia
2640 3691 2932 3746 laetantur.
2976 3690 3245 3761 Suspirat
3288 3697 3477 3749 autem
3511 3695 3612 3766 qui
3643 3698 3919 3766 comedit,-

2213 3786 2348 3855 quia
2379 3797 2522 3854 quos
2553 3797 2713 3836 amor
2758 3779 3017 3834 veritatis
3064 3779 3262 3846 afficit,
3309 3781 3481 3837 etiam
3514 3784 3746 3841 refectio
3777 3802 3921 3843 con-

2211 3871 2607 3946 templationis
2641 3869 2846 3941 pascit.
2883 3869 3196 3938 Suspirans
3243 3869 3528 3941 PrOpheta
3558 3875 3916 3944 comedebat,

2213 3981 2344 4020 cum
2377 3963 2589 4018 diceret
2625 3977 2637 4014 :
2672 3961 2913 4014 Fuerunt
2960 3957 3100 4012 mihi
3151 3958 3409 4028 laerymae
3455 3975 3592 4016 mea
3640 3964 3701 4031 (f)
3749 3979 3919 4033 panes

2214 4052 2389 4125 (Psat.
2423 4067 2536 4116 xw,
2565 4052 2639 4119 4).
2675 4049 2854 4103 Luctu
2906 4046 3061 4102 enim
3103 4063 3210 4101 suo
3252 4046 3445 4103 anima
3477 4049 3753 4121 pascitur,
3788 4068 3920 4107 cum

2212 4144 2281 4199 ad
2305 4157 2553 4212 superna
2575 4137 2787 4211 gaudia
2819 4136 3007 4192 ﬂendo
3039 4134 3396 4202 sublevatur,
3420 4141 3476 4194 et
3503 4138 3662 4194 intus
3683 4139 3919 4210 quidem

2216 4231 2430 4288 doloris
2464 4230 2556 4284 sui
2588 4227 2837 4299 gemitus
2879 4224 3087 4281 tolerat
3116 4243 3128 4291 ;
3163 4225 3262 4280 sed
3290 4241 3355 4279 eo
3389 4227 3717 4284 refectionis
3748 4230 3926 4300 pabu-

2211 4324 2334 4379 lum
2368 4319 2631 4393 percipit,
2665 4334 2778 4389 quo
2826 4316 2913 4371 vis
2971 4315 3188 4370 amoris
3220 4331 3319 4384 per
3347 4314 3633 4389 lacrymas
3665 4326 3918 4374 emanat.

2216 4413 2379 4469 Unde
2409 4415 2466 4468 et
2498 4409 2761 4465 eamdem
2792 4406 3181 4477 lacrymarum
3214 4405 3330 4461 vim
3365 4405 3564 4464 beatus
3594 4407 3701 4464 Job
3734 4409 3922 4466 adhuc

2285 4502 2498 4573 quitur,
2543 4499 2798 4554 subdens
2833 4513 2846 4550 :

2894 4603 3127 4660 CAPUT
3160 4602 3250 4659 IX.

2294 4711 2435 4765 Isin.
2469 4740 2538 4748 --
2568 4707 2631 4761 Et
2651 4705 2810 4776 quasi
2841 4703 3166 4758 inundantes
3196 4719 3376 4774 aquae,
3406 4705 3484 4760 sic
3504 4707 3725 4778 rugitus
3753 4723 3925 4763 meus.

2297 4818 2380 4872 15.
2443 4816 2576 4884 Quae
2630 4812 2835 4868 sanctis
2884 4811 3109 4883 lugendi
3154 4818 3205 4866 et
3256 4811 3563 4881 trepidandi
3608 4828 3811 4870 causa.
3859 4844 3928 4855 --

2219 4909 2420 4978 Aquae,
2453 4919 2584 4960 cum
2615 4901 2926 4966 inundant,
2972 4916 3106 4956 cum
3139 4899 3361 4971 impetu
3391 4898 3668 4966 veniunt;
3711 4908 3764 4955 et
3803 4917 3927 4957 cre-

2223 4997 2519 5054 scentibus
2541 4991 2943 5064 multipliciter
2957 4987 3930 5056 voluminibus,intumescunt.Ele-

2226 5088 2302 5144 cti
2325 5103 2456 5144 vero
2479 5086 2619 5140 dum
2646 5082 2857 5138 mentis
2886 5097 3002 5135 suae
3037 5078 3221 5135 oculis
3251 5076 3446 5133 divina
3471 5075 3694 5148 judicia
3725 5077 3801 5148 (g)
3834 5096 3936 5150 0p-

2225 5180 2471 5250 ponunt,
2495 5175 2637 5230 dum
2660 5170 2982 5238 deocculta
3013 5181 3184 5236 super
3215 5181 3276 5222 se
3307 5164 3595 5221 sententia
3617 5167 3930 5240 trepidant,

2223 5345 2415 5400 textus
2445 5353 2622 5395 sacras
2652 5333 2984 5405 Scriptum.

2295 5413 2373 5482 (ἀ)
2405 5410 2573 5466 Corb.
2607 5401 2799 5482 Germ:
2835 5407 2895 5458 et
2925 5405 3084 5482 fieri,
3116 5401 3240 5482 quis
3272 5401 3640 5482 inhvestigqvit.
3767 5456 3829 5482 λ.

2295 5472 2367 5556 (e5
2394 5484 2609 5556 anes
2657 5477 2880 5556 Rhem._
2912 5479 2969 5556 et
3019 5473 3268 5556 Remigz,
3309 5472 3478 5556 Corb..
3513 5474 3731 5556 gerat”
3765 5475 3928 5549 Reg.,

2223 5545 2358 5612 Val.
2383 5554 2487 5618 CL,
2525 5555 2763 5604 internae
2789 5549 3027 5618 patriae:
3062 5547 3142 5601 ita
3172 5546 3348 5601 etiam
3382 5549 3493 5602 vet.
3529 5545 3676 5603 Edit.

2293 5627 2362 5698 (Ι)
2395 5623 2568 5698 CQrb.
2590 5622 2816 5698 perm”
2843 5619 3028 5690 panis.

2400 5697 2554 5751 Idem
2583 5692 2789 5759 Codex,
2819 5697 3123 5763 apponunt,
