4156 6178
350 287 464 346 687

1615 285 1895 347 SANCTI
1940 279 2310 342 GREGORII
2357 283 2612 346 MAGNI

3749 285 3864 346 688

345 426 487 482 dum
519 444 582 484 se
612 429 683 484 ad
712 428 895 484 Deum
927 427 1224 500 pervenire
1271 441 1443 498 posse
1473 425 1800 489 confidunt,
1832 421 1931 477 sed
1963 423 2048 474 ta-
2078 415 2135 484 Α
2165 418 2313 473 leant
2331 423 2389 474 in
2401 429 2673 491 potestate
2688 422 3372 487 conslituli.—Quamvis
3391 421 3730 494 quolibetin
3750 420 3875 476 loco

348 532 478 572 men
499 532 569 572 ne
589 534 702 572 non
720 517 1056 589 perveniant
1085 519 1364 579 metuunt,
1381 515 1608 584 (a)dum
1631 512 2051 582 praeteritorum

345 619 578 659 suorum
627 604 906 672 recolunt,
961 603 1113 658 I45
1161 619 1286 672 quae
1336 601 1571 669 deﬂent,
1604 601 1742 654 dum
1785 613 1911 668 quas
1943 593 2055 650 sibi

343 693 534 747 adhuc
555 694 752 749 futura
774 701 930 757 sunt,
954 692 1089 762 quia
1112 691 1400 756 nesciunt,
1422 685 2053 760 pertimescunt;quasi

342 783 612 852 quaedam
645 784 707 837 in
739 784 820 836 eis
848 797 1129 852 aquarum
1166 796 1324 835 more
1354 779 1653 834 volumina
1675 777 2050 847 colliguntur,

343 888 471 942 qua:
499 874 557 926 in
585 874 850 927 maeroris
882 872 1113 942 rugitus
1145 870 1315 941 quasi
1348 873 1406 924 in
1439 869 1699 938 subjecta
1731 868 1924 921 littora
1955 866 2052 918 de-

339 961 554 1016 ﬂuunt.
586 962 680 1015 Vir
702 962 882 1033 igitur
908 965 1141 1015 sanctus
1169 960 1330 1025 vidit,
1367 964 1586 1030 quanta
1617 961 1729 1012 sint
1753 957 1813 1010 in
1837 956 2054 1010 lamen.

337 1050 416 1105 tis
447 1051 799 1120 poenitentiae
828 1049 1128 1105 volumina
1180 1049 1599 1119 cogitationum
1629 1065 1643 1112 ;
1677 1054 1848 1116 atque
1892 1046 2051 1115 ipsas

340 1140 600 1193 maeroris
623 1143 810 1194 undas
842 1140 1199 1194 inundantes
1233 1154 1415 1207 aquas
1447 1137 1688 1201 vocavit,
1725 1136 1956 1189 dicens:
1985 1134 2050 1186 Et

335 1231 500 1298 quasi
536 1230 868 1285 inundantes
917 1246 1102 1301 aquae,
1150 1231 1231 1284 sic
1282 1230 1495 1297 rugitus
1541 1243 1710 1282 meus.
1761 1228 1909 1296 [Ven
1959 1225 2051 1294 V.l

335 1318 767 1389 Nonnunquam
811 1336 942 1374 vero
967 1319 1138 1389 justi,
1173 1319 1325 1373 sicut
1355 1323 1413 1373 et
1446 1317 1618 1387 paulo
1663 1315 1932 1385 superius
1962 1315 2053 1368 di-

334 1407 552 1473 ximus,
578 1409 634 1463 in
660 1409 800 1479 ipsis
833 1408 1002 1464 bonis
1037 1408 1312 1480 operibus
1342 1406 1514 1477 positi
1547 1405 1861 1476 trepidant,
1892 1421 1957 1458 ac
1981 1421 2053 1460 ne

332 1495 392 1549 in
416 1495 634 1552 eisdem
655 1495 880 1552 occulto
905 1496 1098 1567 aliquo
1124 1512 1317 1550 errore
1352 1495 1728 1565 displiceant,
1752 1493 2050 1549 continuis

331 1581 603 1638 lamentis
625 1592 846 1640 vacant.
877 1587 1027 1650 Quos
1057 1600 1192 1639 cum
1224 1585 1419 1639 divina
1453 1582 1646 1638 subito
1670 1581 1896 1652 ﬂagella
1919 1599 2044 1637 cor-

333 1673 575 1743 ripiunt,
600 1675 856 1729 auctoris
889 1675 980 1729 sui
1020 1690 1080 1729 se
1111 1674 1356 1742 gratiam
1385 1673 1695 1728 offendisse
1727 1672 2040 1744 suspican-

2172 509 2363 576 positi,
2393 511 2720 581 cogitando,
2754 512 3064 582 loquendo,
3109 513 3333 582 agendo
3368 527 3699 582 peccemus,
3733 516 3875 567 tunc

2167 601 2360 654 tamen
2396 616 2495 669 per
2525 600 2634 656 tria
2665 601 2785 656 haec
2816 602 3051 656 animus
3081 601 3423 655 effrenatius
3457 600 3703 670 rapitur,
3737 616 3872 655 cum

2168 688 2370 742 mundi
2435 689 2612 760 hujus
2671 692 3053 761 prosperitate
3110 691 3464 745 sublevatur.
3533 689 3679 744 Nam
3740 705 3871 744 cum

2166 777 2366 845 praeire
2416 794 2473 831 se
2525 782 2803 848 potestate
2853 784 3092 833 cateros
3140 778 3445 848 conspicit,
3511 776 3627 831 alta
3683 778 3753 831 de
3811 793 3872 831 se

2164 867 2307 921 elate
2330 868 2588 937 cogitans
2619 869 2809 922 sentit.
2846 873 2910 921 Et
2941 884 3074 922 cum
3105 867 3440 922 auctoritati
3471 867 3627 921 vocis
3652 884 3686 920 a
3710 866 3872 920 nullo

2162 958 2476 1026 resistitur,
2525 959 2724 1031 lingua
2763 958 3034 1014 licentius
3081 974 3177 1028 per
3219 960 3469 1029 abrupta
3499 958 3872 1014 dilfrenatur.

2162 1045 2426 1116 Cumque
2475 1049 2654 1103 facere
2704 1050 2860 1118 quod
2909 1048 3068 1111 libet,
3121 1047 3270 1116 licet,
3316 1050 3472 1117 juste
3523 1046 3630 1100 sibi
3696 1062 3872 1101 omne

2161 1136 2408 1189 aestimat
2438 1135 2631 1202 licere,
2655 1139 2802 1206 quod
2839 1137 2996 1192 libet.
3031 1137 3140 1191 Sed
3175 1137 3358 1190 sancti
3383 1135 3483 1189 viri
3506 1151 3637 1190 cum
3667 1136 3871 1190 mundi

2162 1224 2339 1293 hujus
2365 1232 2640 1297 potestate
2665 1229 2995 1295 fulciuntur,
3015 1229 3085 1299 (e)
3109 1233 3264 1283 tanto
3284 1228 3393 1282 sub
3417 1228 3636 1297 majore
3659 1228 3870 1280 mentis

2163 1313 2469 1384 disciplina
2500 1333 2560 1371 se
2594 1318 2880 1389 redigunt,
2914 1323 3130 1389 quanto
3163 1317 3270 1372 sibi
3307 1332 3408 1387 per
3437 1315 3864 1387 impatientiam

2162 1404 2463 1473 potestatis
2494 1407 2722 1461 suaderi
2757 1407 2955 1462 illicita
2990 1407 3154 1478 quasi
3199 1405 3469 1461 licentius
3514 1405 3728 1460 sciunt.
3757 1407 3869 1460 Cor

2163 1509 2413 1564 namque
2444 1513 2475 1549 a
2505 1496 2927 1551 consideranda
2976 1513 3084 1551 sua
3131 1494 3314 1567 gloria
3364 1495 3712 1566 reprimunt,
3755 1494 3869 1549 lin-

2153 1598 2324 1651 gnam
2375 1585 2447 1639 ab
2489 1584 2870 1641 immoderata
2937 1587 3080 1641 146
3126 1585 3417 1641 locutione
3475 1584 3861 1654 restringunt,

2154 1688 2301 1744 opus
2350 1673 2422 1728 ab
2477 1673 2899 1744 inquietudinis
2956 1674 3257 1745 vagatione
3307 1672 3666 1729 custodiunt.
3724 1674 3866 1743 [νει.

330 1765 442 1827 tur,
469 1763 605 1834 quia
637 1763 725 1818 vel
757 1764 1197 1819 infirmitatibus
1231 1762 1550 1835 praepediti,
1583 1762 1668 1817 vel
1700 1762 2042 1818 amaritudi-
2071 1775 2118 1840 Β
2157 1763 2259 1831 VL]
2293 1763 2452 1834 Smpe
2483 1763 2638 1818 enim
2671 1764 2767 1834 qui
2814 1763 2874 1818 in
2926 1767 3206 1833 potestate
3246 1767 3403 1829 sunt,
3447 1778 3514 1817 ea
3544 1777 3676 1832 quae
3708 1768 3861 1817 recte

329 1849 503 1904 nibus
537 1852 743 1921 pressi,
769 1853 838 1906 ad
875 1853 1258 1922 impendenda
1290 1850 1567 1923 proximis
1599 1851 1690 1921 pia
1725 1867 1894 1921 opera
1923 1869 2038 1907 non

329 1944 670 2010 assurgunt.
701 1939 766 1995 Et
799 1957 897 1995 cor
929 1941 986 1996 in
1019 1941 1336 1996 lamentum
1368 1941 1629 2009 vertitur,
1664 1940 1803 2010 quia
1832 1956 2039 2011 corpus

330 2045 360 2081 a
394 2027 720 2085 devotionis
770 2047 888 2085 suae
930 2029 1253 2086 ministerio
1305 2030 1648 2085 retardatur.
1683 2033 1942 2100 Cumque
1977 2047 2038 2086 se

327 2119 657 2173 mercedem
692 2135 805 2174 non
846 2135 1057 2190 augere
1099 2119 1492 2185 considerant,
1537 2120 1709 2173 etiam
1746 2123 2036 2176 transacta

326 2222 502 2276 opera
537 2206 904 2278 displicuisse
947 2209 1280 2264 formidant.
1317 2208 1476 2263 Unde
1510 2207 1651 2264 bene
1689 2208 1892 2263 beatus
1924 2210 2033 2264 Job

323 2311 455 2351 cum
484 2299 741 2369 rugitum
775 2315 946 2356 suum
985 2301 1152 2370 quasi
1193 2301 1552 2356 inundantes
1585 2316 1767 2370 aquas
1798 2301 2030 2370 diceret,

340 2374 478 2441 llico
510 2387 778 2458 adjunxit
806 2405 818 2442 :

1007 2478 1239 2535 CAPUT
1278 2479 1344 2534 X.

399 2571 573 2623 Vens.
605 2570 692 2623 25.
726 2602 794 2611 —--
828 2569 966 2637 Quia
997 2571 1160 2625 timor
1188 2586 1350 2642 quem
1371 2569 1635 2625 timebam
1663 2570 1838 2626 evenit
1866 2572 2022 2639 mihi,

315 2667 366 2715 et
407 2657 547 2729 quod
577 2659 824 2724 verebar,
853 2658 1072 2714 accidit.

391 2751 472 2803 16.
508 2747 722 2803 Iudicia
751 2751 855 2804 Dei
884 2767 1045 2820 quam
1087 2751 1400 2805 metuenia.
1436 2779 1502 2788 —-
1533 2750 1678 2804 Justi
1712 2750 1889 2820 igitur
1919 2751 2022 2804 de—

313 2837 453 2893 ﬂent
482 2841 538 2892 et
568 2842 800 2908 pavent,
835 2842 891 2891 et
925 2838 1150 2907 magnis
1182 2854 1239 2893 se
1273 2839 1545 2893 lamentis
1574 2841 1853 2905 cruciant,
1889 2838 2023 2909 quia

311 2926 500 2981 deseri
558 2928 907 2995 formidant;
960 2934 1016 2982 et
1067 2929 1335 2998 quamvis
1386 2931 1455 2984 de
1506 2930 1862 3000 correptione
1921 2947 2022 2986 sua

309 3015 622 3084 gaudeant,
658 3031 856 3070 eorum
910 3022 1102 3071 tamen
1153 3017 1437 3088 trepidam
1495 3024 1747 3072 mentem
1789 3035 2019 3090 correp-

2150 1851 2390 1918 faciunt,
2421 1852 2554 1922 quia
2579 1851 2727 1907 elate
2759 1853 3032 1922 cogitant,
3059 1851 3371 1916 amittunt;
3405 1850 3665 1920 dumque
3697 1866 3755 1905 se
3787 1849 3862 1904 ad

2149 1949 2357 1996 cuncta
2388 1941 2560 1997 utiles
2592 1943 2905 2009 testimant,
2945 1942 3114 1998 etiam
3149 1942 3430 2012 impensa:
3460 1939 3729 1995 utilitatis
3753 1940 3866 1994 sibi

2147 2030 2416 2085 meritum
2449 2031 2744 2086 damnant.
2780 2031 2851 2086 Ut
2880 2031 3035 2087 enim
3067 2030 3384 2095 cujuslibet
3409 2031 3560 2085 facta
3589 2030 3864 2101 digniora

2146 2121 2284 2184 sint,
2318 2137 2555 2176 necesse
2605 2129 2689 2177 est
2744 2126 2804 2176 ut
2841 2122 2890 2176 ei
2945 2122 3094 2191 apud
3140 2136 3200 2175 se
3233 2136 3464 2190 semper
3493 2119 3736 2192 indigna
3771 2120 3855 2174 vi-

2147 2211 2410 2279 deantur,
2448 2227 2515 2266 ne
2557 2212 2760 2267 eadem
2801 2213 2952 2267 bona
3000 2212 3145 2266 actio
3191 2211 3417 2282 agentis
3448 2225 3545 2264 cor
3575 2209 3850 2277 sublevet,

2144 2304 2201 2354 et
2235 2299 2592 2356 sublevando
2645 2300 2776 2371 plus
2826 2306 3122 2356 auctorem
3176 2301 3245 2354 de
3292 2299 3542 2355 elatione
3591 2297 3856 2368 dejiciat,

2142 2405 2319 2460 quam
2351 2391 2502 2460 ipsos
2535 2390 2749 2460 quibus
2798 2389 2945 2444 forte
2993 2389 3553 2461 impenditurjuvet.
3588 2387 3731 2442 Hinc
3763 2393 3851 2443 est

2139 2479 2293 2534 enim
2325 2480 2474 2548 quod
2504 2495 2601 2534 rex
2639 2478 2983 2550 Babyloniae,
3016 2480 3150 2533 dum
3191 2477 3345 2533 elata
3376 2481 3568 2532 mente
3598 2478 3752 2546 apud
3787 2493 3850 2532 se

2138 2568 2348 2624 tacitus
2379 2568 2646 2636 volveret,
2681 2568 2877 2625 dicens
2907 2584 2919 2622 :
2955 2567 3030 2639 (ἀ)
3076 2570 3266 2623 Nonne
3301 2568 3418 2624 haec
3458 2571 3532 2622 est
3577 2567 3847 2638 Babylon,

2135 2676 2301 2730 qnam
2345 2676 2440 2730 ego
2483 2658 2758 2728 aediﬁcavi
2796 2661 2954 2729 (Dan.
2990 2675 3065 2724 IV,
3097 2659 3189 2728 '27)
3211 2659 3238 2711 ‘I
3268 2658 3327 2713 in
3359 2656 3697 2714 irrationale
3726 2657 3850 2712 ani-

2135 2749 2252 2803 mal
2303 2749 2568 2820 prolinus
2615 2765 2815 2803 versus
2866 2757 2969 2804 est.
3020 2748 3183 2811 Quod
3231 2747 3385 2803 enim
3437 2748 3621 2801 factus
3663 2748 3849 2801 fuerat

2134 2839 2400 2908 perdidit,
2436 2839 2574 2910 quia
2606 2837 2909 2893 humiliter
2941 2835 3123 2891 noluit
3156 2835 3524 2892 dissimulare
3555 2837 3711 2907 quod
3756 2837 3848 2892 fe—

2133 2927 2230 2982 cit.
2268 2928 2331 2982 Et
2371 2928 2507 2996 quia
2551 2927 2794 2981 elatione
2847 2925 3213 2994 cogitationis
3260 2941 3316 2980 se
3366 2941 3535 2994 super
3575 2926 3844 2980 homines

2132 3017 2360 3084 extulit,
2407 3016 2625 3085 ipsum,
2672 3032 2844 3086 quem
2905 3031 3273 3070 communem
3329 3030 3463 3069 cum
3499 3015 3838 3069 hominibus

310 3103 390 3156 tio
420 3104 544 3174 ipsa
573 3104 910 3174 perturbat;
947 3123 1018 3160 ne
1053 3104 1263 3160 malum
1300 3107 1453 3176 quod
1488 3107 1754 3173 tolerant,
1777 3126 1889 3163 non
1925 3110 2018 3179 pia
2044 3101 2085 3169 C
2127 3106 2352 3172 habuit,
2374 3121 2612 3160 sensum
2646 3104 2899 3159 hominis
2929 3104 3145 3159 amisit.
3186 3107 3346 3173 Saepe
3368 3119 3499 3157 vero
3523 3103 3622 3174 qui
3643 3102 3704 3156 in
3727 3119 3839 3174 po-

307 3193 603 3264 percussio
636 3195 955 3265 disciplina:
986 3195 1079 3260 sit,
1112 3198 1206 3249 sed
1249 3198 1674 3251 animadversio
1703 3200 1863 3268 justa
1896 3200 2016 3254 vin-

308 3283 494 3339 dictae.
547 3284 704 3347 Quod
760 3284 908 3339 bene
953 3285 1264 3340 Psalmista
1313 3286 1691 3341 considerans
1723 3289 1844 3342 ait:
1884 3289 2014 3355 Quis

304 3375 457 3429 novit
484 3378 801 3445 potestatem
832 3375 930 3429 irae
971 3384 1078 3430 tua;
1113 3376 1281 3445 (Psal.
1327 3393 1549 3445 LXXXIX,
1586 3377 1671 3447 11)
1693 3379 1720 3430 ?
1752 3380 2010 3435 Potestas

305 3463 522 3535 quippe
557 3464 764 3519 divinae
805 3465 899 3520 irae
932 3469 1127 3521 nostra
1165 3482 1279 3520 non
1309 3470 1492 3537 potest
1527 3476 1716 3522 mente
1744 3485 2009 3541 compre-

303 3553 501 3622 hendi,
536 3553 674 3624 quia
706 3555 827 3624 ejus
855 3555 1209 3626 dispensatio
1246 3556 1512 3611 obscuris
1544 3573 1719 3628 super
1750 3575 1854 3613 nos
1885 3561 2009 3614 dis-

301 3640 714 3712 positionibus,
766 3660 916 3714 saepe
967 3644 1118 3698 unde
1181 3643 1496 3699 aestimatur
1539 3645 1826 3714 deserere,
1878 3648 2008 3706 inde

301 3746 408 3787 nos
447 3731 682 3803 recipit;
709 3736 765 3787 et
806 3733 959 3787 unde
999 3749 1104 3788 nos
1150 3734 1403 3805 recipere
1434 3735 1707 3798 creditur,
1739 3736 1875 3792 inde
1915 3740 2008 3794 de-

302 3820 619 3891 relinquit;
667 3828 726 3875 ut
771 3822 1116 3894 plerumque
1168 3823 1272 3878 hoc
1323 3824 1420 3877 fiat
1467 3825 1674 3895 gratia,
1726 3829 1872 3897 quod
1925 3829 2009 3884 ira

299 3910 535 3980 dicitur,
572 3916 628 3967 et
661 3913 767 3968 hoc
799 3912 1108 3984 aliquando
1159 3913 1243 3969 ira
1292 3915 1388 3982 sit,
1439 3917 1593 3986 quod
1626 3918 1808 3988 gratia
1839 3924 2005 3989 puta-

298 4005 416 4058 tur.
443 4003 768 4060 Nonnullos
798 4005 952 4059 enim
989 4004 1213 4073 ﬂagella
1236 4006 1555 4077 corrigunt,
1591 4009 1902 4065 nonnullos
1933 4013 2004 4066 ad

301 4091 678 4162 impatientia
729 4095 1022 4148 vesaniam
1076 4095 1435 4164 perducunt;
1469 4100 1525 4150 et
1553 4097 1695 4152 alios
1736 4116 2008 4170 prospera

302 4179 433 4249 quia
464 4181 814 4248 demulcent,
848 4182 919 4236 ab
949 4181 1178 4237 insania
1211 4182 1517 4254 mitigant;
1553 4185 1696 4240 alios
1731 4187 1866 4257 quia
1897 4190 2008 4244 ele-

298 4275 451 4327 vant,
488 4270 752 4325 funditus
784 4270 853 4325 ab
889 4269 1047 4325 omni
1097 4287 1199 4341 spe
1245 4272 1641 4327 conversionis
1683 4276 2001 4333 eradicent.

297 4357 550 4409 Cunctos
585 4361 775 4411 autem
808 4357 947 4411 vitia
980 4358 1048 4412 ad
1092 4358 1208 4414 ima
1251 4359 1592 4430 pertrahunt
1627 4377 1639 4408 =
1675 4364 1772 4418 sed
1807 4369 1998 4422 tamen

2127 3199 2330 3250 testate
2387 3198 2543 3262 sunt,
2594 3211 2658 3249 ac
2711 3194 3106 3264 subjectorum
3159 3193 3380 3265 passim
3441 3192 3829 3248 contumelias

2123 3293 2474 3357 erumpunt;
2510 3289 2565 3339 et
2613 3284 2720 3338 hoc
2769 3284 2922 3355 quod
2971 3283 3339 3353 invigilantes
3391 3282 3663 3354 regimini
3707 3300 3831 3337 ser-

2122 3379 2306 3442 viunt,
2368 3391 2468 3446 per
2527 3375 2736 3446 linguae
2805 3375 3218 3445 procacitatem
3281 3373 3546 3445 perdunt,
3611 3373 3826 3428 minori

2121 3465 2340 3520 scilicet
2371 3465 2680 3520 formidine
2725 3464 2940 3532 judicis
2989 3464 3156 3519 verba
3189 3469 3522 3534 pensantes,
3558 3463 3698 3534 quia
3725 3463 3825 3533 qui

2121 3557 2245 3611 sine
2264 3572 2438 3611 causa
2464 3556 2646 3621 fratri,
2669 3555 2735 3625 (e)
2765 3556 2920 3610 fatue
2945 3554 3175 3623 dixerit,
3200 3554 3476 3626 gehennae
3498 3570 3560 3608 se
3584 3554 3827 3624 ignibus

2120 3646 2334 3702 addicit
2372 3646 2581 3717 (Matth.
2623 3663 2676 3711 ν,
2705 3646 2814 3716 22).
2849 3649 3010 3717 Saepe
3041 3644 3078 3700 ii
3121 3645 3222 3716 qui
3252 3645 3309 3700 in
3342 3648 3634 3716 potestate
3665 3649 3826 3716 sunt,

2119 3738 2257 3791 dum
2290 3751 2416 3791 sese
2448 3752 2480 3789 a
2507 3734 2680 3790 licitis
2713 3736 2961 3790 retinere
2993 3734 3282 3801 nesciunt,
3310 3735 3378 3788 ad
3411 3733 3620 3789 illicita
3653 3750 3831 3804 opera

2117 3829 2174 3879 et
2204 3825 2459 3896 inquieta
2505 3824 2861 3878 dilabuntur.
2911 3821 3080 3879 Solus
3128 3823 3283 3879 enim
3333 3822 3392 3877 in
3443 3821 3666 3878 illicitis
3715 3839 3829 3877 non

2117 3915 2293 3981 cadit,
2327 3915 2422 3985 qui
2456 3930 2516 3969 se
2545 3915 2860 3984 aliquando
2913 3917 2968 3967 et
3008 3931 3041 3968 a
3078 3912 3258 3968 licitis
3302 3918 3469 3968 caute
3502 3913 3828 3985 restringit.

2115 4005 2241 4067 Qua
2267 4003 2529 4059 videlicet
2561 4003 2968 4058 constrictione
3000 4003 3308 4073 religatum
3343 4002 3488 4058 bene
3517 4018 3579 4056 se
3610 4000 3825 4056 Paulus

2117 4093 2401 4157 insinuat,
2434 4093 2630 4148 dicens
2665 4109 2676 4147 :
2707 4095 2906 4148 Omnia
2954 4093 3090 4146 mihi
3139 4095 3330 4160 licent,
3375 4094 3470 4147 sed
3497 4108 3600 4146 non
3628 4091 3821 4145 omnia

2114 4182 2410 4253 expediunt
2452 4183 2498 4250 (I
2527 4183 2653 4238 Cor.
2703 4199 2780 4247 v1,
2831 4183 2940 4253 12).
2991 4184 3176 4253 Atque
3222 4187 3284 4236 ut
3332 4198 3396 4237 ex
3441 4182 3562 4252 ipsa
3607 4179 3826 4251 religa-

2112 4271 2268 4325 tione
2297 4274 2628 4326 ostenderet
2665 4271 2722 4324 in
2766 4275 2986 4341 quanta
3015 4289 3077 4328 se
3110 4273 3320 4327 mentis
3363 4272 3625 4326 libertate
3668 4270 3832 4326 dila-

2113 4364 2282 4428 taret,
2316 4359 2468 4415 illico
2501 4361 2768 4430 adjunxit
2801 4378 2812 4415 :
2847 4362 3050 4417 Omnia
3081 4363 3222 4416 mihi
3251 4362 3437 4430 licent,
3464 4360 3558 4416 sed
3596 4376 3692 4431 ego
3723 4361 3824 4416 sub

299 4439 535 4529 quidam
568 4458 632 4494 eo
656 4442 724 4495 ab
759 4442 849 4496 his
883 4444 1109 4500 facilius
1143 4448 1404 4511 redeunt,
1441 4465 1554 4520 quo
1583 4467 1644 4505 se
1677 4451 1731 4505 in
1766 4452 1848 4508 eis
1878 4471 1998 4510 cor-
2033 4465 2078 4529 D
2113 4450 2324 4504 nullius
2363 4449 2582 4518 redigar
2627 4453 2886 4520 potestate
2917 4450 3104 4518 (Ibid.,
3141 4450 3250 4520 12).
3280 4449 3421 4505 Cum
3455 4451 3610 4504 enim
3652 4465 3825 4506 mens

299 4528 487 4583 ruisse
518 4529 693 4584 altius
741 4531 1112 4588 erubescunt.
1157 4536 1223 4588 Et
1262 4552 1490 4607 semper
1533 4539 1767 4597 virtutes
1797 4544 1865 4597 ad
1899 4561 2000 4599 su-

297 4634 478 4688 perna
509 4618 848 4686 sublevant;
881 4622 978 4675 sed
1027 4639 1443 4693 nonnunquam
1478 4629 1709 4698 quidam
1741 4631 1880 4687 dum
1913 4637 2000 4689 tu-

297 4724 516 4762 morem
553 4708 622 4762 de
662 4708 874 4763 virtute
919 4712 1270 4781 concipiunt,
1326 4731 1420 4784 per
1469 4717 1660 4786 ipsum
1707 4723 1996 4779 tramitem

296 4799 657 4854 ascensionis
705 4799 944 4854 cadunt.
995 4798 1138 4862 Quia
1187 4817 1321 4873 ergo
1369 4811 1622 4874 potestas
1666 4809 1870 4866 divinae
1903 4814 1996 4868 irae

294 4888 536 4943 minime
569 4887 957 4961 cognoscitur,
1013 4887 1067 4943 in
1121 4891 1345 4947 cunctis
1389 4910 1621 4950 necesse
1651 4903 1736 4953 est
1773 4905 1834 4954 ut
1871 4903 1996 4960 sine

295 4978 618 5034 cessatione
644 4978 931 5035 timeatur.
965 4979 1239 5050 Sequitur
1273 4997 1284 5034 :

791 5067 1022 5124 CAPUT
1054 5070 1125 5124 XI
1158 5071 1303 5138 [Rea
1345 5071 1496 5143 l’llI].

361 5155 533 5212 Vnas.
563 5159 756 5232 276.:—
785 5157 976 5232 Nonne
1033 5159 1423 5216 dissimulavi?
1473 5164 1547 5232 (b)
1599 5181 1776 5224 nonne
1817 5173 1996 5228 silui?

289 5241 467 5280 nonne
497 5229 726 5296 quievi?
756 5234 804 5283 et
831 5231 977 5285 venit
1005 5246 1172 5302 super
1192 5248 1278 5287 me
1310 5229 1635 5304 indignatio.

361 5315 445 5367 17.
508 5315 635 5380 Quae
685 5319 988 5388 cogitando,
1041 5320 1326 5393 loquendo,
1373 5325 1580 5393 agendo
1634 5344 1855 5398 peccare
1908 5350 1993 5389 so-

357 5521 427 5602 la)
462 5518 608 5602 Mss.
636 5522 828 5579 Norm.
847 5567 860 5592 ,
892 5529 1022 5582 dum
1047 5535 1342 5598 praeterita
1371 5551 1473 5591 sua
1503 5540 1775 5597 recolunt.

352 5593 429 5661 (b)
462 5591 729 5659 Vindoc.,
762 5611 942 5652 nonne
970 5591 1142 5654 tacui.

355 5667 426 5734 (ὀ)
460 5664 618 5720 Unus
654 5667 889 5722 Vindoc.
923 5673 978 5724 et
1011 5686 1164 5726 unus
1192 5675 1437 5746 Remig,
1470 5686 1620 5737 tanto
1653 5687 1982 5743 sublimiori.

2112 4544 2389 4610 concepta
2419 4539 2708 4594 desideria
2747 4540 3026 4609 sequitur,
3058 4539 3276 4596 servire
3306 4541 3481 4596 rebus
3513 4540 3822 4596 convinci-

2109 4633 2221 4696 tur,
2254 4646 2504 4700 quarum
2538 4645 2732 4685 amore
2761 4635 3091 4700 superatur.
3125 4631 3231 4685 Sed
3269 4631 3499 4698 Paulus,
3545 4632 3639 4685 cui
3675 4648 3818 4687 cun-

2109 4723 2201 4774 cta
2224 4718 2416 4784 licent,
2443 4719 2551 4773 sub
2577 4718 2793 4774 nullius
2815 4723 3096 4791 potestate
3114 4736 3176 4774 se
3196 4721 3424 4792 redigit,
3449 4721 3588 4790 quia
3608 4729 3822 4777 semet-

2108 4807 2298 4878 ipsum
2331 4808 2506 4863 etiam
2538 4825 2572 4863 a
2597 4808 2770 4864 licitis
2803 4809 3229 4880 restringendo,
3262 4825 3327 4864 ea
3367 4827 3496 4882 qum
3528 4809 3816 4868 delectata

2107 4899 2457 4966 premerent,
2492 4897 2760 4967 despecta
2789 4898 3166 4952 transcendit.

2179 4985 2262 5038 18.
2301 4985 2574 5052 Quomodo
2609 4987 2706 5042 Job
2746 4987 2856 5042 haec
2897 4988 3102 5042 vitavit.
3139 5016 3202 5027 —
3231 4991 3439 5043 Beatus
3472 4987 3657 5058 igitur
3681 4989 3810 5055 Job,

2106 5077 2171 5131 ut
2204 5091 2308 5130 nos
2350 5075 2590 5143 erudiat,
2637 5075 2826 5146 qualis
2877 5076 2936 5130 in
2982 5080 3262 5146 potestate
3308 5077 3418 5132 fuit
3458 5077 3812 5148 innotescat,

2105 5163 2351 5218 dicens:
2387 5164 2576 5220 Nonne
2621 5164 3011 5220 dissimulavi?
3059 5166 3316 5222 Potestas
3369 5184 3624 5238 namque
3675 5184 3812 5224 cum

2108 5252 2372 5322 habetur,
2406 5258 2462 5308 et
2491 5255 2798 5325 cogitanda
2837 5262 2923 5310 est
2964 5256 3034 5310 ad
3077 5255 3404 5325 utilitatem,
3439 5263 3494 5312 et
3533 5256 3813 5312 dissimu-

2101 5340 2278 5398 landa
2306 5351 2536 5414 propter
2578 5352 2856 5400 tumorem
2887 5362 2898 5412 ;
2943 5353 3230 5416 quatenus
3265 5345 3315 5400 is
3361 5346 3459 5416 qui
3501 5361 3568 5401 ea
3602 5347 3805 5415 utitur,

2100 5553 2302 5604 mentis
2330 5550 2658 5621 disciplina.

2172 5621 2558 5696 (d_)_Vindo_c.,
2589 5638 2771 5677 nonne
2802 5623 2914 5696 nec
2942 5632 3022 5679 est
3052 5625 3298 5696 Babylon
3327 5641 3546 5696 magna,
3576 5632 3690 5683 etc.

2169 5693 2241 5764 (e)
2263 5693 2429 5749 Corb.
2463 5694 2655 5751 Germ.
2691 5697 2747 5750 et
2777 5693 2955 5765 plur.,
2988 5693 3233 5766 faluuin.
