4134 6174
404 246 526 308 689

1347 247 1765 312 MORALIUM
1813 246 1966 310 LIB.
2011 246 2085 307 V.
2137 275 2212 288 --
2257 245 2333 305 ΙΝ
2381 249 2527 311 CAP
2572 254 2650 314 IV
2695 256 2762 317 B.
2815 258 2978 318 JOB.

3805 268 3926 330 690

402 389 462 440 et
493 387 554 439 ut
586 383 860 456 prodesse
891 384 1152 452 debeant,
1188 401 1358 455 posse
1389 403 1450 442 se
1491 388 1676 454 sciat;
1708 391 1764 442 et
1795 389 1860 442 ut
1903 381 2098 479 extolli
2132 384 2191 451 Α
2219 387 2601 479 exterioribus
2649 395 3055 465 voluptatibus
3107 397 3219 454 fusi
3269 416 3502 459 carnem
3554 413 3921 479 sequuntur?

395 490 512 528 non
543 474 765 538 debeat,
826 490 995 544 posse
1054 491 1112 529 se
1177 476 1411 530 nesciat.
1470 477 1665 541 Qualis
1723 493 1852 532 vero
1903 477 1960 529 in
2001 490 2100 527 ore

391 563 586 629 fuerit,
620 564 902 635 adjungat
931 565 1132 619 dicens
1161 582 1172 617 :
1209 566 1398 620 Nonne
1427 569 1604 621 silui?
1635 567 1832 630 Qualis
1859 581 1996 636 erga
2028 563 2100 616 il-

393 653 554 708 licita
585 667 780 723 opera,
831 653 1024 708 adhuc
1063 655 1340 724 subjiciat
1372 673 1384 709 :
1434 659 1618 711 Nonne
1647 658 1874 727 quievi?
1905 655 2097 708 Potest

391 750 586 798 autem
618 741 789 796 silere
820 747 872 796 et
905 743 1222 814 quiescere,
1275 745 1464 800 adhuc
1514 745 1789 800 subtilius
1833 759 2095 815 perscru-

390 831 522 886 tari.
555 831 736 886 Silere
778 848 1026 903 namque
1056 838 1145 888 est
1194 840 1444 890 mentem
1481 851 1513 889 a
1551 840 1912 890 terrenorum
1945 832 2097 886 desi-

385 920 682 977 deriorum
714 937 852 978 voce
881 922 1248 994 restringere.
1289 924 1388 980 Vis
1420 925 1574 981 enim
1603 925 1797 996 magni
1822 923 2095 979 clamoris

386 1018 471 1066 est
501 1010 791 1067 tumultus
821 1012 1030 1068 cordis.
1491 1001 1496 1004 ’

465 1100 551 1154 19.
609 1102 718 1169 Qui
753 1109 1023 1172 przsunt,
1064 1103 1436 1172 occupationes
1494 1104 1844 1174 temporales,
1902 1107 1960 1157 ut
1993 1103 2093 1157 Deo

388 1199 600 1254 vacent,
633 1193 992 1247 intermittere
1037 1192 1251 1249 debent.
1285 1226 1350 1233 —
1390 1193 1699 1257 Quiescunt
1744 1208 1972 1263 quoque
1995 1193 2090 1261 qui

386 1281 532 1335 bene
566 1281 621 1336 in
675 1285 963 1352 potestate
1009 1285 1168 1349 sunt,
1219 1299 1352 1339 cum
1401 1287 1759 1338 terrenarum
1793 1282 2088 1337 actionum

384 1369 669 1440 strepitus
719 1387 819 1440 pro
868 1371 1062 1426 divino
1113 1387 1310 1427 amore
1364 1373 1798 1428 intermittendo
1849 1376 2090 1442 postpo-

385 1465 568 1525 nunt;
603 1476 674 1514 ne
705 1459 840 1514 dum
884 1459 1002 1515 ima
1041 1461 1442 1517 indesinenter
1490 1465 1798 1531 occupant,
1825 1477 1923 1515 cor
1957 1461 2088 1514 fun-

386 1548 546 1604 ditus
580 1567 610 1603 a
642 1551 894 1604 summis
925 1551 1111 1606 cadat.
1148 1551 1348 1606 Sciunt
1376 1552 1530 1607 enim
1555 1551 1693 1622 quia
1718 1566 2084 1621 nequaquam

2206 476 2310 564 Qui
2340 479 2512 534 etiam
2546 483 2801 551 agricola
2841 500 2971 539 esse
3019 487 3392 560 describitur,
3442 494 3581 564 quia
3631 476 3918 554 amatores

2207 562 2385 661 hujus
2417 570 2610 624 saeculi
2648 575 2804 627 tanto
2830 575 3015 645 magis
3039 579 3321 634 exteriora
3353 562 3670 653 (d)colunt,
3701 593 3916 658 quanto

2207 655 2479 711 interiora
2526 677 2631 713 sua
2685 661 2903 718 inculta
2954 666 3388 738 derelinquunt.
3437 673 3615 730 Jacob
3676 655 3805 732 vero
3831 679 3917 733 vir

2205 743 2447 838 simplex
2479 749 2538 804 in
2573 753 2959 810 tabernaculis
2988 755 3074 811 vel
3107 758 3165 812 in
3198 760 3370 816 domo
3420 763 3677 822 habitare
3721 768 3914 838 perbi-

2206 831 2393 899 betur,
2431 839 2565 907 quia
2597 842 2875 898 nimirum
2900 861 3125 915 omnes,
3160 849 3258 918 qui
3294 851 3349 904 in
3366 853 3518 908 curis
3535 831 3913 913 exterioribus

2203 926 2394 995 spargi
2431 929 2746 1000 refugiunt,
2784 934 3079 1005 simplices
3128 937 3188 992 in
3250 940 3592 1011 cogitatione
3647 952 3820 1016 atque
3850 947 3908 1002 in

2202 1017 2570 1074 conscientia
2601 1038 2715 1076 suae
2748 1023 3099 1082 habitatione
3130 1030 3479 1086 consistunt.
3517 1035 3580 1089 In
3631 1036 3908 1091 taberna-

2201 1105 2348 1160 culis
2399 1109 2549 1164 enim
2584 1117 2682 1167 aut
2715 1112 2883 1169 domo
2933 1115 3214 1186 habitare,
3275 1128 3361 1175 est
3418 1138 3476 1176 se
3509 1123 3660 1179 intra
3701 1127 3911 1182 mentis

2199 1201 2418 1251 secreta
2470 1200 2841 1274 restringere,
2890 1211 2942 1258 et
2984 1221 3357 1279 nequaquam
3393 1213 3640 1267 exterius
3682 1229 3784 1282 per
3813 1215 3908 1269 dea

2200 1283 2414 1339 sideria
2457 1287 2762 1359 dissipare,
2807 1308 2876 1346 ne
2908 1294 3044 1348 dum
3083 1296 3152 1349 ad
3194 1299 3378 1353 multa
3410 1299 3559 1354 foras
3593 1301 3844 1367 inhiant,
3875 1321 3907 1358 a

2197 1375 2532 1445 semetipsis
2582 1379 2851 1436 alienatis
2901 1385 3350 1454 cogitationibus
3407 1391 3698 1445 recedant.
3744 1393 3909 1448 Dicat

2193 1460 2370 1533 igitur
2427 1467 2704 1536 probatus
2735 1473 2842 1536 vir,
2921 1475 2976 1526 et
3032 1475 3380 1531 exercitatus
3440 1478 3498 1532 in
3570 1481 3901 1551 prosperis:

2195 1554 2800 1614 Nonnedissimulavi?
2845 1578 3023 1618 nonne
3079 1567 3260 1620 silui?
3300 1583 3483 1623 nonne
3539 1573 3776 1639 quievi?
3835 1571 3908 1626 Ut

386 1653 556 1693 mens
586 1639 656 1693 ad
689 1655 944 1709 superna
981 1639 1286 1707 attollitur,
1334 1641 1382 1695 si
1415 1656 1682 1696 curarum
1734 1638 2086 1695 tumultibus
2118 1717 2154 1721 _
2195 1645 2349 1699 enim
2378 1662 2555 1717 supra
2585 1650 2857 1720 diximus,
2891 1653 3076 1708 sancti
3107 1656 3233 1721 viri,
3267 1673 3398 1712 cum
3430 1658 3514 1713 eis
3553 1638 3909 1715 transitoria

387 1729 662 1782 continue
708 1727 766 1781 in
818 1728 1033 1783 intimis
1082 1735 1418 1800 occupatur.
1471 1730 1615 1795 Quid
1659 1730 1812 1783 enim
1864 1731 1932 1784 de
1972 1729 2086 1784 Deo
2118 1717 2168 1786 Β
2201 1736 2551 1804 prosperitas
2585 1740 2821 1806 arridet,
2847 1717 3107 1797 favorem
3144 1717 3341 1800 mundi
3377 1749 3544 1817 quasi
3579 1749 3905 1804 nescientes

383 1823 664 1888 occupata
695 1818 969 1886 obtineat,
1003 1836 1128 1889 quae
1160 1821 1229 1874 de
1260 1821 1358 1875 illo
1405 1819 1839 1890 apprehendere
1870 1819 2090 1889 aliquid

381 1907 560 1962 etiam
595 1923 806 1962 vacans
856 1908 1103 1962 laborat.
1148 1910 1293 1964 Bene
1341 1919 1531 1964 autem
1566 1925 1668 1980 per
1714 1908 2084 1963 Psalmistam

382 1997 640 2051 dicitur:
704 1998 894 2052 Vacate
937 2001 986 2053 et
1059 1998 1258 2065 videte,
1300 2002 1557 2069 quoniam
1605 2014 1698 2069 ego
1773 2015 1893 2053 sum
1955 1999 2091 2054 Deus

381 2086 555 2154 (Psal.
607 2102 731 2151 va,
763 2086 877 2156 tl);
931 2087 1063 2157 quia
1116 2089 1214 2157 qui
1274 2103 1474 2143 vacare
1525 2088 1639 2142 Deo
1673 2087 1930 2160 negligit,
1982 2104 2088 2143 suo

385 2177 492 2230 sibi
519 2177 747 2245 judicio
774 2176 968 2232 lumen
995 2178 1122 2247 ejus
1153 2178 1395 2234 visionis
1418 2178 1736 2234 abscondit.
1762 2180 1906 2233 Hinc
1927 2179 2091 2234 etiam

386 2282 484 2338 per
507 2265 742 2338 Moysen
774 2268 988 2323 dicitur
1019 2272 1081 2322 ut
1105 2269 1290 2338 pisces
1312 2269 1406 2339 qui
1428 2269 1712 2340 pennulas
1742 2287 1854 2323 non
1877 2270 2091 2324 habent

386 2371 495 2411 non
529 2356 782 2410 edantur
812 2357 961 2426 (Lev.
1006 2373 1085 2424 xr,
1147 2358 1234 2425 12,
1286 2359 1391 2428 13).
1454 2360 1647 2414 Pisces
1703 2375 1956 2430 namque
1989 2360 2089 2429 qui

384 2444 600 2500 habent
631 2445 934 2516 pennulas,
994 2447 1183 2502 saltus
1215 2449 1353 2502 dare
1401 2465 1577 2519 super
1633 2465 1816 2519 aquas
1879 2448 2089 2506 solent.

385 2535 534 2588 147
562 2533 679 2589 Soli
710 2549 844 2606 ergo
875 2537 933 2590 in
956 2535 1271 2592 electorum
1302 2553 1538 2608 corpore
1593 2538 1756 2608 quasi
1791 2539 1866 2607 (a)
1925 2538 2091 2594 cibus

384 2627 710 2689 transeunt,
743 2624 842 2695 qui
881 2624 940 2679 in
975 2641 1040 2680 eo
1085 2626 1154 2695 (ὁ)
1203 2627 1356 2696 quod
1407 2626 1540 2680 imis
1597 2627 1950 2694 deserviunt,
1986 2627 2092 2681 ali-

391 2713 622 2783 quando
678 2715 744 2768 ad
805 2729 1054 2785 superna
1103 2717 1492 2771 conscendere
1562 2717 1774 2770 mentis
1843 2715 2092 2771 saltibus

387 2804 608 2868 sciunt,
643 2818 712 2857 ne
742 2819 976 2875 semper
1006 2806 1065 2859 in
1099 2807 1405 2876 profundis
1442 2823 1712 2860 curarum
1764 2805 2002 2872 lateant,
2038 2809 2094 2860 et

384 2892 550 2947 nulla
581 2908 678 2947 eos
711 2895 926 2948 amoris
958 2894 1178 2949 summi
1209 2895 1377 2966 quasi
1420 2895 1585 2950 liberi
1619 2895 1768 2950 aeris
1795 2912 1931 2950 aura
1954 2911 2091 2950 con-

384 2981 594 3051 tingat.
619 2981 728 3044 Qui
750 2998 885 3055 ergo
909 2984 1081 3039 rebus
1103 2983 1523 3053 temporalibus
1545 2989 1924 3055 occupantur,
1950 2989 2088 3038 tunc

2197 1825 2589 1892 dissimulant,
2624 1832 2680 1883 et
2725 1831 2856 1885 forti
2889 1849 3087 1898 gressu
3121 1833 3366 1890 interius
3417 1836 3524 1891 hoc
3567 1840 3723 1894 unde
3753 1844 3907 1896 exte-

2196 1913 2318 1966 rius
2351 1913 2420 1985 (e)
2446 1916 2824 1972 sublevantur
2845 1923 3090 1976 calcant.
3113 1923 3297 1978 Silent
3326 1929 3540 1994 autem,
3568 1927 3702 1998 quia
3726 1927 3907 1984 nullis

2196 2017 2384 2071 pravae
2418 2004 2658 2060 actionis
2689 2007 3044 2065 clamoribus
3077 2018 3467 2082 perstrepunt.
3504 2015 3705 2071 Omnis
3736 2033 3908 2072 nam-

2196 2106 2308 2161 que
2347 2091 2632 2163 iniquitas
2683 2095 2857 2151 habet
2885 2100 3037 2168 apud
3072 2106 3289 2155 secreta
3340 2101 3440 2158 Dei
3485 2104 3708 2173 judicia
3740 2122 3907 2162 voces

2197 2196 2351 2234 suas.
2387 2181 2550 2237 Unde
2581 2184 2864 2255 scriptum
2897 2191 3023 2241 est:
3059 2190 3285 2245 Clamor
3342 2191 3698 2248 Sodomorum
3727 2204 3780 2249 et
3803 2195 3904 2250 Go-

2195 2271 2595 2327 morrha’orum
2626 2275 3025 2345 multiplicatus
3054 2283 3128 2332 est
3162 2279 3369 2349 (Genes.
3399 2297 3556 2346 xvm,
3589 2284 3702 2349 20).
3739 2285 3908 2348 Quie-

2197 2363 2369 2414 scunt
2399 2377 2551 2428 vero,
2584 2379 2716 2417 cum
2751 2380 2864 2419 non
2899 2366 3087 2421 solum
3122 2367 3283 2423 nullo
3329 2369 3722 2440 cupiditatum
3757 2377 3907 2427 tem-

2197 2449 2479 2517 poralium
2502 2450 2839 2508 turbulento
2866 2455 3126 2524 appetitu
3143 2455 3472 2526 rapiuntur,
3497 2473 3696 2514 verum
3729 2460 3906 2516 etiam

2198 2537 2350 2590 curis
2387 2539 2684 2605 presentis
2715 2539 2847 2595 vitae
2895 2543 3236 2598 necessariis
3267 2545 3711 2604 immoderatius
3743 2563 3911 2605 occu-

2198 2625 2321 2694 pari
2353 2627 2669 2698 refugiunt.

2268 2713 2357 2767 21.
2389 2714 2538 2770 Justi
2555 2733 2654 2770 cur
2684 2719 2903 2775 assidue
2930 2721 3159 2790 ﬂagella
3188 2726 3499 2793 patiantur.
3542 2756 3610 2766 -—-
3644 2727 3753 2783 Sed
3786 2727 3908 2783 haec

2200 2808 2452 2873 agentes,
2514 2812 2752 2875 paterna
2798 2811 2986 2865 adhuc
3039 2812 3269 2884 ﬂagella
3317 2815 3597 2886 sentiunt,
3633 2822 3697 2871 ut
3747 2821 3908 2872 tanto

2198 2892 2568 2962 perfectiores
2598 2898 2666 2950 ad
2698 2897 3087 2956 hereditatem
3115 2904 3373 2970 veniant,
3427 2906 3662 2974 quando
3691 2923 3792 2962 eos
3816 2907 3906 2977 pie

2198 2980 2411 3036 feriens
2444 2984 2750 3055 disciplina
2782 2989 3039 3057 quotidie
3071 2991 3243 3046 etiam
3278 2993 3348 3047 de
3384 2994 3645 3050 minimis
3677 2999 3902 3066 purgat.

381 3072 530 3128 bene
561 3073 846 3128 exteriora
880 3074 1221 3146 disponunt,
1271 3091 1403 3130 cum
1438 3076 1686 3132 sollicite
1712 3077 1781 3130 ad
1810 3077 2087 3131 interiora
2114 3065 2158 3133 C
2195 3069 2362 3126 Justa
2393 3072 2586 3142 itaque
2637 3075 3029 3134 indesinenter
3079 3080 3318 3147 faciunt,
3363 3084 3461 3138 sed
3496 3065 3729 3139 assidue
3761 3065 3907 3140 dura

379 3162 714 3234 refugiunt;
768 3180 900 3219 cum
963 3181 1334 3235 nequaquam
1369 3166 1524 3221 foras
1585 3166 2084 3238 perturbationum

381 3253 662 3323 strepitus
718 3253 993 3324 diligunt,
1054 3255 1149 3309 sed
1203 3256 1355 3325 apud
1415 3256 1755 3326 semelipsos
1809 3255 1970 3309 intus
2027 3254 2086 3308 in

377 3342 823 3414 tranquillitatis
855 3345 985 3399 sinu
1027 3344 1416 3414 requiescunt.

451 3433 583 3502 [νει.
655 3435 790 3505 VII.]
847 3435 936 3488 20.
1010 3433 1281 3502 Quomodo
1340 3434 1548 3505 aﬁectz
1580 3436 1729 3489 circa
1782 3435 1879 3488 has
1926 3450 2086 3489 occu-

378 3525 628 3593 pationes
649 3541 838 3594 prava:
869 3533 1089 3580 mentes.
1125 3525 1400 3592 Quomodo
1415 3527 1544 3595 piae.
1568 3557 1636 3564 —
1659 3523 1848 3578 Pravze
1871 3525 2087 3578 etenim

357 3615 1033 3684 -mentestemporalium
1052 3629 1244 3669 rerum
1261 3615 1558 3669 tumultus
1581 3613 1729 3669 intra
1743 3613 2086 3682 semetipsas

384 3717 612 3758 versare
628 3721 740 3759 non
763 3710 1016 3772 cessant,
1038 3704 1211 3760 etiam
1243 3721 1372 3760 cum
1398 3709 1622 3760 vacant.
1659 3704 1720 3758 In
1738 3703 2088 3774 cogitatione

383 3791 538 3847 enim
564 3793 631 3863 (ε)
664 3800 895 3849 servant
924 3795 1151 3864 depicta
1182 3811 1309 3865 quas
1329 3801 1546 3860 amant,
1571 3798 1628 3848 et
1650 3793 1918 3863 quamvis
1941 3790 2087 3846 nihil

383 3883 638 3938 exterius
673 3883 904 3951 faciant,
927 3884 1079 3952 apud
1105 3884 1453 3954 semetipsas
1479 3887 1674 3938 tamen
1697 3882 1805 3937 sub
1832 3883 2087 3953 pondere

382 3971 656 4043 inquietae
690 3973 904 4044 quietis
934 3973 1251 4028 elaborant.
1277 3974 1496 4039 Quibus
1525 3975 1571 4029 si
1616 3974 1950 4029 earumdem
1988 3989 2085 4027 re-

383 4079 514 4119 rum
549 4062 976 4118 administratio
1038 4063 1382 4134 praebeatur,
1434 4064 1773 4133 semetipsas
1827 4063 2086 4118 funditus

383 4151 680 4220 deserunt,
715 4158 770 4208 et
799 4152 1037 4224 fugitiva
1070 4152 1190 4206 hac
1220 4151 1564 4223 temporalia
1617 4169 1718 4222 per
1744 4152 2086 4207 intentionis

383 4257 619 4295 cursum
653 4241 948 4296 continuis
979 4240 1402 4311 cogitationum
1439 4241 1709 4310 passibus
1741 4248 2082 4312 sequuntur.

381 4331 500 4384 Piae
531 4340 718 4385 autem
746 4339 967 4387 mentes
999 4331 1119 4385 haec
1147 4339 1199 4386 et
1231 4347 1362 4385 cum
1398 4331 1610 4386 desunt
1640 4349 1753 4386 non
1796 4334 2084 4401 quaerunt,

2198 3161 2522 3230 patiuntur,
2557 3164 2696 3234 quia
2727 3181 2882 3237 saepe
2913 3167 3038 3237 ipsa
3070 3171 3535 3241 nostrajustitia,
3571 3173 3641 3226 ad
3665 3189 3904 3228 examen

2198 3250 2407 3305 divinae
2435 3253 2674 3321 justitiae
2723 3256 2991 3323 deducta,
3045 3259 3336 3329 iniustitia
3387 3265 3495 3328 est,
3528 3267 3583 3318 et
3621 3263 3818 3317 sordet
3845 3263 3906 3318 in

2198 3340 2562 3397 districtione
2595 3345 2746 3399 148
2772 3346 2988 3414 judicis
3022 3350 3171 3418 quod
3219 3351 3276 3404 in
3327 3351 3702 3407 aestimatione
3734 3352 3912 3424 fulget

2197 3432 2512 3500 operantis.
2554 3432 2714 3488 Unde
2747 3435 2963 3491 Paulus
2994 3454 3126 3492 cum
3159 3439 3402 3495 diceret:
3438 3441 3589 3495 Nihil
3617 3441 3760 3496 mihi
3780 3458 3910 3497 con-

2195 3522 2340 3574 scius
2371 3537 2512 3585 sum,
2547 3523 2814 3591 protinus
2847 3527 3150 3594 adiunxit:
3195 3528 3304 3583 Sed
3352 3545 3462 3584 non
3493 3531 3551 3584 in
3576 3529 3672 3585 hoc
3699 3531 3908 3600 justi/i-

2196 3618 2347 3665 catus
2374 3627 2496 3664 sum
2533 3613 2577 3681 (I
2608 3613 2728 3666 Cor.
2765 3629 2838 3679 1v,
2902 3616 2976 3682 4).
3029 3615 3135 3679 Qui
3199 3632 3438 3672 causam
3483 3635 3612 3674 mox
3651 3635 3758 3673 cur
3787 3637 3903 3674 non

2198 3699 2274 3753 sit
2299 3699 2662 3769 justiticatus
2695 3701 3024 3770 insinuans,
3058 3705 3139 3759 ait
3169 3721 3181 3759 :
3216 3707 3530 3774 Quiautem
3561 3708 3771 3775 iudicat
3802 3725 3906 3776 me,

2196 3787 2458 3842 Dominus
2488 3793 2586 3843 est.
2620 3791 2697 3844 Ac
2730 3790 2778 3844 si
2812 3791 3028 3847 diceret
3063 3808 3075 3846 :
3121 3793 3339 3849 Idcirco
3374 3795 3432 3849 in
3466 3813 3532 3852 eo
3562 3799 3715 3868 quod
3761 3798 3906 3852 nihil

2197 3875 2343 3930 mihi
2367 3878 2634 3932 conscius
2666 3896 2798 3934 sum
2825 3881 3211 3949 justificatum
3251 3899 3343 3937 me
3380 3885 3626 3956 abnego,
3679 3887 3814 3956 quia
3834 3887 3905 3940 ab

2195 3983 2260 4022 eo
2293 3967 2390 4037 qui
2426 3983 2513 4022 me
2538 3969 2767 4038 judicat
2791 3971 3111 4025 examinari
3146 3987 3238 4027 me
3269 3973 3546 4028 subtilius
3579 3975 3700 4029 scio
3734 3975 3904 4044 .[Vet.

2199 4057 2367 4127 VIII.]
2401 4058 2838 4115 Dissimulanda
2869 4076 2999 4129 ergo
3033 4066 3168 4116 sunt
3211 4079 3337 4133 qua:
3388 4063 3641 4119 exterius
3693 4064 3905 4131 favent,

2198 4148 2265 4216 (Γ)
2297 4149 2667 4219 reprimenda
2698 4167 2820 4220 quin
2852 4149 3103 4207 interius
3138 4157 3527 4224 perstrepunt,
3562 4154 3909 4209 declinanda

2198 4251 2322 4306 qua:
2383 4237 2546 4306 quasi
2604 4241 2931 4294 necessaria
2981 4241 3327 4308 involvunt;
3370 4247 3425 4296 et
3482 4252 3674 4298 tamen
3707 4243 3763 4296 in
3817 4242 3907 4298 his

2197 4326 2466 4381 omnibus
2499 4328 2690 4383 adhuc
2722 4329 2970 4384 districti
3004 4332 3288 4386 examinis
3322 4330 3548 4403 flagella
3571 4332 3908 4400 metuenda,

379 4427 435 4474 et
468 4420 713 4490 graviter
743 4424 918 4475 etiam
952 4435 1082 4475 cum
1119 4421 1354 4487 adsunt,
1391 4421 1600 4489 ferunt,
1633 4421 1767 4491 quia
1795 4438 1896 4491 per
1926 4428 2084 4475 exte-
2120 4438 2163 4502 Β
2197 4415 2336 4483 Quia
2357 4420 2412 4469 et
2444 4416 2568 4486 ipsa
2613 4423 2813 4472 nostra
2864 4419 3135 4487 perfectio
3181 4419 3352 4490 culpa
3403 4437 3519 4475 non
3567 4430 3744 4489 caret,
3797 4421 3911 4476 nisi

384 4505 605 4564 rioruin
637 4526 834 4565 curam
867 4515 984 4564 ate
1034 4513 1187 4564 exire
1237 4510 1674 4580 pertimescunt.
1732 4511 1891 4573 Quod
1943 4511 2088 4565 bene

381 4598 748 4654 illaduorum
765 4600 1008 4654 fratrum
1030 4599 1147 4653 vita
1164 4600 1450 4670 signatur,
1477 4600 1546 4654 de
1569 4600 1782 4670 quibus
1807 4601 2084 4671 scripturn

387 4693 478 4743 est
513 4713 523 4740 :
560 4691 748 4743 Factus
779 4694 854 4744 est
879 4690 1018 4744 Esau
1051 4688 1134 4744 vir
1155 4705 1360 4759 gnarus
1377 4691 1646 4756 venandi,
1678 4693 1728 4743 et
1766 4691 1923 4744 homo
1941 4691 2090 4758 agri-

383 4779 504 4832 cola
528 4793 547 4840 ;
575 4778 737 4832 Jacob
768 4787 950 4833 autem
1001 4779 1086 4832 vir
1135 4779 1374 4849 simplex
1417 4778 1703 4834 habitabat
1752 4782 1808 4834 in
1839 4779 2089 4835 taberna-

385 4864 526 4920 cutis
575 4864 782 4934 (Genes.
833 4883 964 4931 xxv,
1014 4866 1104 4930 27,
1155 4882 1257 4920 sec.
1312 4867 1473 4937 LXX).
1516 4865 1616 4921 Vel
1672 4867 1826 4922 sicut
1870 4868 1927 4922 in
1977 4867 2090 4922 alia

383 4953 767 5010 translatione
791 4954 1022 5021 dicitur,
1069 4954 1357 5010 Habitabat
1402 4954 1572 5011 domi.
1605 4955 1751 5018 Quid
1801 4955 1958 5010 enim
1991 4971 2091 5026 per

384 5041 754 5098 venationem
795 5042 965 5113 Esau,
999 5041 1112 5098 nisi
1157 5059 1358 5098 eorum
1400 5042 1516 5098 vita
1560 5043 1868 5114 ﬁguratur,
1899 5042 1999 5115 qui
2030 5043 2087 5097 in

457 5242 532 5314 (a)
566 5239 660 5296 Sic
691 5243 806 5295 vet.
847 5239 944 5295 Ed.
970 5255 1159 5314 Acumﬁ
1191 5240 1341 5314 Mss.
1372 5240 1540 5314 Corb.
1590 5241 1808 5306 Germ.,
1846 5244 2088 5312 antiquo

385 5312 623 5380 Rhem.,
657 5329 774 5366 uno
818 5312 1067 5382 Remig.,
1115 5313 1240 5368 Val.
1288 5312 1389 5378 CL,
1441 5312 1600 5380 Reg,
1653 5313 1810 5368 Colb.
1855 5320 1927 5368 At
1959 5319 2086 5372 Coc.

386 5401 640 5456 eumque
672 5389 884 5456 secutas
916 5384 1068 5440 Edit.
1103 5401 1230 5440 cum
1268 5384 1566 5438 nonnullis
1601 5384 1763 5451 Mss.,
1791 5385 1992 5455 pisces.

459 5455 722 5530 (b)'Unus
754 5455 997 5530 Remig._,
1030 5460 1180 5530 _qu_od
1203 5458 1321 5530 ima
1343 5456 1619 5511 deserunt.
1654 5457 1819 5512 Corb.
1873 5457 2087 5525 Germ.,

387 5527 585 5604 prima
615 5544 813 5604 manu,
833 5528 989 5604 quod
1019 5527 1148 5581 imis
1178 5529 1451 5604 deserunt.

461 5603 530 5672 (ε)
554 5600 800 5665 Quidam
833 5599 1007 5662 Editi,
1039 5600 1441 5668 servantdicta,
1475 5615 1604 5656 cum
1640 5601 1696 5657 in
1715 5605 1852 5658 Mss.
1880 5602 2092 5657 unani-

388 5675 562 5735 miter
593 5673 818 5745 legatur
845 5681 1063 5729 servant
1091 5672 1323 5743 depicta.

2195 4503 2343 4560 hanc
2374 4523 2611 4561 severus
2636 4507 2818 4576 judex
2842 4508 2898 4562 in
2934 4509 3134 4564 subtili
3167 4511 3333 4566 lance
3366 4511 3655 4568 examinis
3675 4511 3909 4567 miseri-

2197 4596 2453 4650 corditer
2484 4602 2686 4664 penset

2269 4687 2412 4754 [Rea
2455 4686 2679 4755 IX.]22.
2736 4689 2800 4743 Si
2845 4693 2919 4743 tot
2976 4690 3271 4760 patiantur
3315 4692 3474 4762 justi,
3512 4709 3628 4763 qua:
3686 4691 3907 4762 iniquos

2194 4783 2420 4830 manent
2459 4775 2771 4846 supplicia?
2810 4809 2878 4817 —
2912 4782 3056 4836 Bene
3089 4785 3283 4835 autem
3317 4781 3592 4835 subditur
3621 4798 3632 4833 :
3667 4782 3727 4834 Et
3761 4782 3905 4834 venit

2197 4881 2360 4935 super
2385 4881 2472 4920 me
2502 4865 2837 4938 indignatio.
2874 4869 3086 4940 Magna
3117 4871 3330 4940 quippe
3360 4874 3479 4924 arte
3511 4871 3786 4925 doctrina:
3809 4868 3902 4923 di-

2199 4960 2403 5011 cturus
2431 4956 2504 5027 (g)
2537 4957 2775 5013 verbera
2809 4959 3064 5030 praetulit
3093 4963 3244 5013 recte
3268 4959 3414 5013 facta
3439 4975 3452 5026 ;
3483 4962 3544 5013 ut
3567 4957 3702 5012 hinc
3722 4973 3901 5012 unus-

2201 5047 2450 5118 quisque
2479 5048 2809 5104 consideret
2839 5065 2966 5119 quas
2999 5051 3302 5120 peccantes
3344 5046 3720 5118 postmodum
3761 5063 3903 5119 sup-

2272 5242 2357 5315 (d)
2391 5246 2456 5300 In
2488 5244 2630 5301 Mss.
2666 5245 2928 5299 incolunt.

2270 5318 2338 5388 (ε)
2374 5319 2434 5371 In
2465 5316 2761 5388 nonnullis
2793 5315 2958 5380 Mss.,
2991 5315 3134 5388 male
3163 5315 3542 5372 sublevantur.

2270 5386 2338 5456 (Γ)
2371 5393 2532 5442 Unus
2564 5387 2810 5456 Rcmig,
2839 5386 3224 5457 exprimenda.

2273 5463 2350 5527 (g)
2382 5459 2522 5518 Mss.
2557 5457 2879 5526 Anglicani,
2932 5457 3154 5531 Norm.,
3205 5458 3472 5521 Vindoc.,
3500 5459 3688 5528 Corb.,
3733 5460 3896 5531 Reg,

2202 5533 2415 5594 Germ.,
2463 5535 2548 5600 eti
2569 5544 2708 5594 pene
2761 5544 2965 5584 omnes
2996 5530 3076 5584 ita
3126 5530 3360 5596 habent,
3396 5547 3540 5600 quos
3585 5537 3779 5587 secuta
3810 5530 3900 5587 est

2200 5605 2364 5656 vetus
2395 5600 2497 5655 Ed.
2521 5599 2697 5654 Paris.
2723 5601 2859 5653 Aliae
2894 5601 3031 5669 fere,
3064 5601 3310 5658 dicturus
3327 5599 3513 5660 verba.
3537 5605 3683 5660 Tum
3707 5604 3897 5670 Corb.,

2200 5672 2474 5746 pravidit,
2507 5687 2622 5727 non
2651 5672 2920 5741 praetulit.
