4134 6174
241 262 349 323 691

1512 249 1792 312 SANCTI
1838 250 2215 316 GREGORII
2260 254 2500 316 MAGNI

3649 257 3764 315 692

241 392 415 463 plicia
444 393 738 458 maneant,
778 388 827 444 si
877 387 1055 443 etiam
1101 385 1267 458 justo
1315 389 1432 441 tam
1483 383 1668 440 valide
1717 386 1810 442 hic
1839 388 1951 444 ﬂa-
1981 391 2036 457 Α
2058 389 2228 461 justi,
2262 389 2373 445 nisi
2406 405 2539 445 arca
2570 390 2950 446 testamenti?
2979 391 3116 459 Quae
3136 395 3357 465 gestata
3385 409 3419 448 a
3441 392 3626 449 bobus
3656 391 3775 447 cal-

240 481 387 552 gella
444 480 751 551 castigant.
813 478 958 533 Hinc
1003 481 1088 534 est
1135 475 1291 532 enim
1342 476 1496 546 quod
1567 475 1769 531 Petrus
1825 477 1944 533 ait:

246 574 470 642 Tempus
511 578 586 626 est
614 577 675 624 ut
720 569 1002 640 judicium
1060 567 1291 637 incipiat
1321 565 1387 620 de
1439 565 1595 620 domo
1627 565 1742 620 Dei.
1802 569 1866 620 Et
1898 565 1949 622 si

233 662 418 732 justus
450 660 544 714 vix
598 657 922 721 salvabilur,
959 657 1157 724 impius
1203 659 1254 709 et
1276 663 1522 725 peccator
1551 654 1644 708 ubi
1681 656 1950 724 parebunt

243 752 290 818 (1
322 751 438 805 Pet.
474 767 549 819 1v,
587 750 671 807 17.
710 747 795 818 18)
819 746 846 799 ‘I
879 745 1025 800 Hinc
1057 744 1292 811 Paulus,
1317 760 1450 800 cum
1475 744 1663 800 multa
1695 745 1750 798 in
1774 745 1952 801 Thes-

245 837 698 894 salonicensium
753 836 981 890 laudem
1037 834 1300 899 dixisset,
1353 834 1619 905 protinus
1650 835 1950 904 adjunxit:

245 929 329 982 Ita
363 932 422 982 ut
446 933 495 983 el
526 943 620 982 nos
653 926 758 991 ipsi
787 926 847 979 in
886 925 1037 979 vobis
1085 923 1388 994 gloriemur
1438 925 1496 978 in
1542 923 1801 979 Ecclesiis
1858 925 1956 979 Dei

245 1035 346 1090 pro
387 1019 655 1089 patientia
685 1022 865 1071 vestra
893 1022 945 1069 et
992 1013 1117 1084 ﬁde,
1159 1016 1218 1067 in
1263 1013 1516 1068 omnibus
1562 1016 1958 1084 persecutioni—

249 1108 345 1162 bus
378 1109 562 1162 vestris
593 1111 645 1161 et
675 1103 1159 1173 tribulationibus,
1190 1119 1323 1173 quas
1349 1103 1632 1158 sustinetis
1663 1106 1721 1158 in
1767 1119 1958 1159 exem-

243 1196 401 1265 plum
421 1196 565 1267 justi
583 1193 789 1264 judicii
835 1192 933 1248 Dei
983 1193 1060 1263 (ΙΙ
1091 1192 1264 1248 Thess.
1318 1209 1354 1259 ι,
1389 1192 1460 1262 4).
1513 1195 1590 1247 Ac
1622 1192 1671 1248 si
1701 1193 1958 1248 diceret:

249 1284 401 1340 Dum
435 1289 516 1339 tot
545 1284 694 1339 dura
723 1283 1004 1349 toleratis,
1058 1281 1154 1352 qui
1205 1289 1320 1336 tam
1373 1287 1530 1338 recta
1578 1281 1773 1353 agitis,
1817 1281 1959 1353 quid

251 1382 408 1438 aliud
437 1398 613 1453 quam
637 1381 785 1452 justi
820 1380 916 1438 Dei
941 1379 1147 1450 judicii
1183 1378 1448 1450 exempla
1486 1379 1684 1435 datis?
1728 1381 1865 1452 quia
1894 1395 1964 1436 ex

250 1476 441 1527 vestra
472 1489 640 1542 paena
671 1469 1062 1540 colligendum
1095 1474 1186 1524 est
1215 1470 1510 1540 quomodo
1545 1469 1715 1526 feriat
1746 1470 1960 1541 quibus

252 1560 547 1628 irascitur,
583 1561 630 1615 si
665 1561 749 1615 sic
780 1576 879 1614 vos
913 1559 1346 1630 afﬂigipatitur,
1380 1559 1436 1612 in
1462 1559 1960 1628 quibuslmtatur;

254 1655 357 1707 aut
387 1650 680 1722 quomodo
725 1647 858 1704 illos
899 1664 1280 1719 percussurus
1333 1655 1438 1718 est,
1489 1649 1706 1719 quibus
1729 1649 1960 1718 justum

2065 479 2413 536 citrantibus
2445 480 2789 550 inclinatur;
2823 482 2958 549 quia
2979 499 3398 554 nonnunquam
3449 483 3626 539 etiam
3667 481 3771 553 qui

2063 568 2207 624 bene
2231 578 2450 640 praeest,
2483 571 2616 626 dum
2650 571 3042 641 subjectorum
3063 573 3411 644 populorum
3430 571 3778 628 confusione

2066 661 2414 725 concutitur,
2475 661 2544 713 ad
2597 659 3053 730 dispensationis
3104 662 3661 718 condescensionem
3706 675 3778 714 ex

2067 747 2184 802 sola
2222 748 2531 804 dilectione
2581 754 2967 819 permovetur.
3011 749 3124 806 Sed
3173 750 3232 806 in
3281 751 3412 818 hoc,
3465 751 3619 822 quod
3651 749 3778 805 dis-

2067 838 2391 908 pensatorie
2423 837 2636 909 agitur,
2679 837 2976 894 inclinatio
3016 838 3146 910 ipsa
3186 839 3568 906 fortitudinis,
3601 855 3779 895 casus

2068 928 2634 1000 putaturimperitis.
2691 929 2849 985 Unde
2873 933 2928 984 et
2979 930 3242 986 nonnulli
3299 930 3518 986 subditi
3572 936 3784 986 contra

2068 1020 2241 1087 hanc,
2267 1035 2509 1075 manum
2551 1018 3018 1090 reprehensionis
3048 1020 3316 1088 mittunt,
3349 1021 3448 1076 sed
3471 1021 3630 1076 avita
3647 1036 3785 1092 pro-

2069 1111 2227 1166 tinus
2271 1109 2398 1180 ipsa
2451 1125 2559 1164 sua
2614 1109 2938 1164 temeritate
2987 1108 3288 1164 deficiunt.
3356 1110 3582 1165 Levites
3638 1123 3782 1180 ergo

2070 1199 2238 1272 quasi
2269 1201 2572 1269 adjuvans,
2605 1213 2848 1254 manum
2881 1199 3141 1265 tetendit,
3177 1200 3278 1255 sed
3314 1198 3664 1270 delinquens
3697 1198 3781 1252 vi-

2070 1292 2188 1341 tam
2215 1285 2482 1356 perdidit,
2509 1284 2644 1355 quia
2667 1284 2807 1339 dum
2855 1283 3073 1338 inﬁrmi
3123 1285 3338 1355 quique
3361 1284 3602 1339 fortium
3626 1283 3774 1338 facta

2070 1375 2407 1445 corripiunt,
2443 1375 2552 1444 ipsi
2585 1391 2618 1428 a
2648 1373 2957 1428 viventium
3011 1378 3164 1428 sorte
3222 1375 3625 1444 reprobantur.
3657 1373 3775 1428 Ali-

2073 1466 2308 1536 quando
2339 1465 2510 1520 etiam
2533 1463 2725 1519 sancti
2749 1461 2852 1516 viri
2877 1461 2958 1533 (ά)
2980 1463 3247 1532 quaedam
3275 1463 3536 1518 minimis
3561 1464 3785 1518 conde-

2072 1556 2416 1611 scendentes
2447 1554 2669 1620 dicunt,
2713 1552 2978 1622 quedam
3031 1567 3164 1607 vero
3224 1569 3454 1608 summa
3522 1557 3788 1608 contem-

2073 1645 2299 1718 plantes
2325 1643 2658 1715 proferunt;
2692 1642 2950 1712 dumque
2981 1641 3096 1695 vim
3137 1640 3223 1697 vel
3271 1641 3785 1698 condescensionis

248 1739 534 1810 judicium
568 1737 818 1804 exhibet,
856 1738 902 1793 si
938 1739 1113 1792 etiam
1147 1753 1245 1792 vos
1277 1738 1360 1792 sic
1410 1738 1650 1805 cruciat,
1697 1754 1842 1808 quos
1874 1737 1965 1808 pie
2000 1744 2052 1826 Β·
2072 1734 2160 1791 vel
2190 1732 2517 1790 altitudinis
2564 1730 2853 1826 nesciunt,
2899 1733 3171 1826 audacter
3221 1730 3340 1786 haac
3389 1729 3554 1826 stulti
3589 1747 3788 1826 repre-

254 1829 612 1900 redarguens
644 1827 816 1882 fovet.

326 1917 463 1989 [Vet.
508 1917 598 1982 IX,
650 1917 770 1971 Rec.
822 1917 906 1984 X.]
953 1915 1041 1969 23.
1094 1915 1405 1971 Amicorum
1451 1917 1547 1972 Job
1596 1919 1830 1973 intentio
1873 1917 1968 1988 pia

254 2010 385 2078 fuit,
407 2006 499 2062 sed
517 2007 740 2061 incauta
757 2005 978 2061 locutio.
1005 2005 1148 2072 Quid
1166 2007 1296 2075 ipsis
1312 2006 1589 2078 agendum
1611 2017 1747 2063 erat.
1765 2037 1830 2048 -
1847 2007 1968 2061 Pri-

257 2113 354 2152 ma
385 2096 564 2167 igitur
602 2095 882 2150 heatiJob
912 2093 1204 2150 locutione
1234 2095 1563 2162 terminata,
1616 2097 1876 2152 vicissim
1908 2111 1968 2150 se

260 2185 456 2252 amici,
489 2184 563 2253 (a)
597 2183 698 2254 qui
726 2182 1082 2239 consolaturi
1115 2189 1394 2240 venerant
1425 2184 1515 2255 pie
1549 2187 1678 2255 ejus
1705 2186 1970 2256 increpa-

262 2271 407 2326 tioni
439 2269 800 2339 subjiciunt;
836 2269 1098 2340 dumque
1128 2270 1200 2325 ad
1233 2270 1630 2327 contentionis
1651 2271 1824 2328 verba
1847 2287 1973 2342 pro-

260 2359 488 2426 siliunt,
522 2373 649 2414 eam
684 2374 787 2430 pro
810 2375 927 2429 qua
956 2365 1233 2414 venerant
1261 2375 1501 2416 causam
1535 2360 1768 2431 pietatis
1799 2361 1971 2416 amit-

259 2453 412 2505 tunt.
448 2449 556 2514 Qui
590 2447 826 2520 quidem
862 2465 980 2505 non
1012 2465 1187 2519 prava
1219 2450 1325 2505 hoc
1355 2450 1676 2507 intentione
1717 2452 1968 2516 faciunt;

267 2540 368 2596 sed
393 2538 657 2610 quamvis
679 2537 948 2593 affectum
975 2554 1250 2609 percusso
1275 2540 1606 2607 exhibeant,
1634 2556 1973 2612 percussum

266 2634 466 2684 tamen
496 2627 731 2684 nonnisi
764 2642 866 2698 pro
897 2627 1202 2698 iniquitate
1249 2629 1659 2698 crediderunt;
1718 2631 1975 2702 dumque

263 2718 646 2776 intentionem
681 2715 890 2773 bonam
941 2733 1303 2789 nequaquam
1360 2719 1574 2776 locutio
1623 2725 1790 2776 cauta
1828 2721 1978 2776 sub-

273 2809 556 2880 sequitur,
599 2807 728 2878 ipsa
773 2807 1005 2878 pietatis
1037 2808 1350 2878 propositio
1400 2809 1459 2863 in
1491 2810 1978 2881 transgressionis

269 2897 476 2953 vitium
515 2896 780 2953 vertitur.
815 2896 1181 2952 Pensandum
1231 2913 1482 2968 namque
1528 2899 1738 2960 fuerat.
1800 2899 1894 2956 cui
1925 2903 1983 2955 et

273 2987 508 3056 quando
550 2985 944 3054 loquerentur.
996 2984 1202 3041 Justus
1247 2988 1461 3058 quippe
1511 2994 1654 3054 erat,
1705 2993 1772 3046 ad
1806 3007 1979 3062 quem

275 3077 576 3139 venerant,
607 3079 659 3128 et
692 3071 906 3127 divinis
953 3073 1286 3130 verberibus
1317 3075 1559 3133 cinctus.
1596 3079 1676 3133 Ex
1719 3084 1985 3137 anteacta

284 3178 420 3234 ergo
469 3163 599 3233 ejus
656 3161 773 3217 vita
829 3162 1151 3218 debuerant
1210 3179 1274 3220 ea
1312 3181 1440 3235 quas
1499 3167 1818 3240 intelligere
1880 3186 1988 3224 non

277 3252 554 3310 valebant
583 3250 739 3306 illius
767 3251 942 3306 verba
974 3255 1322 3323 perpendere
1347 3271 1359 3322 ;
1393 3261 1449 3312 et
1479 3271 1548 3312 ex
1581 3256 1826 3328 ﬂagellis
1847 3276 1995 3330 pra:-

279 3343 541 3399 sentibus
573 3358 687 3396 non
717 3341 880 3396 illum
905 3343 1274 3414 redarguere,
1317 3347 1416 3400 sed
1473 3347 1543 3402 de
1583 3363 1687 3402 sua
1730 3349 1845 3403 vita
1877 3350 1996 3404 for-

283 3433 509 3488 midare
537 3449 551 3500 ;
580 3445 796 3501 seuque
827 3430 1114 3501 ﬂagellato
1140 3434 1322 3504 justo,
1370 3451 1485 3491 non
1542 3437 1708 3506 quasi
1765 3439 1996 3494 ratioci-

283 3519 480 3576 nando
512 3518 752 3591 erigere,
785 3519 887 3574 sed
928 3518 1119 3574 ﬂendo
1151 3521 1404 3590 sociare;
1441 3528 1504 3580 ut
1534 3541 1905 3597 nequaquam
1937 3541 1997 3582 se

287 3627 489 3668 eorum
525 3609 774 3665 scientia
805 3627 908 3682 per
937 3610 1110 3666 verba
1142 3615 1490 3684 ostenderet,
1524 3617 1623 3671 sed
1657 3617 1816 3687 loqui
1848 3625 1999 3673 recte

286 3701 552 3772 linguam
571 3699 1000 3755 consolantium
1018 3699 1095 3770 (b)
1113 3703 1391 3774 magister
1408 3703 1573 3761 dolor
1584 3707 1862 3763 erudiret.
1896 3707 2000 3770 Qui

291 3791 400 3848 etsi
433 3806 548 3861 qua
577 3789 823 3844 forsitan
855 3789 1086 3846 diversa
1115 3794 1419 3861 sentirent,
1463 3796 1708 3867 dignum
1745 3799 2002 3867 profecto

293 3884 418 3937 erat
449 3884 512 3934 ut
542 3879 664 3936 haec
694 3878 995 3935 humiliter
1025 3881 1304 3948 dicerent,
1337 3900 1407 3940 ne
1449 3901 1724 3957 percusso
1767 3887 2006 3945 vulnera

294 3987 399 4043 per
429 3971 816 4026 immoderata
835 3973 1010 4027 verba
1035 3973 1424 4031 cumularent.

365 4060 852 4116 24.Deterioribus
877 4077 1020 4132 saepe
1050 4062 1338 4132 displicent
1385 4066 1531 4122 dicta
1579 4068 1663 4124 vel
1710 4071 1856 4138 facta
1905 4085 2010 4126 me-

304 4149 530 4205 liorum.
555 4180 624 4189 —
664 4150 824 4220 Saepe
846 4151 1025 4219 enim,
1067 4153 1207 4223 quia
1246 4153 1494 4226 intelligi
1527 4173 1641 4212 non
1673 4157 1887 4226 valent,
1919 4159 2013 4213 de-

302 4238 616 4295 terioribus
664 4238 975 4307 displicent
1005 4240 1091 4296 vel
1145 4241 1291 4298 facta
1343 4242 1428 4299 vel
1461 4245 1614 4300 dicta
1666 4245 2011 4302 meliorum:

2079 1824 2361 1880 hendunt.
2405 1823 2466 1877 Et
2499 1821 2636 1892 quid
2680 1819 3020 1888 estjustum
3045 1818 3115 1874 de
3145 1836 3246 1875 sua
3288 1819 3788 1876 condescensione

2077 1913 2220 1969 velle
2252 1912 2559 1983 corrigere,
2594 1911 2702 1966 nisi
2729 1907 3062 1965 inclinatam
3092 1925 3287 1966 arcam
3310 1910 3563 1981 superba
3588 1925 3787 1981 repre-

2079 2003 2379 2060 hensionis
2412 2017 2586 2056 manu
2638 1998 2927 2056 relevare?
2955 1998 3101 2062 Quid
3143 2004 3229 2055 est
3253 2001 3480 2070 justum
3519 2000 3591 2054 de
3623 2000 3791 2055 inco-

2077 2094 2240 2166 gnita
2270 2093 2558 2147 locutione
2591 2089 3034 2161 reprehendere,
3067 2089 3180 2144 nisi
3222 2094 3448 2144 motum
3467 2089 3597 2159 ejus
3616 2089 3788 2145 forti-

2077 2184 2318 2251 tudinis,
2345 2181 2557 2238 erroris
2579 2181 2806 2251 lapsum
2831 2183 3035 2250 putare
3057 2179 3084 2232 ?
3115 2180 3222 2235 Sed
3249 2179 3438 2250 perdit
3459 2179 3652 2246 vitam,
3679 2179 3786 2250 qui

2079 2290 2268 2330 arcam
2291 2269 2916 2336 Deitumidesuhlevat,
2950 2269 3090 2340 quia
3123 2285 3490 2340 nequaquam
3507 2269 3784 2340 quissan-

2080 2371 2306 2420 ctorum
2338 2359 2622 2431 corrigere
2654 2363 2810 2413 recta
2841 2362 3232 2428 praesumeret,
3275 2358 3390 2413 nisi
3439 2358 3509 2414 de
3539 2375 3600 2414 se
3623 2360 3795 2430 prius

2082 2454 2322 2516 meliora
2345 2450 2644 2505 sensisset.
2691 2447 2850 2502 Unde
2881 2451 2938 2502 et
2991 2447 3204 2502 Levites
3243 2447 3430 2504 isdem
3483 2456 3633 2502 recte
3678 2447 3798 2504 Οτι

2082 2544 2314 2607 dicitur,
2348 2539 2498 2613 quod
2535 2536 2800 2593 videlicet
2856 2537 3134 2592 robustus
3184 2537 3408 2592 Domini
3444 2537 3796 2607 interpreta-

2083 2640 2182 2691 tur
2203 2650 2217 2700 ;
2236 2631 2372 2703 quia
2389 2633 2831 2701 praesumptores
2844 2629 3063 2698 quique
3083 2626 3195 2681 nisi
3209 2626 3799 2684 audacimenterobu-

2085 2731 2205 2783 stos
2236 2738 2296 2778 se
2324 2722 2383 2777 in
2406 2719 2650 2775 Domino
2693 2719 3015 2786 crederent,
3066 2733 3437 2789 nequaquam
3480 2717 3796 2774 meliorum

2089 2809 2238 2869 facta
2269 2810 2353 2865 vel
2385 2810 2541 2864 dicta
2569 2807 2728 2863 velut
2753 2806 2980 2862 inllrma
3006 2807 3357 2876 judicarent.
3391 2806 3578 2861 Amici
3613 2805 3803 2877 igitur

2088 2901 2216 2969 Joh,
2251 2900 2387 2954 dum
2410 2900 2612 2953 contra
2633 2910 2762 2950 eum
2787 2894 2952 2965 quasi
2969 2894 3024 2948 in
3049 2893 3148 2949 Dei
3171 2894 3568 2951 defensionem
3605 2895 3804 2967 prosi-

2094 2993 2264 3056 liunt,
2289 2988 2467 3044 divini
2493 2986 2764 3058 precepti
2785 2985 3048 3057 regulam
3072 2984 3473 3056 superbientes
3490 2986 3802 3042 excedunt.

2165 3081 2254 3136 25.
2281 3079 2338 3134 Si
2367 3077 2587 3149 aliquid
2618 3080 2678 3131 in
2710 3075 2795 3131 his
2834 3074 3103 3148 displicet,
3149 3091 3258 3130 non
3306 3085 3383 3132 est
3429 3075 3811 3145 reticendum,

2096 3173 2195 3227 sed
2217 3185 2416 3240 magna
2449 3167 2759 3223 humilitate
2793 3165 3172 3237 promendum.
3206 3196 3274 3206 —
3313 3165 3451 3222 Cum
3484 3181 3617 3222 vero
3646 3182 3818 3236 ques-

2100 3261 2235 3315 dam
2270 3260 2419 3314 facta
2453 3255 2757 3311 meliorum
2790 3254 3177 3311 deterioribus
3225 3254 3552 3327 displicent,
3586 3269 3820 3325 nequa-

2102 3365 2278 3422 quam
2312 3348 2421 3403 hoc
2453 3345 2607 3417 quod
2642 3352 2893 3400 mentem
2927 3349 3129 3411 movet,
3183 3344 3548 3400 reticendum
3575 3351 3677 3408 est,
3712 3343 3821 3398 sed

2106 3455 2236 3494 cum
2270 3453 2483 3507 magna
2532 3433 2865 3490 humilitate
2895 3433 3342 3504 proferendum;
3401 3441 3691 3507 quatenus
3724 3432 3823 3486 in-

2106 3529 2286 3586 tentio
2319 3528 2411 3600 pie
2445 3524 2752 3582 sentientis
2777 3540 2843 3580 eo
2882 3540 3011 3580 vere
3060 3528 3250 3579 servet
3298 3525 3544 3582 formam
3578 3522 3831 3580 rectitu-

2110 3620 2286 3684 dinis,
2320 3634 2435 3690 quo
2467 3632 2567 3688 per
2622 3615 2731 3672 iter
2785 3615 3050 3685 graditur
3104 3614 3475 3670 humilitatis.
3537 3614 3606 3669 Et
3641 3613 3837 3670 libere

2112 3727 2246 3783 ergo
2277 3709 2522 3765 dicenda
2553 3711 2693 3762 sunt
2724 3721 2846 3776 quas
2879 3705 3198 3770 semtimus,
3231 3709 3289 3760 et
3326 3704 3491 3760 valde
3523 3703 3839 3760 humiliter

2115 3802 2433 3874 promenda
2464 3814 2591 3869 qua:
2620 3796 2890 3862 dicimus,
2919 3811 2989 3850 ne
3019 3799 3076 3850 et
3105 3811 3232 3867 quas
3250 3802 3400 3850 recte
3436 3793 3835 3859 intendimus,

2116 3893 2238 3948 haec
2269 3889 2417 3946 elate
2449 3887 2789 3958 proferendo
2821 3900 2933 3940 non
2968 3884 3040 3955 (e)
3083 3889 3240 3941 recta
3271 3884 3574 3939 faciamus.
3610 3882 3840 3940 Paulus

2119 3979 2484 4038 auditoribus
2534 3977 2659 4032 suis
2711 3975 2897 4030 multa
2963 3973 3264 4030 humiliter
3303 3974 3565 4042 dixerat;
3623 3972 3724 4028 sed
3754 3973 3836 4028 de

2120 4074 2249 4145 ipsa
2281 4069 2680 4126 exhortatione
2713 4064 2925 4120 humili
2958 4063 3186 4134 placare
3206 4080 3302 4120 eos
3333 4063 3524 4120 adhuc
3553 4061 3832 4118 humilius

2122 4161 2440 4233 satagebat,
2473 4158 2711 4212 dicens:
2747 4155 2898 4227 Rogo
2937 4157 3122 4210 autem
3152 4169 3266 4221 vos,
3312 4155 3531 4223 fratres,
3557 4156 3612 4206 ut
3661 4150 3842 4221 suffe-

2123 4255 2262 4308 ratis
2312 4250 2535 4306 verbum
2579 4245 2808 4310 solatii;
2857 4245 3060 4301 etenim
3105 4246 3408 4317 perpaucis
3448 4243 3640 4313 scripsi
3685 4241 3848 4298 vobis

306 4329 406 4382 sed
438 4342 504 4382 eo
533 4330 603 4382 ab
644 4327 726 4382 eis
761 4345 872 4384 non
900 4334 1117 4386 temere
1163 4333 1638 4404 reprehendenda
1668 4341 1828 4405 sunt,
1861 4337 2015 4392 149
2125 4341 2305 4415 (Hebr.
2340 4356 2462 4405 xm,
2495 4337 2608 4408 22).
2644 4335 2910 4407 Ephesiis
2970 4350 3199 4406 quoque
3257 4333 3440 4389 Mileti
3487 4332 3846 4400 valedicens,

304 4431 420 4487 quo
451 4416 809 4486 apprehendi
841 4422 1121 4478 veraciter
1147 4439 1514 4495 nequaquam
1549 4431 1812 4498 possunt.
1850 4428 2019 4498 Saepe
2048 4481 2091 4500 ἢ
2128 4432 2336 4490 efﬁctis
2368 4446 2431 4487 ac
2463 4426 2857 4500 gementibus,
2891 4425 3288 4481 humilitatem
3323 4440 3489 4482 suam
3514 4425 3581 4480 ad
3616 4438 3849 4480 memo-

310 4481 594 4576 aliquida
625 4507 949 4576 majoribus
983 4509 1056 4579 (ε)
1088 4481 1508 4582 dispensa‘torie
1545 4481 1758 4588 agitur,
1805 4481 2021 4591 quod‘a
2048 4481 2094 4546 Β
2129 4481 2794 4585 ἷίεῑῐΗ-ξθζ·ξ)οἷιῖάἱξθηε
2824 4481 3108 4585 εῖνὶρὶιαιε,
3142 4514 3208 4585 (Ι)
3243 4515 3509 4569 memoria
3547 4515 3854 4568 retinentes

312 4593 642 4650 minoribus
673 4611 834 4685 error
867 4603 1121 4668 putatur.
1157 4602 1319 4674 Saepe
1360 4607 1542 4661 multa
1572 4626 1603 4663 a
1653 4609 1898 4664 fortibus
1928 4609 2020 4664 di-
2132 4615 2392 4685 quoniam
2421 4626 2519 4682 per
2556 4608 2864 4664 triennium
2911 4610 3067 4660 nocte
3105 4620 3170 4660 ac
3208 4604 3293 4660 die
3321 4620 3429 4660 non
3477 4603 3681 4660 cessavi
3717 4618 3853 4658 cum

312 4687 547 4753 cuntur,
574 4699 698 4754 quas
727 4684 942 4742 infirmi
969 4688 1182 4745 idcirco
1206 4691 1549 4764 dijudicant,
1571 4698 1708 4769 quia
1731 4699 2022 4770 ignorant.
2139 4684 2395 4773 lacrymis
2425 4713 2649 4754 monens
2681 4709 3126 4767 unumquemque
3159 4701 3402 4749 vestrum
3431 4694 3568 4764 (Act.
3602 4707 3698 4759 xx,
3726 4691 3856 4760 3t).

313 4775 475 4839 Quod
509 4773 655 4829 bene
705 4773 887 4831 bobus
926 4775 1358 4836 calcitrantibus
1389 4783 1662 4842 inclinata
1710 4787 1810 4844 illa
1839 4793 2025 4846 testa-
2135 4791 2364 4846 Eisdem
2413 4803 2648 4843 rursum
2705 4801 2803 4856 per
2865 4783 3181 4855 Epistolam
3251 4782 3421 4838 dicit:
3473 4781 3696 4836 Obsecro
3729 4794 3853 4849 vos,

316 4863 501 4920 menti
560 4877 692 4918 ⁸1⁵0³
748 4863 1018 4934 Signat/it.
1079 4882 1252 4936 quam
1285 4871 1416 4939 quia
1464 4888 1728 4930 casuram
1784 4879 2028 4934 credens
2134 4884 2364 4950 fratres,
2397 4894 2491 4950 ego
2513 4881 2724 4934 vinctus
2753 4879 2810 4931 in
2845 4873 3092 4941 Domino,
3134 4880 3192 4928 ut
3228 4872 3391 4942 digne
3427 4871 3718 4928 ambuletis
3747 4886 3858 4926 vo-

322 4953 545 5010 Levites
594 4950 810 5023 erigere
858 4952 1060 5022 voluit,
1116 4973 1248 5014 mox
1296 4963 1582 5019 sententia
1627 4966 1827 5022 mortis
1857 4983 2028 5023 acce-
2137 4975 2370 5036 ratione,
2430 4985 2537 5040 qua
2587 4967 2765 5024 vocati
2810 4965 2942 5022 estis
2997 4963 3213 5036 (Ephes.
3261 4979 3338 5031 ιν,
3373 4963 3446 5033 1).
3517 4962 3660 5017 Hinc
3704 4973 3856 5031 ergo

323 5045 408 5116 Pit
437 5044 516 5115 (Π
545 5043 669 5114 Reg.
705 5060 780 5109 νιν
811 5045 887 5116 7)ο
939 5046 1074 5116 [νειο
1130 5049 1213 5120 Χο]
1262 5051 1404 5114 Quid
1448 5059 1535 5108 est
1584 5071 1835 5128 namque
1867 5073 2030 5115 mens
2139 5061 2392 5134 colligat,
2432 5059 2478 5116 si
2507 5059 2743 5130 quando
2774 5055 2994 5127 aliquid
3029 5061 3176 5110 recte
3205 5053 3404 5121 sentit,
3437 5055 3655 5124 quanta
3682 5049 3864 5109 150

402 5212 478 5281 (a)
508 5210 934 5293 l‘lonnullitqui
961 5216 1299 5273 consolaturi
1339 5231 1622 5290 venerant,
1655 5222 1772 5293 ejus
1816 5225 1922 5293 pia:
1943 5225 2031 5278 in-

332 5287 655 5356 crepationi
708 5287 1028 5356 subjiciunt.

405 5352 672 5436 (b).lL‘diti,
696 5352 952 5436 magistri
974 5360 1405 5427 dolorerudirel,
1433 5364 1884 5422 reclamantibus
1901 5369 2032 5423 Mss.

333 5425 636 5506 omnibus,
659 5427 1299 5506 ubi‘tegitur‘magister
1321 5425 1490 5491 dolor.

402 5495 1178 5581 (0)”Anti'qn.ﬂhe:m.,_Colbi,
1211 5510 1430 5573 Germ.,
1463 5514 1626 5581 Reg.,
1661 5519 1714 5564 et
1746 5511 2037 5576 nonnulli,

335 5581 455 5651 neo_
477 5580 606 5651 non.
644 5567 794 5651 Edit.
830 5570 1082 5651 Ba.rth_ol.
1117 5567 1182 5632 ac
1219 5583 1330 5632 vet.
1367 5567 1629 5635 Parisfet
1661 5582 1860 5651 Basil.,
1883 5567 2044 5638 (lissi;
2153 5567 2353 5647 manu,
2387 5597 2496 5637 non
2537 5587 2701 5636 recte.

338 5634 864 5724 muuwrfeﬂgilur.
897 5642 956 5724 in
987 5644 1206 5724 Germ.,
1237 5666 1271 5724 _a
1305 5666 1482 5705 manu
1504 5634 2041 5724 ,réceaiiaie’aa'di.
2154 5634 2488 5724 mtijorb.
2521 5634 2740 5724 Germ.,
2777 5650 2940 5724 Reg.,
2971 5653 3191 5718 Germ.,
3225 5664 3377 5724 unus
3400 5645 3604 5703 Rhem.
3637 5648 3694 5702 et
3717 5658 3873 5701 unus

341 5720 488 5778 tum,
517 5712 598 5768 vel
627 5711 1048 5783 dispensatorie.
1099 5711 1269 5783 Edi'ti,
1308 5726 1437 5790 post
1483 5722 1881 5793 dispensatorie
1917 5729 2046 5794 agi-
2157 5711 2403 5798 Remig,
2431 5723 2624 5795 Corb.,
2655 5711 2984 5781 memoriam
3013 5723 3127 5779 mei
3143 5711 3464 5779 retinentes.

2142 5233 2252 5290 tur,
2272 5224 2614 5294 subjiciunt,
2630 5221 2710 5276 vel
2728 5220 3068 5290 praecipitur,
3093 5216 3248 5294 quod
3265 5216 3471 5294 melius
3485 5213 3864 5294 abestaMss.

2217 5289 2290 5367 (ἀ)
2313 5289 2517 5350 Eicusi
2531 5337 2543 5361 ,
2559 5289 2811 5367 quaedam
2829 5289 3127 5367 minima...
3145 5290 3265 5367 dic_u
3278 5293 3360 5367 nt,
3384 5289 3865 5367 aliquandol-ero.

2147 5358 2478 5439 corrigendi
2533 5358 2600 5421 es;
2648 5364 2787 5439 Mss.
2839 5363 3162 5435 potioribus
3211 5359 3377 5416 Corb.
3437 5359 3653 5424 Germ.,
3688 5358 3862 5430 Reg,

2149 5435 2385 5510 antiquo
2420 5439 2622 5512 (them.
2654 5441 2709 5492 et
2736 5435 3011 5512 Norman.
3453 5501 3487 5512 __
3531 5501 3566 5512 __
3744 5501 3756 5512 ,

2221 5501 2732 5579 (e)'Corb.Germ.,
2790 5509 3084 5573 German.,
3133 5519 3237 5560 nec
3285 5517 3400 5559 non
3449 5501 3631 5569 Colb.,
3667 5501 3866 5573 prima
