4134 6174
337 281 454 344 693
1271 280 1677 343 MORALIUM
1725 281 1873 341 LIB.
1924 282 1996 344 V.
2045 316 2120 324 —
2165 282 2239 343 IN
2288 283 2459 344 CAP.
2507 283 2584 344 IV
2629 285 2696 345 B.
2746 287 2907 346 JOB.
3731 293 3849 352 691

337 418 680 474 humilitate
703 418 910 474 debeat
939 417 1215 489 magistro
1258 416 1415 489 loqui
1461 415 1812 489 discipulus;
1847 416 1894 472 si
1922 417 2044 488 ipse
2073 420 2126 485 Α
2157 418 2442 486 buerunt;
2469 423 2525 474 et
2554 418 2769 474 Paulus
2797 419 2917 474 haec
2959 435 3026 474 ex
3048 418 3259 476 virtute
3279 436 3554 491 pensans,
3577 420 3638 476 in
3657 425 3862 478 aucto-

338 509 620 581 magister
640 509 905 580 gentium
940 508 998 562 in
1031 508 1121 563 his
1154 525 1278 578 quae
1312 525 1442 563 cum
1476 507 1820 562 auctoritate
1845 508 2049 579 praedi-
2160 509 2324 565 ritate
2361 510 2641 580 proferat;
2685 514 2739 564 et
2783 510 2958 579 judex
2991 511 3131 581 quia
3175 511 3403 566 incaute
3440 508 3665 580 prolata
3697 515 3856 579 sunt,

337 605 456 667 cat,
488 604 605 654 tam
641 599 937 654 submisse
967 598 1281 669 discipulos
1315 603 1498 670 rogat.
1542 598 1685 653 Hinc
1729 600 2049 669 unusquis-
2159 615 2226 654 ex
2259 614 2515 669 persona:
2539 598 2819 669 qualitate
2850 599 3255 669 reprehendat.

338 707 453 762 que
487 690 742 761 colligat,
777 689 862 746 eis
893 707 925 744 a
955 690 1167 760 quibus
1199 691 1341 744 bene
1365 690 1590 744 vivendi
1624 689 1888 759 exempla
1919 707 2050 762 per-
2228 689 2316 742 ‘28.
2360 690 2501 753 Illae,
2535 703 2589 743 ut
2624 689 2872 760 quaedam
2905 690 3104 746 habent
3135 695 3285 747 recta
3329 695 3380 746 et
3431 691 3545 746 alia
3585 706 3865 762 perversa,

337 781 517 852 cepit,
551 780 656 836 hoc
689 782 841 851 quod
893 781 1040 835 bene
1073 780 1367 852 intelligit,
1411 796 1586 850 quam
1631 779 1929 834 humiliter
1959 780 2048 834 di-
2161 777 2434 834 liazreticis
2460 784 2791 848 congruunt.
2826 811 2894 820 —
2919 779 3027 834 Sed
3045 780 3182 851 quia
3205 781 3441 836 eosdem
3467 782 3687 838 amicos
3719 781 3870 838 beati

338 879 463 939 cat;
499 869 548 926 si
579 869 797 926 Paulus
833 870 948 925 illis
990 869 1200 925 humili
1231 887 1292 926 se
1323 886 1458 925 voce
1491 868 1774 938 subdidit,
1800 886 1945 941 quos
1978 870 2046 924 ad
2157 876 2266 931 Job
2300 877 2698 932 haereticorum
2730 886 2918 933 tenere
2960 878 3212 949 speciem
3268 877 3542 950 superius
3587 877 3865 949 diximus,

341 963 462 1019 vita
494 962 614 1033 ipse
648 961 976 1017 suscitavit.
2161 982 2316 1020 nunc
2345 982 2541 1022 eorum
2575 968 2743 1022 verba
2779 969 3066 1038 quomodo
3100 968 3381 1024 haereticis
3413 973 3738 1040 congruant
3769 969 3865 1024 in-

407 1053 500 1105 26.
553 1051 847 1106 Humiliter
894 1051 1043 1120 loqui
1097 1050 1336 1105 nesciens
1387 1049 1773 1104 consolationis
1804 1049 2053 1118 regulam
2161 1055 2461 1127 dagemus,
2490 1057 2764 1119 Quadam
2789 1075 3042 1129 namque
3061 1060 3224 1114 valde
3255 1064 3409 1115 recta
3447 1060 3729 1126 sentiunt,
3761 1060 3866 1116 sed

341 1144 575 1212 ignorat.
613 1170 674 1181 -
710 1139 946 1209 Eliphaz
977 1143 1196 1207 autem,
1229 1138 1330 1209 qui
1361 1138 1585 1207 primus
1617 1137 1938 1192 amicorum
1970 1137 2048 1190 lo-

2202 1161 2356 1201 tmen
2397 1147 2550 1202 inter
2599 1148 2715 1204 haec
2781 1148 2854 1202 ad
2906 1164 3170 1218 perversa
3220 1148 3576 1204 dilabuntur.
3640 1149 3868 1206 Habent

340 1231 558 1302 quitur,
597 1229 864 1300 quamvis
896 1228 969 1283 ad
995 1227 1413 1284 consolandum
1449 1228 1656 1298 pietate
1697 1228 1904 1294 veniat,
1941 1227 2051 1282 hu-
2164 1236 2317 1293 151
2357 1239 2570 1309 quippe
2605 1238 2708 1293 hoc
2742 1238 2992 1293 heretici
3027 1240 3350 1310 proprium,
3396 1244 3459 1295 ut
3504 1238 3676 1295 malis
3715 1241 3868 1296 bona

340 1318 650 1374 militalem
689 1323 884 1373 tamen
909 1318 1216 1372 locutionis
1249 1318 1544 1381 deserens.
1567 1315 2050 1384 Γεὲξυῖειῐηοοηδο·
2161 1328 2875 1399 permisceant,quatenus
2894 1327 3273 1384 facilesensui
3292 1329 3574 1384 audientis
3598 1328 3869 1384 illudant.

340 1409 576 1466 lationis
611 1409 858 1480 ignorat.
893 1409 998 1472 Qui
1033 1409 1166 1463 dum
1203 1407 1478 1478 loquendi
1523 1407 1842 1462 custodiam
1877 1406 2048 1477 negli-

2209 1419 2220 1470 i
2254 1418 2403 1472 enim
2439 1434 2664 1489 semper
2690 1435 2867 1488 prava
2893 1419 3172 1486 dicerent,
3198 1417 3374 1474 citius
3407 1419 3466 1473 in
3501 1435 3611 1473 sua
3668 1418 3869 1488 pravi-

341 1501 444 1572 git,
493 1515 679 1570 usque
723 1499 792 1554 ad
839 1497 1040 1554 afﬂicti
1099 1497 1476 1554 contumelias
1522 1497 1764 1563 excedit,
1822 1497 2049 1553 dicens:
2164 1511 2279 1562 tate
2332 1507 2571 1579 cogniti,
2626 1509 2780 1578 quod
2823 1507 3056 1577 vellent,
3121 1507 3360 1564 minime
3428 1507 3869 1578 persuaderent.

346 1591 524 1658 Tigris
570 1591 737 1658 periit
797 1604 856 1644 eo
912 1588 1050 1659 quod
1089 1604 1197 1643 non
1247 1588 1467 1643 haberet
1499 1588 1758 1658 praedam.
1824 1587 2054 1656 Rugitus
2164 1596 2508 1662 Rursum,si
2545 1613 2777 1668 semper
2806 1607 2958 1652 recta
2979 1598 3288 1664 sentirent,
3322 1597 3574 1666 profecto
3617 1595 3874 1652 haaretici

346 1681 545 1747 leonis,
579 1683 628 1736 el
658 1694 763 1735 vox
795 1679 1001 1749 leznze,
1033 1687 1082 1734 et
1105 1679 1288 1734 dentes
1336 1680 1648 1735 catulorum
1681 1679 1898 1735 leonum
1929 1679 2050 1734 dis-
2165 1703 2278 1742 non
2315 1687 2576 1742 fuissent.
2610 1688 2717 1742 Sed
2753 1689 2892 1742 dum
2929 1687 3164 1742 fallendi
3198 1693 3320 1742 arte
3371 1688 3440 1741 ad
3498 1691 3748 1757 utraque
3779 1687 3872 1742 de-

343 1771 510 1840 sipati
557 1773 684 1823 sunt
727 1768 867 1838 (Job.
922 1785 994 1834 tv,
1048 1769 1154 1836 H).
1196 1769 1432 1823 Beatum
1483 1767 1753 1823 videlicet
1799 1768 1907 1824 Job
1957 1785 2050 1824 no-
2083 1791 2129 1856 Β
2163 1777 2442 1843 serviunt,
2495 1780 2551 1831 et
2592 1793 2660 1831 ex
2701 1776 2868 1830 malis
2929 1777 3080 1832 bona
3150 1775 3441 1844 inﬁciunt,
3492 1782 3545 1830 et
3597 1791 3663 1831 ex
3703 1775 3872 1831 bonis

342 1860 504 1915 mine
537 1859 788 1928 tigridis,
823 1859 992 1930 quasi
1014 1858 1148 1914 vitis
1189 1859 1484 1915 varietatis
1533 1865 1760 1926 notans,
1793 1875 1893 1930 per
1933 1859 2052 1914 leo-
2165 1867 2332 1932 mala,
2369 1869 2432 1919 ut
2476 1865 2852 1935 recipiantur,
2899 1866 3291 1930 abscondunt;
3332 1865 3480 1921 sicut
3513 1865 3611 1936 qui
3661 1865 3874 1920 veneni

342 1950 436 2004 nis
468 1948 729 2019 rugitum
754 1947 1018 2018 ejusdem
1050 1947 1157 2002 viri
1191 1952 1611 2018 terrorem,per
1639 1947 1830 2003 leaena:
1854 1964 2049 2003 vocem
2164 1954 2469 2027 proculum
2492 1954 2756 2027 porrigit,
2777 1971 2877 2010 ora
2895 1954 3083 2026 poculi
3105 1955 3410 2010 dulcedine
3435 1955 3623 2010 mellis
3652 1955 3869 2025 tangit;

340 2043 760 2114 loquacitatem
809 2040 1091 2111 conjugis,
1139 2057 1240 2112 per
1296 2041 1611 2112 dissipatos
1663 2057 1795 2095 vero
1848 2040 2051 2097 dentes
2162 2048 2417 2117 dumque
2447 2047 2556 2101 hoc
2587 2047 2739 2115 quod
2769 2045 2934 2101 dulce
2964 2051 3049 2101 est
3082 2045 3268 2116 primo
3308 2050 3524 2100 attactu
3557 2045 3869 2114 delibatur,

344 2133 668 2188 catulorum
700 2131 932 2187 leonum
953 2131 1313 2187 destructam
1341 2130 1586 2186 filiorum
1606 2131 1946 2186 edacitatem
1972 2132 2050 2202 (α)
2162 2139 2334 2192 etiam
2369 2135 2510 2190 illud
2549 2136 2704 2206 quod
2741 2139 2828 2191 est
2853 2136 3211 2190 mortiferum
3245 2134 3650 2191 indubitanter
3674 2137 3872 2191 absor.

342 2224 604 2294 signans.
641 2219 802 2276 Unde
834 2225 891 2276 et
909 2220 1054 2277 bene
1086 2221 1406 2276 amicorum
1432 2237 1694 2287 sensum,
1730 2221 1829 2292 qui
1863 2221 1921 2276 in
1959 2226 2050 2275 tu-
2163 2225 2351 2280 betur.
2392 2225 2588 2295 Itaque
2623 2223 2868 2280 heretici
2895 2224 3246 2295 permiscent
3277 2229 3432 2279 recta
3465 2226 3773 2295 perversis,
3800 2230 3864 2279 ut

342 2313 502 2369 mida
531 2313 892 2384 correptione
915 2328 978 2366 se
1025 2311 1252 2379 extulit,
1299 2311 1586 2366 sententia
1624 2311 1818 2366 divina
1851 2327 2050 2381 repre-
2161 2314 2518 2369 ostendendo
2559 2315 2731 2380 bona,
2776 2315 3067 2370 auditores
3102 2314 3213 2369 sibi
3247 2313 3579 2379 attrahunt;
3611 2318 3667 2368 et
3700 2313 3870 2368 exhi-

347 2401 569 2469 hendit,
595 2401 796 2458 dicens
842 2417 853 2455 :
899 2401 1014 2456 Non
1064 2403 1195 2457 estis
1242 2400 1408 2455 locuti
1453 2415 1636 2455 coram
1682 2415 1769 2454 me
1815 2404 2046 2470 rectum,
2161 2404 2346 2459 bendo
2400 2403 2572 2471 mala,
2643 2404 2848 2460 latenti
2898 2421 2997 2461 eos
3049 2409 3212 2476 peste
3278 2406 3677 2474 corrumpant.
3734 2401 3865 2457 Ali-

336 2491 482 2548 sicut
515 2507 698 2546 servus
729 2506 878 2546 meus
912 2492 1047 2558 (Job.
1082 2507 1259 2559 xxxn,
1291 2493 1369 2561 7).
2159 2495 2386 2562 quando
2417 2497 2610 2549 tamen
2647 2494 3054 2565 praedicatione
3096 2498 3311 2549 sancta:
3373 2492 3638 2548 Ecclesiae
3692 2496 3870 2563 atque

413 2582 546 2654 [Vet.
582 2581 803 2652 Χ1.]27.
837 2581 1152 2636 Sententias
1182 2581 1478 2635 amicarum
1521 2581 1616 2636 Job
1679 2597 1786 2652 qua
1832 2579 2049 2636 ratione
2156 2581 2551 2639 exhortatione
2582 2583 2844 2654 correcti,
2905 2585 2977 2638 ab
3021 2583 3129 2638 hac
3159 2599 3364 2639 sensus
3395 2581 3484 2638 sui
3531 2580 3869 2636 diversitate

341 2673 490 2726 Deus
533 2673 744 2742 arguat,
782 2675 832 2726 et
876 2671 1086 2726 Paulus
1128 2670 1478 2726 commendet.
1511 2700 1582 2711 —
1620 2669 1729 2725 Sed
1792 2686 2049 2742 quaeren-
2157 2671 2478 2727 salvantur.
2509 2670 2671 2727 Unde
2703 2676 2758 2728 et
2784 2671 3082 2727 amiciJob
3109 2670 3597 2728 reconciliationis
3628 2685 3745 2725 sua
3765 2685 3866 2724 sa-

341 2761 486 2815 dum
519 2762 682 2816 video
713 2775 816 2816 cur
844 2759 1060 2815 Paulus
1082 2759 1315 2814 illorum
1340 2759 1640 2815 sententiis
1672 2764 1834 2816 tanta
1855 2765 2047 2814 aucto-
2157 2762 2438 2817 orificium
2467 2761 2728 2830 eiusdem
2757 2761 2943 2816 sancti
2967 2761 3073 2816 viri
3100 2760 3369 2816 manibus
3390 2760 3664 2828 offerunt,
3687 2766 3861 2829 atque

337 2851 509 2906 ritate
541 2850 743 2916 utitur,
777 2850 825 2906 si
856 2850 945 2905 ha:
969 2865 1168 2905 eorum
1198 2851 1497 2905 sententiae
1521 2849 1824 2904 Dominica
1847 2865 2046 2920 repre-
2157 2855 2226 2906 ad
2262 2850 2988 2921 supernijudicisgratiam
3019 2851 3106 2906 vel
3139 2851 3209 2923 (c)
3244 2849 3454 2905 addicti
3495 2855 3853 2905 revocantur.

334 2941 622 2997 hensione
655 2939 1002 2996 cassantur?
1035 2938 1273 3012 Eliphaz
1297 2941 1514 3012 quippe
1543 2939 1884 3008 verbasunt,
1918 2957 2043 3010 quae
2157 2943 2310 3005 Quos
2331 2941 2542 2995 benein
2561 2940 2866 3010 Evangelio
2888 2940 2987 2994 illa
3002 2941 3198 2995 decem
3227 2938 3860 3010 leprosorummunda-

335 3029 653 3087 Corinthiis
701 3028 904 3086 intulit
943 3028 1162 3094 dicens,
1205 3028 1357 3084 sicut
1400 3029 1681 3098 scriptum
1724 3032 1812 3083 est
1845 3044 1857 3082 :
1895 3029 2045 3084 Com-
2157 3028 2236 3084 tio
2269 3028 2539 3099 designat
2585 3029 2738 3098 (Luc.
2773 3045 2913 3096 xvu,
2951 3029 3058 3100 15).
3096 3032 3158 3084 In
3201 3028 3360 3098 lepra
3395 3028 3610 3099 quippe
3640 3031 3696 3082 et
3726 3042 3861 3096 pars

327 3120 667 3195 prehendam
701 3122 976 3190 sapientes
1010 3121 1069 3175 in
1116 3121 1322 3174 astutia
1361 3135 1546 3175 eorum
1567 3119 1624 3189 (Ι
1663 3118 1782 3174 Cor.
1821 3136 1906 3186 ιιι,
1944 3119 2035 3186 19;
2075 3165 2117 3232 C
2157 3118 2310 3173 cutis
2343 3117 2400 3173 in
2435 3118 2716 3189 fulgorem
2752 3118 3005 3187 ducitur,
3039 3123 3092 3173 et
3117 3135 3247 3191 pars
3272 3119 3330 3172 in
3359 3116 3548 3173 colore
3571 3131 3714 3172 sano
3737 3117 3869 3171 reti-

346 3212 424 3232 1_L
484 3227 514 3232 _-
572 3211 655 3232 ιη.
723 3210 1014 3232 Λ---...-.Ι-
1073 3225 1200 3232 -..ρ-Α
1259 3209 1418 3232 _..-_2
1465 3225 1633 3232 __-..-
1691 3209 1934 3232 _----_:_-
1951 3225 2016 3232 η-
2161 3213 2330 3232 ..Αιη-
2374 3208 2390 3232 Ι
2418 3208 2600 3232 ---λης
2628 3209 2819 3232 ἔιρη.--
2843 3208 3146 3232 1......-ιζ--,.
3173 3207 3503 3232 --....2....--ι
3560 3207 3688 3232 -..ζιι
3717 3206 3856 3232 ΔιεΜ

329 3212 450 3268 Job.
484 3227 533 3276 v,
569 3211 675 3281 l3).
722 3210 1019 3274 Quomodo
1069 3225 1204 3280 ergo
1254 3209 1421 3279 quasi
1465 3225 1640 3279 prava
1691 3209 2039 3280 respuimus,
2075 3206 2117 3232 υ
2159 3208 2604 3278 netur.Leprosi
2628 3209 2821 3279 itaque
2843 3208 3148 3265 haereticos
3170 3207 3526 3280 exprimunt,
3558 3207 3695 3278 quia
3716 3206 3860 3261 dum

337 3316 464 3370 qua:
497 3297 711 3353 Paulus
742 3314 810 3354 ex
842 3297 1178 3353 auctoritate
1208 3296 1455 3352 astruit?
1479 3303 1580 3352 aut
1619 3295 1909 3368 quomodo
1951 3301 2044 3352 at-
2156 3297 2329 3352 rectis
2345 3313 2516 3367 prava
2533 3296 3172 3367 permiscent,colorem
3190 3312 3398 3352 sanum
3424 3295 3866 3366 macullsasper-

335 3387 646 3443 testatione
679 3386 842 3442 Pauli
874 3391 1030 3442 recta
1073 3385 1434 3458 putabimus,
1469 3403 1594 3458 quae
1639 3403 1738 3458 per
1769 3387 2045 3457 semetip-
2154 3391 2323 3457 gunt.
2359 3385 2518 3442 Unde
2549 3390 2604 3442 et
2635 3385 2778 3442 bene
2807 3393 2868 3443 ut
2890 3387 3213 3452 salventur,
3247 3387 3520 3455 clamant,
3567 3387 3695 3442 Jesu
3721 3400 3867 3458 prae-

333 3492 471 3532 sum
502 3475 790 3532 Dominus
815 3493 928 3532 non
965 3479 1122 3532 recta
1147 3475 1452 3532 definivit?
1484 3476 1594 3533 Sed
1630 3485 1872 3547 utraque
1924 3477 2044 3532 haec
2155 3484 2358 3547 ceptor.
2383 3476 2527 3540 Quia
2548 3479 2701 3533 enim
2726 3478 2783 3532 in
2810 3479 2936 3548 ejus
2958 3479 3147 3534 verbis
3167 3493 3228 3533 se
3255 3493 3474 3532 errasse
3512 3475 3864 3547 significant,

335 3566 511 3623 citius
542 3582 717 3638 quam
764 3583 876 3622 non
911 3566 1029 3622 sint
1058 3567 1283 3622 diversa
1327 3567 1757 3637 cognoscimus,
1792 3567 1839 3622 si
1895 3567 2044 3635 ejus—
2156 3565 2313 3621 hunc
2336 3566 2596 3621 salvandi
2639 3565 2937 3622 humiliter
2980 3571 3401 3639 praeceptorum
3435 3569 3669 3635 vocant;
3702 3580 3865 3620 cum-

334 3658 472 3712 dem
503 3655 817 3712 Dominicae
850 3656 1150 3712 sententiae
1185 3655 1462 3711 subtilius
1493 3656 1664 3710 verba
1698 3671 2041 3728 pensemus;
2158 3671 2273 3726 que
2321 3655 2390 3709 ad
2440 3655 2829 3725 cognitionem
2889 3656 3254 3728 prisceptoris
3297 3655 3556 3721 redeunt,
3605 3669 3740 3708 mox
3791 3653 3862 3707 ad

335 3763 472 3818 quae
514 3745 792 3802 nimirum
837 3761 966 3802 cum
1000 3745 1250 3801 diceret:
1285 3747 1402 3800 Non
1459 3746 1589 3800 estis
1647 3745 1814 3801 locuti
1861 3762 2047 3802 coram
2158 3746 2403 3800 formam
2437 3744 2644 3800 salutis
2676 3751 3005 3802 recurrunt.
3038 3747 3149 3801 Sed
3183 3746 3396 3817 quiain
3430 3744 3746 3800 amicorum
3781 3742 3864 3797 di-

332 3853 422 3892 me
468 3841 700 3903 rectum,
734 3836 888 3893 illico
938 3837 1241 3908 adjunxit:
1278 3836 1428 3892 Sicut
1499 3852 1682 3892 servus
1749 3854 1901 3893 meus
1931 3839 2046 3894 Job.
2159 3834 2270 3890 ctis
2291 3834 2684 3906 praefationem
2708 3835 3088 3907 expositionis
3109 3836 3280 3907 paulo
3307 3834 3540 3906 longius
3563 3833 3862 3899 duximus,

340 3927 554 3999 Liquet
593 3945 728 4000 ergo
799 3928 932 3999 quia
985 3929 1252 3998 quaedam
1285 3928 1342 3983 in
1403 3943 1608 3984 eorum
1673 3928 1841 3984 dictis
1897 3932 2051 3984 recta
2160 3923 2290 3994 ipsa
2312 3924 2436 3994 jam
2466 3938 2668 3979 eorum
2700 3923 2874 3979 verba
2893 3923 3179 3979 subtiliter
3198 3937 3528 3994 pensemus.
3557 3919 3862 3990 Sequitur:

335 4025 500 4121 sunt,
531 4020 628 4121 sed
677 4018 1427 4121 melioris-comparatione
1485 4023 1862 4121 superantur:
1902 4019 2050 4121 ἴβεσι
2517 4049 2751 4105 CAPUT
2773 4048 2868 4104 xu
2900 4049 3046 4121 [Veto
3079 4049 3192 4116 KH,
3226 4049 3344 4103 Rea.
3378 4047 3490 4118 XI].

334 4109 488 4164 inter
521 4108 634 4163 alia
663 4124 791 4179 quae
825 4091 1761 4177 irrationabiliterdicunt,multas
1793 4110 1865 4164 ad
1916 4109 2050 4164 bea-
2236 4160 2273 4179 η
2316 4175 2341 4179 λ
2514 4091 2746 4179 *νζ
2901 4091 2918 4121 L
2942 4091 2955 4105 ’

334 4198 465 4251 tum
489 4196 597 4250 Job
623 4195 798 4251 fortes
840 4196 1160 4252 sententias
1195 4196 1513 4266 proferunt,
1559 4197 1658 4252 sed
1707 4199 2051 4267 comparatae

338 4285 515 4341 dictis
552 4285 886 4342 fortioribus
911 4286 1025 4341 vim
1056 4285 1410 4341 fortitudinis
1440 4285 1738 4340 amittunt.
1764 4285 1912 4341 Mira
1941 4301 2046 4341 au-

337 4379 457 4430 tem
491 4378 630 4429 sunt
662 4373 844 4430 multa
876 4391 996 4444 qum
1029 4373 1248 4442 dicunt,
1275 4374 1386 4428 nisi
1422 4374 1479 4429 in
1512 4374 1696 4430 sancti
1721 4375 1822 4430 viri
1845 4375 2046 4430 adver-

340 4465 575 4520 sitatem
601 4465 948 4520 dicerentur.
987 4466 1048 4520 In
1071 4466 1398 4535 semetipsis
1431 4466 1605 4536 igitur
1637 4481 1846 4535 magna
1889 4471 2047 4534 sunt,
2081 4463 2129 4529 D
2230 4468 2318 4522 29.
2352 4469 2748 4522 'Ilzereticorum
2789 4469 2950 4524 verba
2983 4467 3183 4522 blanda
3213 4469 3476 4538 primum,
3505 4469 3621 4536 post
3651 4478 3864 4536 aspera.

342 4554 450 4610 sed
483 4554 862 4626 quiajustum
886 4556 1074 4609 virum
1095 4555 1436 4626 transfigere
1469 4560 1769 4627 appetunt,
1790 4557 2053 4625 ejusdem
2169 4588 2234 4598 —
2264 4557 2393 4612 Jam
2427 4557 2696 4628 superius
2727 4559 2880 4614 dicta
2911 4561 3049 4613 sunt
3083 4574 3208 4628 quae
3243 4557 3330 4613 his
3350 4554 3760 4612 vocabulorum
3783 4554 3873 4610 in-

344 4645 762 4716 magniludinis
797 4647 1027 4717 pondus
1053 4647 1335 4716 perdunt;
1370 4647 1506 4718 quia
1531 4653 1586 4701 et
1613 4648 1686 4717 (b)
1731 4646 2054 4718 quamlibet
2168 4647 2683 4716 terpretationibus
2729 4646 3153 4717 eXprimantur.
3189 4647 3336 4711 Quia
3382 4661 3517 4716 ergo
3559 4644 3767 4700 festiue
3796 4643 3868 4697 ad

345 4736 515 4804 forte,
548 4734 768 4790 frustra
792 4733 1048 4804 jaculum
1087 4735 1356 4804 mittitur,
1381 4742 1447 4792 ut
1480 4737 1628 4792 dura
1666 4754 1804 4792 saxa
1855 4736 2058 4794 feriant
2167 4735 2501 4791 indiscussa
2560 4736 2875 4804 tendimus,
2934 4735 3151 4806 prolata
3208 4735 3489 4807 replicare
3518 4733 3866 4789 devitamus.

341 4829 438 4880 tur
462 4840 476 4890 ;
500 4840 567 4880 eo
592 4840 846 4895 namque
876 4824 1406 4898 obtusumlongius
1439 4825 1678 4894 dissilit,
1712 4843 1826 4897 quo
1870 4827 2057 4883 intor-
2166 4828 2285 4880 Hoc
2310 4825 2502 4896 itaque
2533 4833 2618 4880 est
2651 4824 3283 4890 solerterintuendum,
3317 4823 3468 4895 quod
3500 4822 3540 4876 ii
3564 4821 3659 4888 qui
3692 4819 3868 4874 haere-

342 4918 470 4970 tum
512 4914 734 4970 fortiter
769 4915 944 4972 venit.
988 4915 1165 4988 Igitur
1193 4916 1507 4972 amicorum
1547 4917 1656 4972 Job
1716 4917 1870 4972 dicta
1929 4917 2058 4972 licet
2166 4914 2412 4970 ticorum
2449 4913 2701 4985 speciem
2734 4919 2949 4980 tenent,
2972 4914 3132 4986 loqui
3168 4912 3422 4969 molliter
3460 4909 3754 4974 inchoent,
3779 4908 3868 4962 di-

346 5007 406 5063 in
443 5004 800 5076 quibusdam
823 5004 988 5061 valde
1048 5005 1165 5062 sint
1209 5007 1400 5072 fortia,
1428 5024 1562 5063 cum
1622 5013 1817 5062 tamen
1868 5006 2056 5062 sancti
2167 5007 2391 5060 centes:
2427 5004 2488 5060 Si
2516 5005 2842 5072 cceperimus
2872 5005 3023 5075 loqui
3055 5003 3174 5069 tibi,
3207 5001 3447 5074 forsitan
3477 4997 3698 5052 moleste
3729 4997 3869 5052 acci-

346 5095 456 5150 viri
484 5095 690 5150 fortem
723 5094 900 5148 vitam
936 5095 1460 5162 feriunt,cunctum
1485 5097 1575 5150 sui
1608 5095 1896 5150 acuminis
1932 5110 2056 5150 mu-
2165 5093 2300 5161 pies.
2370 5096 2724 5165 Exasperare
2783 5093 2997 5163 quippe
3078 5089 3332 5147 haeretici
3397 5086 3688 5142 auditores
3730 5101 3870 5141 suos

347 5199 588 5240 cronem
623 5183 964 5239 retundunt.
990 5184 1134 5247 Quia
1152 5200 1288 5255 ergo
1321 5194 1372 5239 et
1402 5185 1456 5238 in
1483 5185 1812 5256 semetipsis
1847 5201 2058 5255 magna
2167 5183 2399 5238 exordio
2439 5182 2750 5239 locutionis
2801 5198 2916 5236 suae
2952 5183 3236 5245 metuunt,
3293 5193 3362 5232 ne
3414 5175 3716 5246 vigilanter
3767 5191 3868 5230 au-

346 5279 508 5341 sunt,
545 5273 643 5328 sed
678 5275 881 5328 contra
914 5272 1144 5328 beatum
1177 5273 1284 5330 Job
1319 5274 1478 5330 nullo
1518 5275 1688 5330 modo
1721 5276 1938 5332 assumi
1962 5275 2058 5329 de-
2167 5273 2422 5343 diantur,
2456 5289 2777 5343 eorumque
2795 5271 2958 5326 valde
2990 5269 3289 5325 tristitiam
3322 5269 3640 5333 declinant,
3675 5271 3736 5322 ut
3763 5282 3864 5322 ne-

2235 4160 2368 4217 CAP.
2404 4175 2479 4213 1v.
2514 4161 2690 4215 Vsas.
2729 4161 2779 4226 1,
2811 4161 2864 4215 2.
2900 4189 2968 4200 —-
3014 4159 3351 4229 Respondens
3398 4161 3588 4213 autem
3637 4152 3870 4224 Eliphas

2170 4249 2541 4317 Themanites,
2581 4249 2760 4306 dixit:
2813 4249 2869 4304 Si
2917 4250 3238 4320 cceperimus
3297 4248 3444 4318 loqui
3482 4245 3602 4313 tibi,
3633 4244 3869 4311 forsitan

2156 4341 2379 4397 moleste
2408 4343 2656 4411 accipies.

419 5475 745 5549 (a)Addunt
775 5474 948 5549 Editi,
979 5481 1030 5531 et
1060 5477 1370 5534 audaciam.
1405 5480 1540 5545 Quae
1572 5479 1741 5536 verba
1788 5480 1844 5535 in
1880 5479 2054 5537 nullis
2165 5473 2410 5549 adducti,
2455 5479 2514 5526 ut
2545 5473 2819 5549 exhibent
2850 5471 2998 5526 Editi
3031 5474 3206 5528 etiam
3227 5473 3581 5536 vetustiores,
3615 5484 3865 5549 quorum

350 5544 495 5606 Mss.
532 5553 761 5618 reperta
792 5547 1109 5603 delevimus
1431 5544 1434 5545 ⁷
2167 5544 2445 5618 pleraque
2472 5551 2662 5618 errata
2693 5545 2761 5598 ad
2797 5551 3032 5600 caeteros
3066 5561 3268 5618 omnes
3328 5552 3526 5618 postea
3557 5547 3869 5615 propagata

418 5623 501 5694 (ὁ)
533 5615 782 5694 Quidam
819 5620 1311 5694 Masuquamlibet
1341 5623 1509 5692 forte;
1554 5627 1772 5692 frustra
1806 5625 2057 5693 jaculum
2165 5621 2323 5694 sunt.
2369 5615 2587 5694 f{dilicti
2618 5618 2892 5687 majorem
2929 5618 3043 5673 vim
3070 5617 3262 5685 habet,
3289 5617 3866 5690 significatque,con-

337 5685 606 5764 mittunt.
640 5690 803 5764 Reg.,
827 5685 1110 5764 quodlibet
1138 5695 1300 5764 forte.
1341 5685 1350 5692 ⁷
1554 5685 1564 5692 ’
1806 5685 1816 5693 ’
2165 5685 2429 5744 demnati.

423 5766 501 5839 (c)
532 5763 674 5820 Mss.
709 5763 1015 5836 Anglicani
1061 5769 1119 5821 et
1149 5781 1350 5821 omnes
1389 5765 1483 5820 alii
1538 5766 1618 5821 ita
1648 5766 1884 5836 habent,
1915 5783 2052 5838 non,
