4134 6174
300 167 421 226 695

1570 156 1851 219 SANCTI
1894 146 2265 214 GREGORII
2313 151 2565 214 MAGNI

3705 148 3808 214 696

301 296 646 369 giigentiam
678 299 927 371 capiant.
952 300 1021 355 Et
1053 298 1127 369 (a)
1151 312 1295 368 pene
1337 309 1569 366 semper
1625 291 1843 348 blanda
1872 293 2006 344 sunt
2037 288 2089 353 Α
2124 287 2314 353 fuerit,
2364 289 2463 359 qui
2512 289 2777 344 indoctos
2810 287 3047 350 docens,
3088 283 3269 341 lassos
3302 284 3609 343 roborans.
3652 282 3815 340 vacil‘

306 404 431 458 qua
464 393 831 461 proponunt;
865 390 967 446 sed
1001 405 1207 461 aspera
1238 404 1363 458 qua
1382 383 1789 456 prosequendo
1818 379 2019 436 subin-

308 477 527 533 Ierunt.
577 478 737 533 Unde
778 484 836 535 et
867 494 1023 534 nunc
1057 478 1225 534 amici
1271 477 1378 531 Job
1421 493 1453 530 a
1491 471 1811 529 reverentia
1860 484 2020 523 man-

315 572 493 621 sueta
520 567 1158 640 locutionisincipiunt,
1182 568 1278 623 sed
1304 581 1492 637 usque
1514 562 1795 633 adjacula
1815 574 2021 630 asper-

317 657 477 712 rima
511 656 852 714 invectionis
883 662 1230 729 erumpunt;
1264 656 1402 728 quia
1451 662 1505 710 et
1553 653 1776 709 radices
1811 650 2019 721 spina-

320 762 451 800 rum
478 746 681 803 molles
702 750 859 815 sunt,
885 748 982 802 esd
1020 754 1209 802 tamen
1241 761 1308 800 ex
1344 747 1470 816 ipsa
1492 760 1597 799 sua
1619 741 1864 797 mollitie
1899 759 2026 816 pro-

325 835 519 891 ferunt
552 837 703 891 unde
725 840 1013 907 pungunt.
1047 835 1350 906 Sequitur:

963 944 1196 999 CAPUT
1224 943 1370 999 XIII.

400 1044 564 1100 Vens.
613 1045 667 1101 2.
734 1075 797 1085 ——
843 1044 948 1100 Sed
1000 1053 1317 1115 conceptum
1362 1058 1665 1100 sermonem
1705 1046 1887 1099 tenere
1916 1047 2036 1114 quis
2145 1003 3116 1115 ξίῗθῐξξξῖωξίῗξθῗξίιῗῗῗβεὶῗξῗξῗίξξ
3154 1003 3304 1115 [Kef

2147 1096 2421 1163 haretici,
2453 1111 2551 1151 seu
2584 1094 2840 1168 perversi
2874 1093 3140 1165 quilibet,
3172 1109 3305 1148 cum
3366 1091 3524 1148 bona
3556 1091 3823 1161 justorum

2150 1186 2425 1251 referunt,
2461 1186 2583 1242 hac
2623 1186 2682 1241 in
2742 1188 3156 1257 argumentum
3206 1182 3474 1239 criminis
3522 1180 3819 1237 inﬂectunt.

2152 1280 2291 1335 Inde
2323 1293 2572 1349 namque
2594 1277 2830 1347 Eliphaz
2853 1282 3055 1333 contra
3075 1277 3310 1331 beatum
3328 1275 3441 1330 Job
3492 1273 3824 1331 occasionem

2155 1366 2572 1438 objurgationis
2605 1366 2846 1438 colligit,
2877 1366 3031 1421 unde
3062 1364 3355 1421 laudanda
3407 1364 3672 1420 narravit.
3702 1361 3828 1417 Nam

331 1138 497 1206 possit
516 1136 543 1186 ?

408 1244 498 1295 30.
539 1242 714 1298 Verba
728 1259 901 1314 pravo
926 1244 1032 1298 alii
1052 1244 1366 1313 concipiunt
1395 1246 1447 1297 et
1464 1246 1778 1314 proferunt,
1800 1243 1901 1297 alii
1912 1257 2041 1297 con-

344 1343 496 1403 cepta
527 1336 851 1404 reprimunt,
887 1335 988 1388 alii
1010 1349 1110 1389 nec
1138 1334 1469 1404 concipiunt.
1505 1363 1574 1373 —
1604 1332 1739 1388 Tria
1771 1340 1906 1389 sunt
1937 1333 2040 1387 ho-

342 1422 565 1477 minum
591 1438 823 1492 genera,
858 1439 981 1493 qua
1021 1421 1305 1491 gradatim
1340 1422 1531 1477 ductis
1572 1440 1605 1477 a
1645 1437 1705 1476 se
1746 1421 2043 1493 qualitati-

343 1511 453 1566 bus
482 1511 788 1567 dissident.
823 1511 973 1567 Sunt
990 1526 1244 1581 namque
1268 1510 1363 1564 alii
1390 1510 1487 1582 qui
1518 1516 1574 1566 et
1601 1511 1671 1565 ad
1692 1511 2047 1580 loquendum

346 1617 520 1670 prava
553 1600 910 1671 concipiunt,
946 1619 978 1656 a
1007 1601 1301 1656 locutione
1333 1618 1440 1656 sua
1472 1600 1635 1655 nulla
1665 1600 1883 1656 silentii
1916 1617 2042 1672 gra-

343 1688 521 1743 vitate
550 1688 938 1745 refrenantur.
972 1690 1039 1744 Et
1062 1694 1200 1744 sunt
1230 1691 1327 1746 alii
1351 1690 1451 1760 qui
1484 1706 1615 1745 cum
1638 1706 1814 1761 prava
1854 1690 2045 1745 conci-

347 1776 536 1848 piunt,
562 1792 769 1848 magno
800 1794 859 1833 se
889 1777 1105 1833 silentii
1137 1780 1333 1849 vigore
1365 1780 1750 1849 restringunt.
1785 1778 1854 1832 Et
1911 1783 2051 1834 sunt

352 1864 618 1921 nonnulli
652 1865 773 1936 qui,
798 1866 1072 1922 virtutum
1110 1884 1221 1923 usu
1263 1868 1536 1933 rohorati,
1568 1884 1754 1939 usque
1796 1869 1866 1923 ad
1923 1884 2050 1923 eam

354 1955 762 2011 celsitudinem
796 1956 1215 2027 provehuntur,
1249 1963 1311 2012 ut
1352 1958 1423 2012 ad
1471 1958 1847 2028 loquendum,
1884 1971 1955 2011 ne
1994 1956 2053 2010 in

355 2046 529 2100 corde
558 2044 796 2115 quidem
833 2060 1096 2115 perversa
1114 2046 1464 2116 concipiant,
1500 2063 1628 2118 qua
1646 2046 1870 2102 silendo
1902 2045 2055 2102 I52

354 2137 740 2203 compescant.
760 2133 999 2203 Eliphaz
1016 2134 1212 2205 itaque
1229 2150 1296 2190 ex
1311 2149 1375 2191 eo
1395 2151 1509 2206 quo
1523 2135 1598 2190 sit
1615 2136 1838 2204 ordine,
1862 2140 2058 2190 osten-

357 2224 534 2287 ditur,
568 2223 668 2293 qui
698 2226 1036 2293 conceptum
1061 2239 1389 2279 sermonem
1422 2232 1613 2280 tenere
1635 2240 1697 2280 se
1732 2239 1843 2280 non
1891 2239 2063 2295 posse

362 2315 634 2367 testatur.
660 2313 784 2376 Qua
804 2311 859 2365 in
896 2328 954 2367 re
976 2318 1032 2368 et
1054 2312 1193 2367 illud
1220 2313 1495 2381 innotuit,
1520 2315 1673 2384 quod
1700 2331 1758 2370 se
1775 2314 2064 2385 loquendo

361 2401 719 2457 offensurum
766 2401 941 2456 novit.
991 2401 1189 2472 Neque
1218 2402 1374 2457 enim
1417 2404 1662 2459 retinere
1708 2404 1881 2458 verba
1935 2420 2065 2475 qua

361 2507 477 2546 non
528 2494 715 2561 potest
753 2490 940 2557 vellet,
970 2491 1083 2546 nisi
1125 2508 1227 2562 per
1276 2492 1394 2547 hac
1446 2509 1505 2547 se
1560 2490 1803 2547 vulnera
1860 2492 2067 2548 inferre

362 2586 763 2651 pranoscerel.
799 2578 940 2634 Boni
984 2580 1138 2635 enim
1186 2580 1289 2634 viri
1334 2582 1494 2636 freno
1544 2581 1771 2637 consilii
1817 2581 2071 2638 retinent

365 2668 883 2742 pracipitationem
926 2670 1105 2738 verbi,
1134 2674 1187 2726 et
1209 2675 1377 2726 caute
1407 2670 1775 2727 considerant
1806 2687 1877 2726 ne
1925 2672 2074 2728 rela-

368 2763 571 2815 xantes
601 2759 813 2828 lingua
844 2758 1145 2814 lasciviam
1174 2760 1506 2815 auditorum
1530 2761 1950 2817 conscientiam
1983 2762 2074 2817 in-

367 2852 538 2903 cauta
568 2848 857 2903 locutione
887 2849 1257 2918 transﬁgant.
1287 2849 1443 2904 Unde
1493 2848 1636 2906 bene
1667 2866 1768 2920 per
1810 2850 2075 2907 Salomo-

370 2949 503 2988 nem
528 2934 770 2988 dicitur:
811 2933 919 3000 Qui
947 2934 1171 2989 dimittit
1196 2950 1419 3005 aquam,
1451 2946 1613 3006 caput
1641 2945 1722 2992 est
1755 2938 2077 3009 jurgiorum

369 3024 549 3091 (Prov.
584 3038 719 3088 xvn,
750 3022 856 3094 14).
900 3024 1069 3094 Aqua
1125 3023 1343 3094 quippe
1400 3025 1734 3092 dimittitur,
1780 3043 1915 3083 cum
1958 3029 2073 3083 lin-
2102 3030 2146 3093 C

368 3127 498 3183 gua
528 3111 716 3166 ﬂuxus
749 3112 1079 3167 eﬂ‘renatur.
1114 3114 1225 3168 Sed
1250 3114 1517 3169 dimissor
1538 3132 1701 3186 aqua
1744 3118 2075 3189 jurgiorum

374 3206 547 3274 caput
575 3202 845 3271 efﬁcitur,
878 3203 1014 3271 quia
1036 3219 1135 3272 per
1165 3203 1377 3275 lingua
1410 3204 1918 3271 incontinentiam,
1961 3207 2076 3263 dis-

371 3291 573 3346 cordia
615 3290 772 3360 origo
796 3291 1155 3362 propinatur.
1191 3292 1356 3350 Pravi
1400 3292 1578 3363 igitur
1607 3294 1759 3350 sicut
1803 3295 1861 3348 in
1899 3311 2075 3353 sensu

370 3380 526 3435 leves
556 3383 713 3447 sunt,
746 3380 827 3434 ita
874 3381 932 3435 in
985 3380 1279 3437 locutione
1320 3382 1665 3454 praecipites,
1727 3388 1784 3440 et
1840 3386 2077 3443 reticere

371 3471 779 3540 pertractanda
854 3471 1150 3542 negligant
1198 3488 1325 3543 qua
1376 3474 1706 3545 loquantur.
1750 3475 1859 3531 Sed
1919 3477 2075 3547 quod

371 3559 509 3615 levis
541 3560 894 3616 conscientia
925 3561 1199 3632 concipit,
1226 3561 1408 3617 levior
1438 3563 1706 3635 protinus
1731 3564 1929 3637 lingua
1949 3584 2077 3638 pro-

373 3648 477 3704 dit.
513 3648 676 3704 Unde
706 3664 861 3704 nunc
892 3649 1129 3721 Eliphaz
1159 3667 1227 3706 ex
1249 3667 1351 3706 suo
1398 3652 1790 3723 experimento
1833 3654 2073 3726 colligit,

371 3739 519 3808 quod
555 3740 857 3811 desperate
887 3741 956 3796 de
986 3742 1261 3798 omnibus
1304 3742 1501 3811 sentit,
1550 3743 1779 3800 dicens:
1812 3744 1914 3801 Sed
1950 3760 2077 3802 con-

365 3816 583 3907 ceptum
609 3844 913 3886 sermonem
946 3837 1129 3886 tenere
1156 3833 1277 3902 quis
1302 3835 1510 3904 possit?
1537 3833 1806 3905 Sequitur
1840 3851 1852 3889 :

860 3937 1091 3994 CAPUT
1122 3938 1243 3993 XIV
1266 3940 1412 4011 [Rec.
1437 3941 1583 4010 XII].

443 4041 619 4093 Vens.
645 4038 699 4105 3,
722 4037 774 4091 4.
808 4068 873 4078 -
904 4039 1034 4093 Ecce
1061 4037 1298 4093 docuisti
1323 4039 1615 4109 plurimos,
1639 4046 1692 4095 et
1726 4056 1925 4095 manus
1974 4040 2081 4096 las-

372 4144 457 4183 sas
486 4130 793 4190 roborasti;
825 4129 1144 4184 vacillantes
1174 4131 1637 4198 conﬁrmaverunt
1666 4146 1948 4187 sermones
1971 4133 2076 4201 tui,

376 4222 426 4272 el
454 4235 634 4287 genua
665 4221 953 4276 trementia
978 4220 1328 4290 confortasti.

2126 375 2426 449 lantesque
2458 378 2832 447 confirmans,
2866 377 3017 431 inter
3046 391 3216 431 curas
3246 376 3480 443 domus,
3506 375 3654 431 inter
3686 374 3817 430 mul-

2130 466 2413 536 tiplicium
2449 484 2640 524 rerum
2673 466 3015 536 custodiam,
3041 466 3191 522 inter
3227 466 3470 521 affectus
3504 464 3810 536 pignorum,

2132 555 2284 610 inter
2307 556 2502 611 studia
2532 560 2618 611 tot
2648 555 2935 623 laborum,
2975 554 3311 610 erudiendis
3354 569 3415 608 se
3463 554 3679 609 cateris
3715 552 3819 608 im-

2134 644 2359 715 pendit.
2394 645 2465 699 Et
2509 644 2608 700 illa
2658 644 2892 717 quidem
2943 646 3257 715 occupatus
3288 641 3567 709 exercuit,
3612 641 3705 696 sed
3751 646 3821 696 ta-

2138 752 2271 791 men
2304 735 2451 791 liber
2481 735 2813 806 magisterio
2845 735 3105 790 doctrine
3136 732 3430 789 militavit.
3473 731 3821 803 Temporalia

2138 828 2388 899 regendo
2411 827 2709 899 disposuit
2733 843 2746 894 ;
2782 829 2999 882 atsrna
3022 824 3390 897 pradicando
3419 822 3729 887 nuntiavit;
3750 821 3822 877 vi-

2142 926 2209 973 tae
2240 915 2648 973 rectitudinem
2682 920 2739 972 et
2768 914 2992 987 agendo
3022 913 3353 969 videntibus
3385 910 3656 976 ostendit,
3676 909 3819 967 etio-

3349 1001 3522 1072 XIII.]
3568 1000 3674 1056 Sed
3726 999 3824 1055 sive

2158 1456 2460 1528 sequitur:

2824 1543 3056 1600 CAPUT
3081 1542 3205 1599 XV.

2082 1661 2127 1725 Β
2234 1635 2404 1691 Vens.
2436 1635 2489 1689 5.
2513 1664 2581 1676 --
2602 1635 2756 1689 Nunc
2781 1643 2968 1689 autem
2994 1633 3144 1688 venit
3166 1649 3333 1705 super
3358 1636 3409 1687 te
3427 1631 3623 1704 plaga,
3643 1634 3689 1685 et
3705 1629 3827 1700 defe-

2159 1725 2315 1793 cisli;
2347 1727 2525 1793 tetigit
2565 1732 2634 1794 te,
2665 1733 2715 1780 et
2741 1724 3097 1778 conturbatus
3125 1739 3203 1778 es.

2231 1815 2319 1869 32.
2356 1815 2608 1870 Pcrversi
2640 1813 2902 1868 bonorum
2929 1814 3101 1867 vitam
3129 1811 3342 1868 duobus
3374 1809 3547 1866 modis
3567 1810 3823 1881 impetunl.

2167 1936 2227 1945 —
2260 1903 2515 1959 Pervcrsi
2549 1903 2765 1974 quippe
2821 1901 3049 1957 duobus
3096 1901 3289 1957 modis
3350 1902 3631 1956 bonorum
3674 1898 3829 1952 vitam

2165 1994 2481 2065 impetunt,
2513 1993 2649 2063 quia
2672 1996 2773 2047 aut
2806 2008 2979 2062 prava
3026 2008 3125 2048 eos
3175 1991 3371 2047 dicere
3418 1996 3697 2055 asserunt,
3749 1988 3835 2041 aut

2169 2088 2325 2139 recta
2359 2100 2470 2139 non
2504 2098 2732 2138 servare
2756 2098 2882 2152 qua
2916 2080 3136 2137 dicunt.
3171 2080 3339 2136 Unde
3361 2087 3413 2136 et
3434 2080 3627 2135 beatus
3644 2076 3829 2133 Jobin-

2172 2173 2347 2229 ferius
2377 2173 2446 2227 ab
2496 2171 2703 2227 amicis
2736 2170 2858 2227 suis
2917 2173 2987 2225 de
3044 2169 3343 2226 locutione
3404 2165 3834 2240 reprehenditur;

2162 2263 2328 2318 'nunc
2360 2266 2542 2317 autem
2567 2265 2722 2315 recta
2751 2260 2984 2325 dixisse,
3018 2260 3117 2315 sed
3164 2258 3288 2315 hac
3323 2275 3440 2314 non
3481 2270 3718 2314 servasse
3765 2252 3835 2309 la-

2168 2354 2422 2407 ceratur.
2474 2350 2558 2405 Ab
2615 2348 2832 2420 iniquis
2878 2364 3014 2420 ergo
3074 2349 3243 2403 modo
3299 2349 3581 2411 bonorum
3627 2342 3832 2409 locutio,

2178 2442 2349 2497 modo
2381 2440 2528 2495 actio
2560 2438 2919 2510 reprobatur,
2954 2442 3242 2509 quatenus
3275 2444 3375 2494 aut
3397 2426 3719 2513 reprehensa
3816 2457 3837 2472 -

2180 2547 2293 2603 gua
2323 2531 2533 2595 taceat,
2566 2532 2666 2582 aut
2685 2527 2947 2597 ejusdem
2975 2526 3185 2597 lingua
3209 2542 3331 2581 sua
3349 2523 3672 2595 adjudibata
3702 2518 3835 2575 testi-

2183 2618 2398 2684 monio,
2451 2618 2509 2672 in
2555 2616 2800 2672 crimine
2850 2615 2966 2669 vita
3016 2614 3384 2671 succumbat.
3433 2615 3499 2669 Et
3558 2608 3836 2666 notandum

2185 2708 2340 2779 quod
2372 2708 2536 2779 prius
2580 2704 2779 2762 laudes
2807 2704 3020 2777 lingua
3079 2703 3366 2772 inferunt,
3418 2708 3470 2757 et
3512 2697 3835 2774 postmodum

2185 2798 2339 2870 (c)de
2369 2796 2494 2852 vita
2510 2795 2847 2850 inﬁrmitate
2869 2796 3335 2866 conquerantur.
3353 2791 3539 2863 Iniqui
3560 2788 3840 2852 etsnim,ne

2188 2886 2415 2959 publice
2446 2886 2604 2956 pravi
2637 2886 2958 2951 videantur,
2984 2883 3312 2955 loquuntur
3367 2880 3665 2953 aliquando
3715 2877 3840 2931 bona

2188 2978 2256 3032 de
2279 2976 2478 3047 justis,
2513 2993 2640 3047 qua
2672 2976 2938 3046 essejam
2958 2974 3189 3046 cognita
3213 2978 3272 3030 et
3297 2972 3435 3028 aliis
3457 2971 3739 3028 noverunt.
3753 2962 3842 3019 Sed

2189 3068 2343 3123 sicut
2384 3066 2778 3138 praediximus,
2812 3065 2933 3120 hac
2966 3065 3097 3137 ipsa
3133 3063 3416 3136 protinus
3471 3062 3537 3117 ad
3583 3054 3842 3116 cumulum

2187 3157 2339 3214 I58
2373 3160 2570 3212 reatus
2601 3154 2963 3228 pertrahunt,
2995 3158 3052 3210 et
3093 3154 3462 3209 credendum
3492 3150 3597 3206 sibi
3632 3148 3684 3201 in
3729 3158 3843 3199 cono

2187 3247 2399 3313 trariis,
2431 3262 2499 3302 ex
2528 3263 2593 3302 eo
2624 3247 2774 3318 quod
2806 3249 2862 3301 et
2902 3260 3179 3317 prospera
3226 3242 3320 3313 loq
3343 3242 3633 3308 uebantur,
3684 3238 3839 3292 osten-

2188 3338 2362 3407 dunt;
2396 3344 2667 3406 tantoque
2693 3334 2842 3391 mala
2873 3332 3043 3407 quasi
3072 3333 3263 3388 verius
3297 3332 3620 3396 insinuant,
3656 3324 3834 3396 quanto

2186 3430 2242 3482 et
2263 3428 2413 3482 bona
2443 3425 2609 3495 quasi
2642 3426 2842 3480 devote
2868 3421 3209 3479 laudabant.
3241 3420 3324 3475 Ad
3371 3435 3531 3477 usum
3552 3430 3673 3486 ergo
3698 3413 3842 3468 intor-

2186 3520 2363 3586 quent
2404 3513 2668 3570 criminis
2711 3529 2876 3569 voces
2929 3510 3164 3576 favoris,
3199 3509 3355 3565 dum
3390 3509 3659 3579 justorum
3701 3500 3840 3553 vitam

2185 3606 2321 3661 inde
2352 3608 2484 3676 post
2512 3604 2742 3675 gravius
2772 3602 3104 3668 vulnerant,
3138 3601 3293 3655 unde
3354 3600 3501 3655 hanc
3545 3592 3690 3668 paulo
3734 3590 3841 3644 ante

2186 3694 2375 3765 specie
2406 3702 2573 3751 tenus
2602 3692 3008 3748 defendebant.
3043 3691 3207 3762 Sape
3246 3694 3456 3745 autem
3494 3698 3673 3742 eorum
3712 3680 3835 3771 bona

2187 3802 2314 3857 qua
2348 3785 2509 3856 prius
2540 3783 2764 3840 habitat
2792 3781 3147 3854 despiciunt,
3180 3780 3302 3835 hac
3325 3774 3683 3851 postmodum
3702 3777 3834 3857 quaet

2189 3856 2416 3947 perdita
2442 3874 2752 3929 mirantur.
2784 3871 2947 3928 Unde
2996 3876 3053 3926 et
3099 3870 3345 3943 Eliphaz
3396 3866 3573 3927 sancti
3611 3861 3699 3951 viri
3740 3856 3831 3951 vir-

2189 3942 2363 4032 tutes,
2390 3964 2526 4035 quia
2554 3963 2801 4018 amissas
2848 3961 3074 4029 asserit,
3098 3942 3501 4016 enumerando
3553 3942 3822 4020 subiungit.

2188 4053 2388 4111 dicens
2419 4071 2433 4109 :

2643 4140 2876 4198 CAPUT
2907 4139 3028 4197 XVI
3061 4141 3206 4212 [Rec.
3238 4138 3409 4213 XIII].

2259 4234 2437 4289 Vens.
2466 4234 2518 4288 6.
2553 4262 2621 4272 -—
2652 4231 2728 4304 (ά)
2765 4230 2865 4289 Ubi
2893 4235 2971 4287 est
2993 4232 3160 4287 timor
3191 4236 3342 4299 tuus,
3372 4224 3623 4299 fortitudo
3662 4225 3757 4282 tua,
3785 4216 3830 4266 et

444 4327 532 4380 31.
569 4327 814 4392 Quantus
842 4329 940 4382 Job
962 4327 1154 4399 fuerit,
1180 4330 1335 4399 cujus
1367 4329 1554 4386 laudes
1584 4347 1684 4386 nec
1712 4332 1880 4386 silere
1937 4332 2081 4387 valet
2109 4331 2157 4399 D
2186 4327 2456 4398 patientia
2483 4326 2599 4391 tua,
2623 4327 2673 4380 el
2701 4323 2961 4394 perfectio
2990 4323 3205 4377 viarum
3238 4322 3500 4378 tuarum?

375 4414 470 4485 qui
501 4416 709 4468 crimen
744 4417 995 4486 ingerere
1024 4426 1275 4473 conatur.
1308 4448 1375 4463 —
1406 4420 1463 4475 Si
1497 4420 1620 4489 ipse
1652 4419 1905 4475 historia
1963 4426 2081 4477 tex-

374 4510 472 4560 tus
494 4503 799 4575 aspicitur,
849 4521 1055 4578 magna
1112 4515 1196 4562 est
1247 4508 1469 4564 lectoris
1510 4509 1752 4577 utilitas,
1798 4513 1954 4580 quod
2007 4511 2079 4566 ab

378 4592 580 4649 amicis
604 4593 980 4664 jurganlibus
1012 4596 1071 4650 in
1103 4595 1270 4650 beato
1300 4596 1407 4653 Job
1458 4615 1560 4667 pro
1605 4598 1952 4656 laceratione
2000 4600 2081 4654 vi-

380 4684 616 4750 tiorum,
652 4681 933 4739 virtutum
986 4686 1269 4755 praconia
1318 4688 1706 4757 proferuntur.
1768 4689 2082 4761 Nunquam

379 4774 596 4846 quippe
627 4781 709 4828 est
751 4777 871 4830 tam
916 4775 1227 4831 robustum
1270 4776 1397 4830 vita
1446 4778 1871 4847 testimonium,
1907 4795 2082 4851 quam

381 4882 510 4920 cum
529 4864 626 4920 ille
647 4865 721 4935 (b)
751 4864 1039 4922 laudanda
1062 4866 1339 4937 loquitur,
1356 4867 1455 4937 qui
1473 4868 1734 4937 ingerere
1749 4870 1969 4925 crimen
1985 4886 2082 4927 co-

384 4960 576 5012 natur.
611 4955 936 5013 Peusemus
982 4962 1175 5012 autem
1218 4956 1386 5027 cujus
1435 4956 1798 5012 celsitudinis
1844 4958 1954 5015 iste
2000 4958 2085 5016 vir

454 5203 539 5278 (a)
571 5203 655 5278 Ita
685 5206 860 5261 etiam
884 5223 951 5262 ex
983 5208 1117 5262 Mss.
1170 5206 1395 5278 Anglic.
1442 5210 1499 5262 et
1542 5204 1763 5278 cateris
1815 5205 2087 5260 omnibus

386 5274 765 5350 restituimus,
809 5294 939 5332 cum
976 5279 1134 5349 prius
1169 5274 1475 5350 legaretur,
1512 5280 1661 5346 apud
1697 5276 1826 5334 Coc.
1860 5282 1917 5332 et
1938 5292 2089 5350 seq.,

384 5354 437 5397 et
463 5343 629 5422 plane
657 5362 865 5422 semper
902 5343 1108 5422 blanda
1164 5343 1293 5422 sunt
1332 5343 1471 5422 quae
1495 5343 1821 5422 proponunt,
1866 5343 2090 5406 scilicet

387 5414 559 5491 amici
590 5414 909 5491 Job;‘_quor_i
943 5436 1079 5473 sane
1113 5420 1316 5491 Ialsum
1340 5414 1457 5477 'est.
1494 5414 1775 5475 Redditur
1803 5414 1938 5491 ergo
1968 5436 2086 5475 ver-

388 5486 475 5540 bis
507 5484 1002 5611 Glregorii‘veritas
1032 5495 1088 5544 et
1113 5490 1652 5558 legitimussensus,
1686 5484 1931 5564 legendo
1948 5507 2088 5563 pene

388 5574 486 5611 oro
509 5574 539 5611 υ
565 5573 688 5611 anc.

388 5574 486 5628 pro
508 5573 688 5625 plane.

456 5628 529 5702 (ὁ)
561 5628 728 5685 Corb.
755 5628 968 5698 Germ.,
1000 5631 1186 5701 prima
1217 5650 1416 5704 manu,
1440 5633 1653 5706 aliique
1694 5637 1934 5691 fortasse
1968 5650 2085 5691 me-

2261 4416 2350 4470 33.
2383 4414 2650 4470 Virtutum
2682 4420 2916 4484 quatuor
2933 4410 3157 4483 gradus.
3193 4442 3257 4452 —
3291 4414 3425 4479 Qua
3448 4405 3695 4464 nimirum
3717 4409 3830 4452 cun-

2191 4510 2283 4561 cta
2323 4504 2373 4561 ei
2414 4503 2713 4560 sententia
2753 4503 3049 4573 subrogat,
3092 4517 3272 4572 quam
3324 4497 3608 4573 praemisit,
3636 4489 3826 4546 dicens:

2190 4598 2347 4653 Nunc
2370 4603 2557 4653 autem
2589 4598 2733 4651 venit
2762 4610 2927 4665 super
2956 4598 3006 4650 te
3025 4594 3214 4663 plaga,
3246 4599 3299 4649 et
3319 4586 3584 4665 deiecisti:
3605 4577 3828 4671 ίθῖίθίί

2190 4693 2243 4741 et
2272 4687 2630 4742 conturbatus
2659 4700 2734 4740 es.
2767 4683 2977 4739 Omnia
3002 4698 3139 4754 ergo
3160 4680 3338 4737 simul
3357 4676 3612 4736 interisse
3637 4667 3824 4726 asserit,

2191 4777 2251 4832 in
2283 4792 2347 4832 eo
2380 4775 2532 4847 quod
2568 4775 2803 4831 beatum
2834 4773 2942 4829 Job
2970 4772 3265 4828 turbatum
3300 4767 3517 4841 ﬂagello
3563 4754 3826 4833 reprehen-

2193 4866 2297 4922 dit.
2333 4868 2443 4923 Sed
2468 4865 2818 4921 intuendum
2850 4863 3014 4921 valde
3046 4867 3155 4930 est,
3188 4861 3324 4933 quia
3378 4852 3626 4931 quamvis
3662 4848 3824 4938 ἰηοορ·

2195 4957 2483 5013 venienter
2519 4954 2800 5026 increpat,
2845 4954 3233 5024 congruenter
3279 4954 3469 5007 tamen
3499 4939 3703 5001 ordines
3738 4940 3829 4983 Vir-

2197 5196 2947 5274 ιίιιενζαμάαηάοιορμίιυτ·
2994 5265 3028 5274 ..
3123 5264 3134 5274 .
3333 5260 3345 5274 .
3411 5235 3823 5274 .ημ,.,,..ε..εμ.

2265 5235 2335 5343 ἱῖῖ
2366 5235 3291 5357 ἷιῖἔῗιίῖῗνιξῖᾆμῖᾆῖ’ἑὶξαιέᾳυίηαιίίί,
3313 5260 3378 5357 d5
3404 5260 3550 5357 aqua
3561 5235 3824 5357 gitﬁninﬁé‘;

2194 5320 2704 5433 ῃέίᾎιὲξῖξόέζλᾱέ
2938 5320 3321 5433 ἰγξὶβῧιῖιέιιξιεὲὶ
3342 5320 3821 5433 εεςδῇδϐθῈι-ἱίεξ

2196 5386 2401 5485 ὶῖιὶξῖὰἐέ
2428 5386 3323 5481 εἶέἴὲ”ίνῖιῖῖνῖῆι’ἆᾶἶε.’’ὔέιὲὶίᾆὸἰῗὲι
3350 5405 3456 5457 vet.
3488 5394 3605 5462 sa,
3640 5386 3695 5442 de
3735 5386 3795 5433 un

2194 5484 2816 5574 giliznv'igzgﬁgnhﬁfyp.
2858 5552 3024 5574 (1--..
3110 5550 3229 5574 ἡ-..
3279 5544 3409 5574 ΠΑΙᾺ
3478 5514 3806 5574 Μὴν-τημοωῆ

2267 5537 2343 5628 (71)
2354 5537 2367 5540 ⁷
2378 5537 2620 5646 tigillis};
2628 5537 2788 5646 §°Eb
2799 5595 2834 5646 λ’
2852 5552 3027 5646 βθξτη
3038 5593 3098 5646 ’1,
3110 5537 3821 5646 βέεξξίξῖΨλζΝτῗιξῗιέὶοῗρῗ

2197 5598 2343 5687 ιὶιῖἷέ
2372 5598 2592 5687 illisit“.
2628 5598 2834 5684 Eastat’
2851 5625 2909 5682 in
2931 5598 3179 5682 German
3190 5598 3485 5681 .Osecunda
3510 5612 3692 5666 manus
3716 5598 3819 5660 0P°'
