4134 6174
294 239 412 301 69Ί

1232 235 1651 301 MORALIUM
1699 235 1848 298 LIB.
1891 229 1965 296 V.
2011 263 2089 278 -
2133 227 2211 293 IN
2258 228 2424 295 CAP.
2476 235 2553 300 IV
2596 239 2663 300 B.
2710 238 2866 300 JOB.

3691 238 3811 303 698

284 387 462 437 utum
503 387 714 439 narrat.
750 384 1004 447 Quatuor
1052 380 1262 451 quippe
1293 379 1568 450 gradibus
1617 377 1796 430 vitam
1841 372 1985 428 beati
2020 374 2074 440 Α
2103 386 2239 428 cens
2273 390 2284 428 :
2322 375 2546 446 Tempus
2590 384 2666 431 est
2709 385 2768 431 ut
2799 379 3032 448 incipiat
3079 379 3354 448 judicium
3409 377 3472 432 de
3518 379 3674 432 domo
3705 377 3814 432 Dei

279 472 393 527 Job
426 474 506 542 (a)
538 476 779 528 virtutes
810 471 1205 528 enumerando
1238 469 1525 536 distinxit,
1558 469 1696 522 dum
1720 463 1994 521 ettimori

285 563 715 632 fortitudinem,
749 572 803 619 et
835 561 1161 618 fortitudini
1211 560 1577 632 patientiam,
1612 564 1666 613 et
1699 555 1993 628 patientiae

287 652 709 722 perfectionem
749 653 964 723 junxit.
994 654 1057 708 In
1091 651 1179 704 via
1211 649 1424 704 etenim
1456 647 1554 702 Dei
1588 664 1619 700 a
1651 647 1853 700 timore
1901 643 1992 697 in-

285 742 524 813 cipitur,
560 747 622 797 ut
680 743 749 798 ad
808 741 1207 797 fortitudinem
1265 738 1552 793 veniatur.
1584 736 1726 791 Nam
1755 736 1906 790 sicut
1937 735 1996 788 in

289 832 392 886 'via
447 832 640 887 seculi
709 832 956 888 audacia
1017 830 1437 893 fortitudinem,
1498 828 1575 882 ita
1632 827 1690 880 in
1749 824 1840 879 via
1897 820 1997 876 Dei

291 920 536 976 audacia
594 920 954 976 debilitatem
988 919 1181 991 parit;
1241 923 1296 973 et
1327 918 1479 972 sicut
1536 915 1591 969 in
1649 914 1741 969 via
1802 909 1998 966 szeculi

289 1009 469 1064 timor
519 1009 897 1079 debilitatem,
931 1010 1009 1064 ita
1037 1007 1095 1063 in
1124 1007 1212 1062 via
1239 1007 1336 1061 Dei
1371 1006 1545 1060 timor
1594 1002 1996 1059 fortitudinem

293 1099 499 1170 gignit,
531 1098 846 1155 Salomone
878 1103 1208 1165 attestante,
1232 1099 1327 1168 qui
1353 1096 1468 1150 ait:
1498 1096 1758 1150 Intimore
1780 1089 2004 1147 Domini

290 1188 496 1256 ﬁducia
543 1189 891 1258 fortitudinis
943 1191 1126 1258 (Prov.
1169 1205 1281 1252 xiv,
1339 1188 1451 1256 26).
1502 1184 1718 1240 Timori
1784 1184 1998 1253 quippe

289 1277 526 1333 Domini
570 1279 758 1333 inesse
809 1278 1023 1333 fiducia
1062 1276 1420 1332 fortitudinis
1471 1274 1704 1341 dicitur,
1739 1271 1876 1343 quia
1908 1270 1998 1324 nio

291 1365 510 1420 mirum
544 1381 710 1419 mens
741 1372 939 1419 nostra
989 1368 1145 1418 tanto
1191 1363 1475 1418 valentius
1509 1367 1756 1415 terrores
1803 1373 1998 1412 rerum

291 1452 705 1523 temporalium
746 1451 1012 1523 despicit,
1046 1456 1266 1522 quanto
1314 1467 1376 1506 se
1407 1449 1628 1505 auctori
1660 1446 1998 1503 eorumdem

287 1542 696 1614 temporalium
745 1543 1008 1598 veracius
1060 1558 1159 1613 per
1213 1541 1584 1596 formidinem
1616 1538 1836 1594 subdit.
1866 1537 1998 1598 Quae

291 1634 355 1687 in
388 1634 594 1688 timore
623 1633 854 1689 Domini
885 1631 1213 1697 constituta,
1252 1647 1365 1686 non
1409 1630 1630 1684 invenit
1661 1638 1817 1683 extra
1849 1625 2000 1696 quod

2104 462 2148 530 (1
2182 467 2303 517 Pet.
2338 481 2412 532 1v,
2473 467 2578 534 17).
2643 467 2727 520 Illi
2787 485 2918 537 ergo
2980 471 3261 524 veraciter
3318 467 3456 524 recti
3491 472 3648 535 sunt,
3697 467 3805 537 qui

2103 567 2289 606 amore
2320 569 2583 624 superna:
2634 557 2828 625 patriae
2876 558 2943 611 ad
2979 565 3185 614 cuncta
3219 558 3515 629 pressantis
3541 557 3668 610 vitae
3700 555 3799 608 ad-

2104 657 2272 697 versa
2304 648 2719 713 prreparantur.
2755 645 2897 700 Nam
2932 649 3024 717 qui
3069 665 3168 718 pro
3200 647 3426 704 aeternis
3458 645 3624 700 bonis
3656 643 3805 699 mala

2105 731 2196 785 hic
2257 734 2474 802 perpeti
2530 740 2817 796 metuunt,
2852 736 3108 792 videlicet
3143 738 3278 792 recti
3328 755 3440 792 non
3474 740 3631 790 sunt.
3693 734 3805 789 Sed

2106 821 2341 892 Elipbaz
2389 822 2472 877 vel
2526 824 2703 878 deleri
2753 831 2955 893 rectos,
2990 827 3074 882 vel
3123 827 3460 881 innocentes
3497 826 3586 880 hic
3621 824 3806 895 perire

2107 928 2218 966 non
2253 913 2521 979 aestimat,
2547 915 2684 984 quia
2723 931 2870 986 saepe
2905 917 2957 970 hi
2994 919 3090 986 qui
3123 935 3237 972 non
3271 934 3372 988 spe
3406 916 3651 972 cmlestis
3683 914 3808 983 glo-

2107 1001 2226 1071 τίω,
2274 1002 2374 1056 sed
2429 1019 2529 1073 pro
2571 1010 2801 1061 terrena
2859 1007 2966 1061 Deo
3017 1007 3390 1063 retributione
3445 1004 3805 1070 deserviunt,

2107 1088 2214 1158 ipsi
2268 1089 2504 1146 sibimet
2535 1092 2768 1163 fingunt
2816 1095 2968 1164 quod
3003 1100 3307 1167 quaerunt;
3352 1098 3408 1148 et
3434 1095 3635 1148 docere
3668 1107 3808 1161 pra:-

2107 1185 2430 1250 sumentes,
2489 1197 2619 1236 cum
2692 1187 2978 1240 terrenam
3039 1185 3407 1240 securitatem
3468 1182 3802 1254 praedicant,

2107 1271 2334 1324 cunctis
2384 1271 2505 1326 suis
2566 1271 2861 1328 laboribus
2918 1275 3240 1330 ostendunt
3278 1273 3416 1344 quid
3453 1276 3670 1327 amant.
3705 1270 3809 1325 Se-

2109 1362 2348 1428 quuur:

2442 1450 2668 1507 CAPUT
2699 1453 2881 1508 XVIII
2915 1453 3040 1525 [Vet.
3078 1463 3127 1508 et
3160 1455 3277 1508 Rec.
3314 1454 3441 1524 XV].

2182 1541 2351 1596 Vens.
2381 1542 2434 1606 8,
2467 1543 2520 1596 9.
2563 1575 2630 1583 —
2671 1545 2811 1611 Quin
2859 1547 3038 1614 potius
3085 1545 3198 1598 vidi
3236 1561 3322 1600 eos
3364 1545 3461 1615 qui
3509 1548 3805 1613 operantur

2108 1629 2485 1701 iniquitatem,
2518 1640 2569 1686 et
2617 1638 2885 1688 seminant
2930 1635 3159 1700 dolores,
3190 1639 3242 1690 et
3269 1641 3484 1688 metunt
3505 1648 3609 1696 eos,
3643 1632 3812 1699 ﬂante

295 1727 544 1788 meluat,
599 1722 734 1792 quia
794 1723 934 1776 dum
995 1726 1146 1777 recto
1205 1729 1356 1776 metu
1417 1719 1699 1776 conditori
1732 1717 1996 1773 omnium
2031 1722 2075 1784 Β
2105 1716 2211 1774 Deo
2241 1723 2464 1790 perisse.
2496 1727 2544 1776 et
2573 1723 2780 1793 spiritu
2813 1725 2911 1779 irae
2940 1726 3058 1795 ejus
3089 1741 3202 1780 esse
3230 1726 3597 1788 consumptos.

285 1813 586 1884 jungitur,
619 1816 900 1883 potestate
923 1812 1174 1883 quadam
1209 1827 1380 1880 supra
1409 1809 1602 1864 omnia
1635 1807 2000 1864 sublevatur.

298 1902 596 1957 Fortitudo
645 1905 840 1956 autem
889 1900 1120 1956 nonnisi
1156 1901 1212 1955 in
1262 1900 1608 1954 adversitate
1653 1895 2001 1963 ostenditur,

297 1989 451 2043 unde
483 1993 540 2043 et
562 2005 693 2043 mox
729 1993 860 2059 post
887 1987 1286 2042 fortitudinem
1323 1986 1596 2056 patientia
1627 1985 1999 2053 subrogatur.

295 2078 480 2134 Tanto
512 2078 668 2133 enim
713 2095 771 2133 se
811 2077 1210 2147 unusquisque
1241 2077 1311 2131 ad
1363 2075 1759 2131 fortitudinem
1811 2072 2004 2143 profe-

295 2170 442 2225 cisse
460 2169 656 2225 verius
679 2170 1056 2235 demonstrat,
1079 2173 1296 2238 quanto
1318 2167 1506 2221 aliena
1527 2165 1680 2221 mala
1703 2163 2003 2219 robustius

298 2257 527 2314 tolerat.
559 2259 702 2314 Nam
727 2258 918 2312 minus
951 2258 1007 2312 in
1042 2273 1103 2312 se
1133 2257 1452 2323 convaluit,
1477 2272 1651 2326 quem
1675 2255 1864 2309 aliena
1896 2253 2001 2306 ini-

298 2346 494 2417 quitas
553 2347 774 2402 sternit.
810 2347 918 2409 Qui
950 2346 1011 2401 in
1058 2362 1122 2401 eo
1156 2346 1307 2415 quod
1345 2347 1488 2400 ferre
1537 2342 2004 2399 contrarietatem

298 2451 418 2492 non
443 2436 611 2505 valet,
637 2436 1137 2507 pusillanimitatis
1156 2451 1273 2490 suae
1297 2434 1486 2506 gladio
1509 2435 1814 2489 confossus
1837 2433 2004 2499 iacet.

299 2525 449 2588 Quia
477 2541 610 2580 vero
641 2525 916 2595 perfectio
944 2525 1012 2579 de
1043 2523 1324 2595 patientia
1346 2523 1622 2590 nascitur,
1655 2522 1850 2576 statim
1879 2523 2007 2590 post

304 2614 672 2684 patientiam,
722 2614 946 2668 viarum
978 2614 1252 2684 perfectio
1280 2613 1656 2668 subinl‘ertur.
1695 2611 1809 2681 [Vet
1844 2607 2007 2678 XIV.]

302 2704 412 2758 Ille
444 2703 596 2760 enim
617 2720 743 2758 vere
769 2704 1054 2774 perfectus
1085 2707 1191 2772 est,
1227 2704 1319 2772 qui
1343 2719 1476 2775 erga
1505 2700 2007 2772 imperfectionem

304 2793 557 2866 proximi
589 2793 901 2863 impatiens
933 2810 1046 2848 non
1071 2798 1176 2848 est.
1214 2793 1357 2848 Nam
1390 2793 1490 2863 qui
1524 2791 1775 2846 alienam
1803 2791 2013 2860 imper-

307 2883 616 2938 fectionem
644 2883 789 2938 ferre
821 2899 932 2937 non
953 2882 1152 2937 valens
1181 2883 1259 2952 (b)
1290 2883 1524 2948 deserit,
1560 2881 1682 2950 ipse
1709 2879 1818 2934 sibi
1844 2877 2010 2934 testis

307 2977 400 3029 est
449 2971 604 3043 quod
659 2972 908 3042 perfecte
959 2972 1205 3026 necdum
1262 2970 1505 3040 prolicit.
1557 2969 1701 3024 Hinc
1735 2969 1794 3023 in
1829 2969 2012 3022 Evan-

2183 1809 2271 1865 35.
2326 1810 2548 1865 Dolores
2591 1815 2866 1868 seminant
2916 1831 2978 1868 ac
3018 1821 3245 1869 metunt.
3305 1814 3411 1868 Cur
3449 1813 3621 1866 malos
3673 1809 3815 1862 Deus

2113 1901 2407 1970 aliquando
2437 1903 2656 1968 toleret,
2687 1905 2985 1974 aliquando
3016 1908 3205 1959 statim
3251 1905 3443 1974 feriat.
3483 1932 3544 1943 ——-
3582 1899 3814 1955 Dolores

2114 1991 2423 2059 seminare,
2458 1998 2544 2046 est
2577 1993 2942 2048 fraudulenta
2972 1994 3196 2061 dicere;
3220 1994 3444 2048 dolores
3477 1996 3673 2046 autem
3697 2003 3818 2043 me-

2114 2083 2254 2146 tere,
2287 2086 2373 2136 est
2432 2081 2676 2137 dicendo
2710 2083 3035 2153 praevalere.
3071 2084 3170 2138 Vel
3204 2089 3353 2138 certe
3385 2081 3611 2136 dolores
3642 2077 3818 2134 semi-

2115 2174 2275 2238 nant,
2298 2171 2393 2240 qui
2429 2187 2694 2241 perversa
2727 2179 2940 2243 agunt;
2967 2173 3195 2228 dolores
3223 2176 3614 2237 metunt,cum
3641 2169 3709 2222 de
3729 2184 3824 2222 ea-

2116 2258 2244 2312 dem
2266 2262 2638 2328 perversitate
2659 2262 2996 2330 puniuntur.
3016 2263 3258 2317 Fructus
3274 2261 3487 2332 quippe
3500 2257 3716 2312 doloris
3734 2258 3825 2310 est

2118 2348 2422 2403 retributio
2445 2350 2860 2406 damnationis.
2895 2352 3004 2406 Sed
3039 2368 3170 2406 cum
3225 2349 3491 2422 protinus
3524 2345 3821 2401 subinfcr-

2118 2442 2214 2490 tur
2246 2437 2374 2507 quia
2410 2439 2508 2508 qui
2543 2439 2770 2495 dolores
2805 2443 3097 2495 seminant
3130 2445 3186 2494 et
3210 2443 3453 2505 metunt,
3497 2437 3673 2491 flante
3705 2440 3822 2489 Deo

2119 2534 2380 2596 pereunt,
2415 2532 2470 2583 et
2529 2527 2622 2582 ira:
2655 2530 2782 2599 ejus
2814 2531 3018 2600 spiritu
3061 2533 3514 2593 consumuntur,
3547 2525 3656 2579 hoc
3697 2522 3823 2578 loco

2120 2614 2336 2670 doloris
2371 2617 2603 2685 messio,
2634 2634 2746 2671 non
2799 2619 2922 2687 jam
2961 2636 3144 2690 poena,
3178 2619 3276 2673 sed
3314 2616 3505 2672 adhuc
3551 2611 3823 2685 perfectio

2120 2704 2451 2774 iniquitatis
2495 2707 2842 2773 ostenditur,
2887 2708 3023 2778 quia
3075 2725 3141 2762 ex
3182 2707 3392 2762 divine
3449 2705 3543 2758 irae
3585 2701 3824 2772 spiritu,

2121 2794 2384 2862 ejusdem
2420 2795 2729 2850 messionis
2764 2813 2930 2866 poena
2961 2797 3332 2866 subrogatur.
3368 2792 3666 2849 Seminant
3697 2803 3830 2858 ergo

2127 2883 2216 2939 hic
2239 2885 2466 2940 dolores
2497 2891 2554 2940 et
2586 2891 2822 2952 metunt,
2859 2888 2995 2957 quia
3028 2887 3225 2956 iniqua
3257 2888 3395 2940 sunt
3426 2899 3556 2954 quae
3585 2880 3830 2948 faciunt,

2124 2979 2180 3028 et
2210 2974 2266 3029 in
2314 2975 2442 3045 ipsa
2491 2974 2793 3046 iniquitate
2843 2981 3298 3048 prosperantur;
3335 2974 3488 3030 sicut
3517 2973 3587 3026 de
3620 2969 3829 3038 iniquo

306 3061 456 3133 gelio
486 3060 715 3116 Veritas
757 3060 899 3115 dicit
935 3077 952 3113 :
989 3062 1046 3114 In
1103 3061 1374 3130 patientia
1428 3067 1606 3115 vestra
1657 3058 2011 3128 possidebitis
2043 3070 2086 3138 ρ
2127 3079 2226 3133 per
2255 3063 2624 3119 Psalmistam
2657 3066 2871 3122 dicitur
2914 3087 2925 3122 :
2957 3067 3290 3122 Polluuntur
3319 3066 3426 3121 viae
3455 3067 3577 3132 ejus
3593 3063 3652 3114 in
3681 3055 3836 3114 omni

287 3153 521 3205 animas
571 3154 773 3205 vestras
804 3150 953 3220 (Luc.
988 3167 1098 3216 xxi,
1137 3150 1244 3218 19).
1297 3150 1444 3215 Quid
1477 3157 1563 3204 est
1593 3151 1747 3204 enim
1783 3150 2009 3204 animas

307 3241 632 3311 possidere,
666 3241 777 3295 nisi
813 3241 1060 3310 perfecte
1111 3240 1169 3294 in
1220 3239 1492 3294 omnibus
1553 3239 1758 3304 vivere,
1791 3239 2016 3293 cunctis

305 3333 523 3386 mentis
558 3330 809 3386 motibus
829 3346 893 3384 ex
917 3329 1147 3384 virtutis
1179 3345 1311 3384 arce
1340 3328 1674 3384 dominari?
1696 3328 1802 3393 Qui
1838 3329 2016 3399 igitur

307 3421 651 3491 patientiam
676 3424 852 3485 tenet,
874 3422 1131 3475 animam
1165 3419 1424 3490 possidet
1450 3443 1462 3486 ;
1488 3419 1626 3489 quia
1656 3419 1791 3473 inde
1815 3427 2016 3473 contra

303 3512 547 3566 adversa
565 3511 760 3566 omnia
781 3510 942 3565 fortis
962 3509 1232 3576 efficitur,
1254 3509 1405 3563 unde
1427 3507 1536 3563 sibi
1557 3512 1613 3562 et
1630 3507 2011 3576 semetipsum

303 3601 590 3655 vincendo
623 3599 977 3655 dominatur.
1013 3601 1078 3653 Et
1108 3615 1218 3670 quo
1259 3615 1321 3654 se
1361 3596 1724 3652 laudabiliter
1775 3595 2014 3666 frangit,

299 3690 621 3745 infractum
653 3705 714 3744 se
747 3688 968 3744 fortiter
997 3688 1170 3743 exerit
1197 3706 1209 3756 ;
1246 3688 1383 3759 quia
1413 3702 1546 3744 cum
1578 3687 1636 3741 iu
1667 3685 1790 3741 suis
1824 3703 1884 3741 se
1915 3703 2014 3741 vo-

307 3781 640 3852 luptatibus
663 3785 919 3852 superat,
945 3797 1072 3836 sese
1096 3783 1166 3836 ad
1201 3780 1492 3835 contraria
1514 3779 1795 3834 invictum
1833 3782 2014 3849 parat.

310 3871 420 3925 Sed
455 3871 588 3940 quia
644 3870 880 3940 Elipbaz
909 3869 1236 3926 invehendo
1277 3869 1574 3939 corripuit,
1607 3884 1762 3924 nunc
1818 3867 2016 3939 aliqua

305 3962 470 4016 velut
497 3961 852 4016 exhortando
893 3961 1215 4032 subjungit,
1249 3961 1448 4015 dicens
1481 3978 1492 4014 :

774 4049 1005 4105 CAPUT
1036 4050 1188 4105 XVII
1221 4051 1363 4118 [Rea
1399 4051 1548 4120 XIV].

377 4141 548 4198 Veas.
577 4145 634 4196 7.
657 4171 726 4184 —
747 4141 1066 4210 Recordare,
1088 4144 1324 4210 obsecro,
1349 4145 1466 4213 quis
1487 4158 1727 4215 unquam
1752 4143 2016 4198 innocens

293 4233 494 4306 perit?
525 4240 629 4287 aut
659 4232 874 4304 quando
908 4235 1039 4288 recti
1069 4233 1236 4288 deleti
1257 4239 1386 4288 sunt
1421 4239 1447 4284 Ρ

380 4326 535 4381 I54
558 4325 644 4378 34.
678 4323 832 4392 Saepe
854 4325 1165 4378 innocentes
1195 4324 1283 4377 hic
1306 4323 1499 4393 perire
1526 4328 1576 4379 et
1604 4323 2011 4390 deleri,rectos.

2125 3160 2367 3226 tempore
2397 3175 2416 3220 ;
2445 3159 2783 3225 auferuntur
2804 3157 3023 3228 judicia
3054 3165 3150 3212 tua
3179 3175 3209 3211 a
3241 3158 3388 3226 facie
3419 3156 3554 3226 ejus,
3583 3149 3831 3207 omnium

2122 3243 2473 3300 inimicorum
2505 3264 2731 3302 suorum
2759 3247 3132 3302 dominabitur
3159 3247 3328 3315 (Psal.
3362 3263 3415 3312 x,
3436 3246 3608 3311 5,sec.
3641 3239 3831 3308 Heb.).

2124 3335 2203 3390 De
2233 3351 2346 3406 quo
2381 3337 2552 3406 paulo
2586 3342 2716 3408 post
2770 3338 3036 3393 subditur
3069 3353 3082 3392 :
3119 3337 3226 3392 Sub
3274 3338 3468 3407 lingua
3511 3334 3628 3403 ejus
3677 3331 3833 3384 labor

2122 3432 2171 3478 et
2199 3425 2352 3480 dolor
2380 3427 2561 3496 (Ibid.,
2592 3427 2671 3498 7).
2728 3427 2959 3483 Dolores
2990 3428 3186 3499 itaque
3219 3426 3490 3492 seminat,
3526 3438 3659 3478 cum
3695 3436 3833 3491 per-

2121 3533 2286 3572 versa
2317 3516 2467 3588 agit;
2502 3516 2732 3572 dolores
2765 3519 2949 3584 metit,
2984 3534 3115 3572 cum
3140 3534 3208 3572 ex
3231 3517 3452 3571 eisdem
3487 3510 3837 3584 perversita-

2123 3607 2280 3662 tibus
2338 3608 2735 3678 temporaliter
2789 3610 3087 3664 excrescit.
3123 3606 3418 3674 Quomodo
3467 3619 3601 3675 ergo
3652 3602 3835 3656 flante

2126 3697 2236 3751 Deo
2287 3705 2550 3768 pereunt,
2609 3698 2707 3768 qui
2741 3698 3078 3768 plerumque
3110 3697 3208 3751 diu
3257 3696 3345 3750 hic
3395 3693 3737 3757 subsistere,
3773 3692 3830 3744 et

2117 3787 2292 3858 justis
2341 3786 2589 3849 felicius,
2625 3788 3096 3857 permittuntur?
3128 3787 3270 3841 Hinc
3304 3799 3555 3855 namque
3607 3782 3674 3835 de
3707 3779 3829 3834 illis

2121 3877 2330 3931 iterum
2389 3892 2485 3947 per
2518 3875 2882 3931 Psalmistam
2936 3877 3152 3930 dicitur
3184 3891 3196 3929 ε
3232 3876 3288 3928 1η
3331 3871 3608 3928 laboribus
3649 3867 3823 3923 homi-

2123 3986 2254 4023 num
2284 3983 2389 4023 non
2440 3976 2586 4037 sunt,
2611 3975 2663 4022 et
2693 3986 2816 4022 cum
2866 3968 3177 4023 hominibus
3226 3982 3331 4021 non
3388 3963 3827 4034 ﬂagellabuntur

2118 4058 2294 4128 (Psal.
2335 4074 2505 4126 Lxxu,
2531 4059 2608 4130 5).
2645 4058 2788 4113 Hinc
2817 4057 3098 4113 Jeremias
3125 4057 3236 4111 ait:
3276 4055 3453 4121 Quare
3483 4051 3575 4106 via
3625 4050 3825 4119 impio-

2120 4163 2246 4202 rum
2301 4153 2661 4218 prosperatur
2707 4149 2927 4217 (Jerem.
2959 4163 3061 4214 xu,
3096 4147 3166 4217 1).
3232 4147 3376 4210 Quia
3429 4142 3608 4205 enim,
3667 4137 3820 4194 sicut

2121 4237 2402 4308 scriptum
2422 4243 2528 4306 est,
2554 4239 2818 4293 Dominus
2837 4239 3055 4308 patiens
3085 4233 3328 4290 redditor
3351 4236 3429 4287 est
3450 4228 3638 4301 (Eccli.
3662 4244 3716 4295 v,
3743 4226 3820 4296 4),

2121 4344 2271 4398 sche
2328 4328 2428 4383 diu
2461 4328 2664 4382 tolerat
2697 4344 2845 4397 quos
2884 4328 2941 4382 in
2979 4331 3322 4399 perpetuum
3364 4323 3603 4377 damnat
3635 4337 3648 4389 ;
3682 4331 3824 4372 non-

299 4447 374 4457 -—
406 4416 534 4470 Sive
567 4413 841 4482 haeretici,
901 4429 1148 4484 quorum
1183 4414 1402 4469 amicos
1462 4414 1613 4469 beati
1657 4414 1766 4468 Job
1818 4419 2012 4468 tenere
2042 4428 2090 4495 D
2124 4433 2422 4488 nunquam
2473 4434 2604 4472 vero
2637 4417 2860 4472 concite
2913 4417 3176 4487 percutit,
3213 4414 3312 4486 qui
3354 4405 3823 4484 pusillanimitati

299 4505 555 4576 speciem
579 4504 853 4572 diximus,
878 4507 996 4559 sive
1020 4505 1266 4574 perversi
1293 4504 1551 4574 quilibet,
1582 4521 1759 4576 quam
1792 4505 2009 4560 inordi-

297 4600 436 4652 nate
468 4595 845 4664 redarguunt,
878 4599 992 4648 tam
1025 4592 1558 4664 reprehensibiliter
1610 4593 2008 4649 exhortantur.

293 4684 400 4740 Ait
429 4698 678 4754 namque
703 4697 716 4735 :
752 4683 880 4749 Quis
912 4699 1152 4754 unquam
1183 4683 1441 4737 innocens
1466 4684 1652 4753 periit,
1671 4686 1768 4737 aut
1797 4682 2012 4753 quando

296 4776 443 4830 recti
470 4775 633 4828 deleti
656 4783 780 4827 sunt
809 4781 834 4824 Ρ
866 4773 1026 4843 Saape
1076 4773 1292 4844 quippe
1325 4773 1418 4828 hic
1446 4777 1500 4829 et
1535 4774 1878 4829 innocentes
1911 4788 2012 4844 pe-

294 4870 498 4930 reunt,
532 4868 588 4919 et
620 4863 760 4919 recti
795 4863 1055 4918 funditus
1085 4864 1383 4932 delentur;
1417 4865 1516 4920 sed
1544 4873 1733 4920 tamen
1755 4865 1823 4920 ad
1850 4868 2014 4918 teter-

300 4971 441 5010 nam
499 4953 743 5024 gloriam
799 4954 1091 5022 pereundo
1137 4961 1454 5009 servantur.
1506 4955 1560 5008 Si
1611 4953 1762 5010 enim
1816 4953 2012 5010 nullus

300 5048 589 5101 innocens
648 5044 881 5116 periret,
916 5044 1205 5116 Propheta
1257 5059 1372 5101 non
1405 5045 1626 5100 diceret
1655 5062 1667 5100 :
1699 5046 1884 5100 Justus
1913 5060 2010 5115 pe-

297 5136 424 5205 riit,
458 5141 512 5192 et
545 5151 701 5192 nemo
730 5141 811 5191 est
841 5136 937 5208 qui
968 5135 1223 5206 recogitet
1253 5135 1409 5206 (Isai.
1453 5151 1587 5201 Lvu,
1623 5135 1690 5204 1).
1736 5136 1792 5190 Si
1826 5141 2013 5191 rectos

304 5229 456 5284 Deus
492 5228 854 5298 providendo
904 5245 1022 5282 non
1057 5231 1303 5299 raperet,
1341 5242 1712 5298 nequaquam
1743 5227 1813 5282 de
1852 5227 2012 5297 justo

293 5318 601 5386 Sapientia
656 5316 953 5373 dixisset:
1019 5319 1222 5388 Raptus
1253 5326 1350 5384 est,
1402 5334 1470 5372 ne
1519 5317 1742 5373 malitia
1771 5323 2012 5373 mutaret

299 5409 653 5464 intellectum
683 5409 802 5478 ejus
830 5408 982 5479 (Sap.
1020 5424 1092 5475 ιν,
1129 5407 1229 5476 11).
1267 5408 1327 5463 Si
1358 5409 1552 5478 justos
1581 5407 2011 5464 animadversio

297 5499 466 5555 nulla
499 5502 848 5570 percuteret,
899 5500 1104 5554 Petrus
1157 5498 1396 5556 minime
1428 5501 1863 5571 praenuntiaret,
1919 5498 2014 5552 di-

377 5659 454 5728 (a)
481 5656 725 5732 liaudati
757 5658 929 5732 Mss,
958 5663 1166 5732 praeter
1185 5660 1406 5729 Norm.,
1440 5663 1759 5718 virtutibus.

376 5733 456 5809 (ὁ)
491 5729 666 5800 Editi,
694 5729 1025 5802 patientiam
1045 5732 1266 5800 deserit,
1300 5733 1721 5790 reluctantibus
1748 5734 1887 5789 Mss.

2120 4506 2522 4562 innocentium
2546 4508 2608 4576 (c)
2632 4505 2985 4560 consolando
3005 4504 3316 4560 concurrit.
3339 4500 3665 4571 Aliquando
3689 4509 3827 4565 ergo

2122 4595 2490 4666 omnipotens
2519 4595 2671 4650 Deus
2701 4595 2797 4649 diu
2859 4594 3166 4666 praevalere
3199 4594 3430 4663 iniquos
3489 4591 3727 4660 patitur,
3763 4589 3827 4638 ut

2120 4688 2410 4758 iustorum
2473 4684 2750 4739 mundius
2780 4685 2898 4739 vita
2955 4690 3252 4756 purgetur.
3307 4679 3636 4751 Aliquando
3693 4690 3823 4729 vero

2121 4777 2375 4847 injustos
2422 4775 2682 4831 celeriter
2716 4775 2984 4842 trucidat,
3017 4790 3334 4845 eorumque
3383 4769 3618 4825 interitu
3650 4767 3821 4820 inno-

2122 4867 2380 4922 centium
2413 4867 2588 4922 corda
2612 4866 2939 4921 confirmat.
2971 4866 3027 4920 Si
3061 4866 3215 4920 enim
3248 4878 3398 4918 nunc
3430 4874 3634 4914 omnes
3666 4853 3818 4909 male

2124 4961 2360 5030 agentes
2392 4961 2740 5028 percuteret,
2773 4961 3098 5012 extremum
3122 4956 3247 5024 jam
3282 4950 3572 5021 judicium
3607 4945 3822 5016 quibus

2123 5047 2463 5104 exhiberet?
2490 5048 2548 5103 Si
2581 5051 2772 5102 autem
2810 5045 3036 5101 nullum
3069 5044 3305 5100 omnino
3332 5041 3671 5111 percuteret,
3691 5035 3824 5105 quis

2123 5136 2304 5192 Deum
2335 5153 2424 5192 res
2446 5135 2737 5192 humanas
2760 5150 2963 5190 curare
2987 5131 3368 5191 credidisset?
3393 5133 3826 5197 Nonnunquam

2123 5242 2258 5297 ergo
2292 5227 2438 5283 I55
2476 5227 2710 5296 iniquos
2744 5225 2894 5292 ferit,
2920 5229 2982 5278 ut
3015 5220 3281 5277 ostendat
3311 5219 3442 5291 quia
3464 5217 3652 5273 inulta
3675 5216 3829 5272 mala

2124 5333 2237 5372 non
2273 5317 2504 5373 deserit.
2538 5316 2967 5385 Nonnunquam
3011 5329 3145 5369 vero
3187 5313 3419 5384 iniquos
3460 5313 3560 5368 diu
3596 5312 3822 5384 tolerat,

2127 5411 2189 5460 ut
2235 5405 2736 5461 considerantibus
2780 5404 3056 5471 insinuet,
3098 5404 3166 5459 ad
3201 5404 3356 5476 quod
3407 5419 3505 5459 eos
3530 5401 3822 5475 judicium

2124 5501 2391 5552 reservet.

2197 5663 2269 5735 (c)
2310 5661 2470 5718 Unus
2502 5660 2731 5737 Rbem_.,
2765 5662 2879 5718 duo
2904 5662 3152 5737 Remig.,
3183 5665 3322 5735 Reg.
3345 5665 3402 5718 et
3431 5661 3552 5730 alii,
3585 5659 3834 5721 maxime

2125 5741 2349 5804 Norm.,
2388 5735 2725 5792 consulendo
2754 5735 3051 5794 concurrit.
