4134 6174
316 209 438 270 699

1593 194 1866 258 SANCTI
1912 196 2286 258 GREGORII
2331 198 2580 259 MAGNI

3723 203 3853 264 700

388 347 476 401 36.
510 345 727 415 Iniqua:
758 341 930 398 deleri
959 353 1066 409 quo
1109 351 1269 392 sensu
1316 333 1543 404 falsum,
1575 348 1678 403 quo
1715 347 1920 387 verum.
1949 363 2017 374 ——
2047 337 2105 402 A
2136 333 2400 389 exstincti
2433 339 2590 404 sunt,
2625 333 2885 389 dentium
2936 335 3307 406 expressions
3339 338 3676 409 signantur.
3711 339 3852 404 Quae

316 437 443 490 Haec
467 435 660 504 itaque
684 431 973 488 sententia
994 428 1073 499 (a)
1104 425 1411 481 deletionis
1460 422 1816 492 iniquorum,
1842 422 1889 476 si
1914 439 2028 478 non

317 542 448 581 cum
484 526 597 580 ﬁne
633 521 934 594 prasentis
967 515 1165 573 seaculi
1205 515 1276 569 de
1309 512 1538 568 cunctis
1567 511 1912 583 generaliter
1938 512 2026 566 di-

317 617 485 680 citur,
521 629 588 668 ex
613 629 824 683 magna
856 615 1014 679 parte
1047 604 1250 676 procul
1305 601 1484 657 dubio
1519 600 1782 656 veritatis
1815 600 2030 655 virtute

318 708 648 761 evacuatur.
701 701 811 755 Sed
873 706 1008 751 tunc
1036 711 1169 751 vera
1201 693 1328 760 erit,
1383 707 1518 746 cum
1543 691 1668 761 jam
1702 689 2030 759 iniquitatis

319 795 517 851 dilatio
567 809 682 848 non
732 789 1020 851 erit.Quas
1074 786 1178 840 hoc
1234 785 1481 839 fortasse
1541 782 1711 836 modo
1777 778 2032 850 intelligi

321 884 537 940 rectius
587 885 796 952 potest,
831 879 1110 949 quoniam
1160 891 1265 930 nec
1300 874 1581 928 innocens
1606 870 1772 942 perit,
1806 887 1908 925 nec
1938 886 2033 924 reo

323 978 450 1027 ctus
483 971 736 1037 deletur;
762 969 895 1039 quia
910 968 1016 1022 etsi
1035 979 1204 1020 carne
1221 963 1314 1018 hic
1341 961 1629 1024 atteritur,
1646 959 1702 1014 in
1719 963 2032 1030 conspectu

323 1059 519 1116 aeterni
544 1058 762 1129 judicis
797 1073 930 1110 vera
953 1055 1139 1110 salute
1162 1055 1488 1123 reparatur.
1521 1049 1591 1104 Et
1616 1048 1716 1120 qui
1739 1048 2036 1103 seminant

322 1149 548 1205 dolores
579 1153 635 1203 et
685 1151 938 1214 metunt,
973 1143 1147 1199 ﬂante
1186 1144 1298 1197 Deo
1330 1143 1607 1211 pereunt;
1645 1139 1784 1209 quia
1815 1142 2034 1208 quanto

323 1238 419 1294 hic
467 1238 640 1293 altius
690 1251 956 1307 perverse
1007 1233 1232 1304 agendo
1283 1230 1796 1301 proﬁciunt,tanto
1830 1227 2034 1281 durius

324 1326 703 1398 subsequenti
754 1324 1132 1380 damnatione
1179 1321 1482 1375 feriuntur.
1519 1318 1630 1372 Sed
1676 1332 1812 1372 cum
1843 1317 2035 1371 eidem

327 1417 629 1474 sententiis
660 1415 1045 1487 praemittitur,
1072 1410 1397 1473 Recordare,
1429 1407 1694 1463 videlicet
1717 1410 1876 1477 patet
1898 1404 2036 1475 quia

326 1511 621 1563 transacta
652 1522 742 1562 res
766 1505 835 1558 ad
859 1507 1112 1559 mentem
1140 1500 1459 1568 reducitur,
1489 1515 1601 1552 non
1627 1501 1820 1551 autem
1847 1496 2041 1548 futura

2140 428 2344 479 cuncta
2376 424 2515 478 dum
2566 424 2814 480 contrita
2863 423 3097 495 Eliphaz
3130 425 3350 498 rigidus
3377 427 3648 494 exsultat,
3681 429 3862 499 quasi

2131 513 2266 582 jure
2316 514 2592 568 damnata
2646 513 2975 569 denuntiat.
3008 517 3187 585 Cujus
3241 517 3428 572 adhuc
3460 517 3732 573 duritiam
3767 518 3859 572 in-

2141 600 2491 672 crepationis
2516 602 2864 672 ingeminat,
2891 619 3027 659 cum
3062 605 3367 677 subjungit
3402 623 3414 660 :

2505 691 2734 749 CAPUT
2765 693 2867 748 XX
2903 694 3042 766 [Vet.
3075 698 3122 750 et
3165 696 3290 752 Rec.
3321 697 3470 768 XVI].

2214 781 2388 836 Vens.
2453 783 2536 837 11.
2582 812 2650 822 -
2703 782 2876 853 Tigris
2921 786 3105 854 periit,
3155 800 3216 840 eo
3267 785 3405 857 quod
3461 801 3569 842 non
3626 786 3861 844 haberet

2142 871 2406 941 praedam,
2437 879 2489 926 et
2520 873 2673 929 156
2703 873 2881 927 catuli
2912 874 3128 928 leonum
3156 874 3416 946 dissipati
3451 881 3600 932 sunt.

2214 960 2301 1015 39.
2338 961 2519 1029 Tigris
2548 961 2707 1016 varia
2736 978 2802 1016 ac
2834 979 3016 1033 rapax
3051 963 3363 1035 hypocritas
3394 972 3518 1037 apte
3549 965 3867 1035 signiﬁcat.

2150 1049 2404 1112 —Quem
2429 1051 2586 1106 enim
2623 1053 3132 1124 nominetigridis,
3169 1054 3276 1109 nisi
3313 1055 3545 1110 beatum
3577 1055 3689 1111 Job
3725 1060 3872 1112 nota

2146 1140 2444 1196 varietatis
2468 1140 2680 1211 signat,
2703 1143 2790 1197 vel
2813 1159 3114 1213 aspersum
3142 1145 3388 1201 maculis
3411 1145 3818 1200 simulationis
3839 1145 3870 1200 ‘2

2146 1228 2348 1284 Omnis
2401 1246 2650 1301 namque
2699 1232 3009 1288 simulator
3039 1234 3094 1289 in
3129 1249 3194 1290 eo
3245 1236 3397 1305 quod
3449 1236 3630 1290 videri
3661 1239 3867 1290 rectus

2147 1321 2390 1391 appetit,
2426 1323 2713 1376 mundum
2760 1339 2822 1378 se
2872 1340 2970 1393 per
3000 1325 3195 1380 omnia
3228 1342 3341 1380 non
3393 1327 3687 1395 ostendit;
3721 1325 3870 1396 quia

2148 1411 2289 1466 dum
2347 1411 2591 1466 virtutes
2641 1413 2926 1483 quasdam
2975 1431 3076 1485 per
3124 1414 3455 1487 hypocrisin
3508 1416 3777 1482 assumit,
3815 1421 3875 1470 et

2153 1498 2373 1555 occulte
2421 1501 2800 1572 semetipsum
2832 1502 2986 1558 vitiis
3016 1504 3278 1575 subjicit,
3322 1506 3586 1577 quaedam
3618 1504 3871 1560 latentia

328 1598 647 1654 nuntiatur.
679 1597 842 1650 Tunc
873 1609 1008 1664 ergo
1061 1591 1292 1661 Eliphaz
1325 1590 1516 1644 verius
1548 1587 1783 1651 diceret,
1819 1584 1868 1639 si
1920 1586 2042 1638 haec
2075 1650 2119 1664 _
2151 1587 2290 1643 vitia
2319 1593 2552 1659 repente
2583 1589 2640 1642 in
2677 1590 2876 1646 faciem
2925 1601 3264 1664 erumpunt,
3296 1603 3350 1648 et
3385 1592 3752 1664 superductae
3785 1592 3871 1648 si-

332 1689 401 1741 de
434 1687 647 1756 iniquis
695 1683 1037 1754 generaliter
1069 1682 1192 1736 fieri
1223 1684 1482 1735 extrema
1539 1674 2044 1732 animadversione
2075 1650 2122 1716 B
2154 1676 2508 1745 mulationis,
2544 1680 2712 1751 quasi
2743 1680 2987 1737 visionis
3010 1650 3345 1752 cor.ium,'ex
3374 1650 3730 1740 admistione
3763 1698 3871 1739 sua

332 1778 706 1834 credidisset.

407 1868 495 1924 37.
533 1867 691 1922 Flore
742 1867 883 1920 Deus
920 1872 1044 1935 apte
1093 1861 1317 1924 dieitur,
1349 1876 1474 1914 cum
1529 1857 1828 1913 vindictam
1879 1857 2046 1910 retri-

338 1959 474 2014 buit.
532 1959 677 2013 Tunc
734 1956 830 2027 qui
861 1955 918 2010 in
950 1969 1007 2010 se
1041 1953 1405 2024 tranquillus,
1434 1950 1796 2022 pereuntibus
1830 1948 2046 2003 videtur

339 2048 710 2104 turbulentus.
744 2077 809 2087 —
831 2045 940 2100 Sed
964 2044 1071 2100 hoc
1095 2043 1248 2114 quod
1272 2042 1409 2097 ﬂare
1436 2040 1590 2095 Deus
1617 2039 1851 2105 dicitur,
1878 2039 2047 2106 urget

339 2143 406 2194 ut
451 2138 720 2195 subtilius
770 2137 1159 2191 discernatur.
1218 2132 1334 2188 Nos
1383 2131 1595 2201 quippe
1627 2145 1760 2184 cum
1804 2128 2042 2194 ﬂemus,

341 2244 531 2284 aerem
550 2227 620 2283 ab
643 2225 1022 2283 exterioribus
1046 2220 1654 2285 introrsustrahimus,
1679 2223 1736 2273 et
1756 2219 2049 2272 introrsus

341 2323 590 2374 tractum
623 2317 778 2371 hunc
807 2313 1060 2370 exterius
1091 2311 1410 2367 reddimus.
1443 2310 1606 2364 Flare
1636 2323 1771 2379 ergo
1808 2306 1957 2362 Deus
1990 2304 2049 2358 in

339 2407 609 2463 vindicta:
657 2404 1041 2461 retributione
1084 2401 1319 2469 dicitur,
1353 2400 1490 2470 quia
1540 2400 1611 2454 ab
1661 2395 2051 2453 exterioribus

344 2496 540 2554 causis
573 2492 1092 2565 introrsusjudicii
1123 2490 1436 2548 consilium
1469 2487 1741 2558 concipit,
1777 2491 1834 2542 et
1866 2485 1936 2541 ab
1969 2484 2054 2540 in-

344 2591 505 2641 terno
564 2584 811 2641 consilio
861 2587 1160 2638 extrorsus
1212 2578 1561 2636 sententiam
1593 2577 1823 2633 emittit.
1875 2573 2053 2638 Quasi

346 2676 522 2731 ﬂante
548 2679 678 2742 Deo,
713 2675 785 2730 ab
808 2671 1192 2729 exterioribus
1221 2669 1441 2740 aliquid
1467 2668 1757 2724 introrsus
1779 2664 2052 2730 trahitur,

354 2767 592 2837 quando
627 2766 780 2820 foras
813 2764 968 2819 mala
1003 2766 1200 2818 nostra
1219 2758 1600 2830 conspicit,et
1629 2754 2057 2826 intus(b)judi-

349 2857 499 2911 cium
534 2854 810 2926 disponit.
845 2854 914 2908 Et
949 2867 1205 2917 rursum,
1232 2848 1398 2920 quasi
1431 2848 1607 2904 flante
1639 2847 1775 2915 Deo,
1809 2845 1880 2900 ab
1913 2844 2059 2899 inte-

349 2945 600 2999 rioribus
658 2943 899 3014 spiritus
959 2947 1254 2998 extrorsus
1323 2937 1632 3002 emittitur,
1693 2935 1922 3006 quando
1982 2933 2053 2988 ab

2151 1769 2308 1824 variu
2321 1786 2372 1823 m
2397 1771 2749 1839 ostendunt;
2777 1780 2834 1827 ut
2859 1772 3203 1844 plerumque
3225 1776 3302 1831 sit
3317 1775 3526 1831 mirum
3540 1791 3647 1831 cur
3663 1774 3870 1840 homo,

2154 1857 2250 1928 qui
2285 1860 2461 1914 tantis
2509 1859 2825 1916 virtutibus
2858 1862 3075 1934 pollere
3107 1865 3386 1936 cernitur,
3407 1865 3579 1921 etiam
3611 1869 3734 1920 tam
3768 1880 3860 1919 re-

2155 1947 2350 2017 probis
2391 1948 2616 2004 actibus
2657 1949 3017 2021 inquinetur.
3051 1953 3162 2008 Sed
3209 1955 3487 2010 nimirum
3529 1954 3724 2010 omnis
3765 1953 3870 2024 hy-

2157 2037 2379 2108 pocrita
2408 2037 2576 2109 tigris
2605 2044 2713 2108 est,
2743 2041 2883 2112 quia
2914 2042 3050 2096 dum
3099 2043 3358 2099 mundus
3389 2042 3548 2099 color
3576 2044 3643 2099 de
3676 2042 3868 2098 simu-

2158 2125 2371 2182 latione
2429 2128 2680 2198 ducitur,
2741 2130 3014 2186 vitiorum
3048 2131 3351 2203 nigredine
3397 2133 3872 2203 interrumpente

2157 2216 2434 2271 variatur.
2475 2217 2632 2290 Sapo
2662 2220 2817 2274 enim
2850 2221 2987 2276 dum
3020 2223 3091 2277 de
3136 2223 3420 2279 castitatis
3452 2222 3742 2278 munditia
3772 2237 3869 2277 ex-

2160 2305 2407 2373 tollitur,
2440 2308 2610 2363 sorde
2659 2310 2910 2366 avaritiaa
2952 2311 3219 2367 foedatur.
3253 2313 3420 2384 Saepe
3463 2313 3604 2367 dum
3655 2311 3872 2366 virtute

2161 2395 2447 2466 largitatis
2496 2399 2793 2469 speciosus
2840 2403 3185 2470 ostenditur,
3218 2402 3459 2458 luxuria:
3501 2401 3752 2460 maculis
3794 2401 3877 2456 in-

2165 2484 2458 2554 quinatur.
2489 2487 2651 2560 Saepe
2673 2489 2811 2544 dum
2843 2490 3130 2546 castitatis
3153 2495 3322 2562 atque
3350 2491 3642 2564 largitatis
3665 2492 3874 2547 decore

2165 2575 2428 2646 vestitur,
2462 2577 2620 2632 velut
2641 2594 2708 2633 ex
2737 2579 2859 2634 zelo
2883 2581 3148 2650 justitiaz,
3179 2581 3537 2637 crudelitatis
3570 2581 3876 2637 atrocitate

2167 2662 2446 2719 fuscatur.
2507 2665 2668 2737 Saepe
2719 2668 3003 2740 largitate,
3052 2670 3334 2736 castitate,
3396 2669 3599 2740 pietate
3653 2685 3723 2724 ex
3756 2667 3880 2740 pul-

2168 2753 2306 2809 chra
2327 2754 2549 2811 visione
2572 2756 2853 2824 induitur,
2871 2759 2969 2814 sed
2994 2759 3282 2816 interfusa
3302 2760 3656 2815 obscuritate
3681 2774 3887 2830 super-

2167 2844 2273 2899 bire
2331 2848 2583 2900 notatur.
2643 2846 2846 2918 Sicque
2903 2847 2962 2903 fit
3021 2853 3086 2904 ut
3140 2848 3480 2905 intermistis
3528 2848 3689 2906 vitiis
3735 2849 3879 2903 dum

2170 2935 2444 2990 mundam
2470 2934 2526 2989 in
2551 2951 2613 2991 se
2648 2937 2899 3007 speciem
2925 2938 3224 3010 hypocrita
3248 2955 3364 2994 non
3404 2938 3678 3002 ostendit,
3705 2937 3882 3009 quasi

346 3031 578 3088 interno
596 3033 658 3102 (ε)
674 3035 955 3101 conceptu
977 3025 1799 3095 consilii,exteriusjudicium
1820 3024 2058 3078 damna-
2095 3001 2138 3068 (ἶ
2169 3041 2352 3080 unum
2385 3024 2634 3081 colorem
2666 3001 2833 3098 tigris
2849 3001 3062 3084 habere
3093 3045 3467 3100 nequaquam
3501 3001 3879 3100 possit-Quae

351 3123 527 3176 tionis
559 3121 827 3175 infertur.
864 3120 1014 3174 Bene
1045 3121 1237 3188 itaque
1272 3116 1488 3170 dicitur
1509 3115 1663 3186 quod
1697 3113 1796 3184 qui
1829 3112 2057 3168 dolores

350 3210 667 3276 seminant,
721 3208 894 3263 ﬂante
944 3207 1060 3261 Deo
1107 3208 1378 3277 pereunt;
1410 3203 1547 3274 quia
1578 3201 1727 3256 unde
1757 3201 1894 3256 foris
1930 3216 2058 3270 per-

350 3315 514 3354 versa
568 3299 808 3363 faciunt,
869 3297 1004 3351 inde
1035 3297 1106 3350 ah
1163 3293 1383 3348 intimis
1432 3296 1583 3347 recte
1624 3291 1926 3346 feriuntur.
1961 3289 2061 3344 Vel

356 3393 508 3443 certe
540 3403 668 3442 cum
720 3386 861 3440 ﬂare
893 3385 1046 3440 Deus
1079 3383 1311 3448 dicitur,
1341 3381 1478 3453 quia
1503 3385 1559 3436 et
1594 3381 1787 3435 statim
1813 3380 1910 3433 iraa
1940 3380 2063 3448 ejus

352 3477 599 3545 spiritus
632 3475 1010 3542 subinfertur,
1043 3472 1428 3545 appellatione
1480 3472 1653 3526 ﬂatus
1682 3469 1843 3524 illius
1877 3472 2066 3540 potest

355 3567 484 3637 ipsa
513 3565 640 3635 ejus
689 3563 1115 3620 animadversio
1167 3560 1476 3631 designari.
1511 3560 1628 3615 Nos
1661 3559 1874 3629 quippe
1933 3572 2063 3612 cum

354 3656 841 3724 irascimur,ﬂatu
875 3654 1084 3710 furoris
1105 3653 1187 3725 (ἀ)
1209 3652 1669 3708 inﬂammamur.
1689 3649 1760 3704 Ut
1785 3664 1921 3721 ergo
1946 3648 2069 3705 vin-

358 3745 579 3801 dictam
632 3744 899 3816 cogitans
953 3743 1230 3798 Dominus
1280 3743 1741 3805 demonstretur,
1775 3740 1915 3796 ﬂare
1958 3737 2066 3795 ira-

359 3835 574 3890 scendo
604 3835 820 3890 dicitur
850 3852 863 3899 ;
889 3851 1001 3890 non
1041 3849 1154 3904 quo
1187 3833 1309 3904 ipse
1349 3833 1408 3887 in
1441 3835 1650 3887 natura
1681 3847 1786 3886 sua
1816 3829 2066 3884 mutabi-

357 3924 542 3980 litatis
580 3925 1033 3980 vicissitudinem
1083 3923 1344 3992 recipiat,
1379 3922 1478 3978 sed
1510 3937 1625 3993 quo
1671 3923 1800 3991 post
1833 3919 2067 3991 longam

362 4014 727 4086 patientiam,
751 4014 984 4084 quando
1016 4012 1330 4067 vindictam
1357 4011 1680 4081 peccatoris
1705 4009 2066 4078 exsequitur,

364 4105 415 4160 is
443 4104 543 4175 qui
574 4105 632 4159 in
664 4103 979 4175 semetipso
1013 4099 1367 4171 tranquillus
1398 4105 1506 4167 est,
1534 4098 1915 4169 pereuntibus
1940 4102 2074 4152 tur-

364 4192 574 4248 bulens
623 4193 870 4248 videtur.
929 4191 1091 4248 Meus
1123 4189 1336 4262 quippe
1396 4189 1660 4260 reproba,
1697 4187 1832 4257 quia
1872 4187 2072 4243 adver-

368 4299 496 4337 sum
533 4283 650 4338 suis
673 4282 899 4338 actibus
921 4282 1182 4352 judicem
1213 4279 1514 4351 conspicit,
1548 4279 1714 4350 quasi
1746 4285 2072 4334 commotus

2164 3113 2429 3169 videlicet
2460 3114 2627 3186 tigris
2650 3116 2799 3186 rapit
2822 3117 3101 3188 praadam,
3134 3119 3272 3189 quia
3294 3118 3538 3174 humani
3573 3118 3685 3173 sibi
3718 3118 3885 3173 favo-

2169 3202 2246 3257 ris
2277 3210 2517 3273 usurpat
2543 3204 2813 3273 gloriam.
2853 3205 2960 3271 Qui
2984 3207 3138 3262 enim
3162 3211 3330 3279 rapta
3359 3206 3534 3262 laude
3557 3205 3885 3276 extollitur,

2171 3293 2338 3362 quasi
2368 3294 2563 3364 praeda
2593 3294 2855 3350 satiatur.
2887 3297 3242 3353 Beneautem
3275 3296 3715 3368 hypocritarum
3748 3295 3883 3352 laus

2173 3383 2366 3454 prada
2387 3385 2614 3440 dicitur.
2641 3385 2838 3442 Praeda
2862 3387 3076 3459 quippe
3098 3392 3207 3454 est,
3231 3403 3363 3444 cum
3390 3386 3584 3442 aliena
3598 3385 3886 3443 violenter

2173 3473 2538 3529 auferuntur.
2573 3475 2776 3530 Omnis
2808 3481 3000 3532 autem
3033 3476 3355 3549 hypocrita,
3388 3477 3526 3548 quia
3556 3478 3732 3533 vitam
3755 3477 3883 3548 jus-

2175 3565 2312 3620 tities
2344 3565 2955 3636 simulans,justorum
2980 3567 3089 3624 sibi
3115 3568 3344 3623 laudem
3371 3568 3598 3639 arripit,
3625 3566 3882 3623 alienum

2177 3653 2430 3723 profecto
2454 3658 2542 3709 est
2572 3656 2724 3725 quod
2761 3654 2932 3713 tollit.
2963 3655 3201 3728 Eliphaz
3230 3658 3444 3727 itaque,
3470 3657 3609 3727 quia
3638 3656 3884 3711 beatum

2173 3741 2282 3798 Job
2315 3742 2745 3800 incolumitatis
2776 3761 2891 3802 sum
2921 3750 3183 3818 tempore
3210 3745 3508 3802 laudanda
3537 3746 3728 3816 egisse
3749 3761 3886 3818 cog-

2177 3832 2355 3901 novit,
2403 3834 2782 3905 percussione
2823 3836 3239 3907 subsequente,
3273 3836 3388 3892 hssc
3418 3835 3589 3891 illum
3619 3835 3887 3892 tenuisse

2178 3941 2277 3996 per
2309 3924 2636 3996 hypocrisin
2669 3926 2938 3994 credidit,
2961 3927 3198 3984 dicens:
3225 3927 3405 3999 Tigris
3435 3928 3618 3999 periit,
3640 3943 3704 3980 eo
3733 3926 3887 3995 quod

2181 4029 2287 4069 non
2334 4013 2554 4070 haberet
2607 4017 2870 4087 praedam.
2903 4019 2981 4072 Ac
3029 4017 3079 4073 si
3136 4020 3334 4089 aperte
3392 4016 3587 4072 dicat:
3621 4012 3886 4071 Varietas

2178 4109 2287 4161 ture
2318 4103 2713 4163 simulationis
2743 4108 3028 4164 exstincta
3057 4112 3163 4174 est,
3198 4107 3333 4179 quia
3362 4111 3420 4164 et
3468 4103 3713 4162 adulatio
3745 4103 3888 4160 lau-

2180 4194 2269 4249 dis
2330 4193 2520 4249 ablata
2579 4205 2663 4251 est
2698 4215 2711 4266 ;
2746 4201 2802 4253 et
2825 4198 2950 4268 jam
3002 4202 3101 4254 tua
3130 4196 3453 4270 hypocrisis
3486 4196 3735 4268 praedam
3763 4211 3890 4251 non

2180 4281 2374 4351 habet,
2405 4284 2539 4354 quia
2596 4301 2874 4356 percussa
2906 4286 3211 4358 divinitus,
3268 4285 3543 4342 humanis
3593 4284 3892 4341 favoribus

369 4370 418 4424 ei
452 4371 798 4439 ostenditur,
823 4370 961 4440 quia
992 4370 1051 4424 in
1084 4374 1399 4440 conspectu
1429 4367 1588 4423 illius
1612 4384 1718 4423 suo
1752 4371 1912 4424 reatu
1947 4367 2076 4438 ipsa
2107 4371 2150 4434 ι)
2181 4381 2355 4428 caret.

366 4459 657 4513 turbatur.
691 4460 796 4512 Sed
851 4464 1158 4528 postquam
1192 4459 1355 4530 quasi
1405 4458 1721 4514 clementer
1751 4456 2070 4525 admonuit,

369 4553 564 4618 aperte
597 4547 1014 4619 increpationis
1043 4549 1219 4603 verba
1242 4549 1564 4620 subjungit,
1599 4547 1798 4603 dicens
1834 4564 1846 4602 :

1012 4636 1244 4692 CAPUT
1277 4637 1422 4693 XIX.

442 4727 616 4781 Vsas.
654 4727 738 4781 10.
771 4755 840 4764 —
873 4725 1098 4795 Rugitus
1130 4725 1321 4793 leonis,
1351 4742 1420 4782 ea:
1453 4742 1556 4782 vos:
1578 4726 1786 4794 leaenae,
1821 4731 1872 4781 et
1895 4724 2078 4781 dentes

369 4818 676 4875 catulorum
700 4816 921 4872 leonum
951 4817 1171 4871 contriti
1199 4821 1349 4870 sunt.

443 4910 532 4965 38.
564 4911 714 4964 Dura
746 4909 803 4963 in
833 4907 927 4964 Job
987 4905 1222 4974 Eliphaz
1252 4905 1435 4961 verba.
1467 4935 1534 4946 -—
1567 4906 1710 4971 Quid
1768 4907 1926 4962 enim
1985 4922 2076 4961 ru-

374 4999 561 5070 gitum
612 4997 795 5053 leonis
825 4994 1098 5067 appellat,
1160 4994 1307 5061 nisi,
1331 4997 1393 5048 ut
1420 4993 1593 5065 paulo
1625 4998 1759 5049 ante
1791 4993 2077 5064 premisi-

375 5104 523 5153 mus,
558 5088 922 5144 severitatem
947 5085 1089 5142 viri?
1112 5087 1243 5157 quid
1278 5099 1475 5141 vocem
1507 5083 1719 5152 leaenae,
1751 5084 1858 5140 nisi
1881 5087 2082 5155 loqua-

375 5177 603 5233 citatem
657 5178 924 5249 conjugis
955 5177 981 5232 ?
1012 5177 1152 5249 quid
1183 5177 1385 5233 dentes
1431 5176 1760 5231 catulorum
1818 5173 2077 5242 leonum,

378 5264 493 5319 nisi
543 5265 886 5322 edacitatem
935 5265 1163 5338 prolis?
1193 5265 1338 5330 Quia
1368 5264 1523 5322 enim
1573 5263 1676 5320 filii
1708 5263 2080 5320 convivantes

454 5468 532 5538 (a)
563 5465 798 5521 Coccius
825 5482 890 5521 ac
904 5465 1176 5538 deinceps
1194 5467 1366 5534 Editi,
1386 5466 1688 5524 dilationis.
1721 5466 1960 5523 Rectius
1984 5465 2084 5523 alii

383 5554 522 5610 cum,
575 5539 734 5604 Mss,
783 5540 1050 5610 sententia
1100 5539 1406 5605 deletionis,
1439 5556 1556 5610 qua
1607 5539 1823 5595 scilicet
1855 5539 2084 5596 dicebat

380 5609 616 5682 Eliphaz
648 5623 851 5682 omnes
882 5608 1113 5682 iniquos
1141 5610 1319 5682 ﬂante
1353 5608 1474 5665 Ded
1497 5611 1756 5682 periisse.

482 5678 536 5751 ὖ)
568 5678 822 5750 Remig.,
851 5678 1035 5749 antiq.
1066 5679 1128 5734 in
1145 5681 1353 5750 judicio
1389 5678 1655 5752 disponit.

2253 4464 2340 4518 40.
2389 4464 2779 4536 Myrmicoleon
2829 4482 2917 4524 eos
2975 4467 3272 4524 adumbrat
3322 4467 3414 4540 qui
3451 4467 3634 4523 timidi
3678 4469 3737 4521 in
3783 4470 3893 4536 [or-

2185 4552 2370 4620 tiores,
2403 4555 2632 4611 audaces
2655 4557 2712 4611 in
2752 4572 2944 4628 parvos
2974 4565 3123 4613 sunt.
3159 4587 3224 4598 —
3253 4556 3656 4613 Translatione
3688 4559 3887 4612 autem

2185 4640 2570 4713 Septuaginta
2620 4644 3005 4717 interpretum
3054 4661 3425 4717 nequaquam
3457 4645 3626 4717 tigris
3655 4644 3889 4705 dicitur.

2185 4733 2307 4793 sed,
2368 4733 2776 4803 Myrmicoleon
2817 4737 3007 4808 periit,
3041 4752 3106 4792 eo
3137 4736 3295 4808 quod
3329 4752 3446 4792 non
3475 4736 3713 4792 haberet
3744 4751 3888 4805 pra:-

2187 4823 2341 4877 dam.
2366 4823 2774 4895 Myrmicoleon
2807 4825 3022 4897 quippe
3052 4841 3294 4898 parvum
3325 4825 3491 4883 valde
3517 4830 3602 4881 est
3644 4824 3889 4890 animal,

2187 4913 2446 4969 formicis
2489 4914 2821 4983 adversum,
2854 4916 3010 4987 quod
3040 4931 3101 4971 se
3151 4916 3258 4971 sub
3293 4916 3532 4986 pulvere
3562 4913 3887 4970 abscondit,

2185 5005 2242 5058 et
2273 5003 2545 5059 formicas
2579 5005 2870 5062 frumenta
2890 5010 3183 5077 gestantes
3208 5005 3500 5072 interficit,
3525 5003 3891 5061 interiectas-

2186 5108 2298 5163 que
2329 5094 2643 5149 consumit.
2675 5094 3081 5168 Myrmicoleon
3108 5099 3300 5151 autem
3329 5095 3523 5151 Latine
3543 5094 3780 5161 dicitur,
3806 5094 3896 5150 vel

2187 5183 2563 5239 formicarum
2595 5183 2707 5251 leo,
2737 5185 2825 5241 vel
2856 5189 3008 5241 certe
3037 5184 3367 5256 expressius
3400 5184 3644 5240 formica
3679 5184 3900 5255 parit—er

2188 5276 2245 5328 et
2272 5271 2381 5329 leo.
2418 5273 2590 5331 Recte
2641 5278 2834 5331 autem
2870 5274 3112 5331 formica
3142 5277 3196 5330 et
3238 5273 3328 5330 leo
3368 5273 3728 5342 nominatur,
3763 5273 3899 5345 quia

2283 5464 2332 5538 e)
2363 5463 2759 5538 Bhem._antiq
2792 5465 2904 5538 ,ab
2936 5465 3153 5521 interno
3183 5470 3434 5538 concepto
3463 5465 3720 5538 consilio.

2285 5535 2342 5606 d)
2377 5536 2523 5610 Mss.
2547 5535 2770 5602 Norm.,
2806 5537 3088 5606 inﬂamur.
3119 5538 3180 5592 In
3214 5535 3357 5594 Uticl
3395 5554 3495 5595 seu
3517 5537 3574 5596 S.
3611 5536 3904 5610 Ebrulphi

2191 5610 2354 5678 prius
2382 5606 2704 5678 legebatur,
2737 5609 3156 5681 inﬂammamur
3187 5611 3334 5682 ipsa.
