4134 6174
379 253 496 312 703

1637 241 1921 308 SANC'I‘I
1965 242 2331 308 GREGORIl
2378 243 2635 309 MAGNI

3763 244 3885 309 704

381 387 572 444 studia
595 385 719 455 jam
753 385 938 440 victus
959 383 1130 454 jacet.
1165 382 1378 438 Idcirco
1409 385 1600 437 autem
1635 381 2078 454 myrmicoleon-
2108 383 2160 450 Α
2192 385 2290 452 qui
2323 383 2392 438 ad
2427 382 2857 453 percipiendam
2891 379 3121 436 virtutis
3155 383 3282 450 ejus
3324 381 3610 448 notitiam,
3659 379 3888 436 deserto

382 479 456 533 tis
487 475 871 547 appellatione
893 476 975 529 vel
1006 473 1233 544 tigridis
1263 472 1648 544 repetitur,(a)
1673 471 1909 543 quijam
1935 489 2070 527 con-

381 569 517 622 trito
549 565 735 621 leonis
766 565 957 635 rugitu
992 564 1173 618 fuerat
1212 563 1570 632 designatus,
1605 562 1738 631 quia
1787 561 2069 632 quidquid

380 675 480 730 per
509 656 782 726 gaudium
817 655 1048 723 dicitur,
1091 669 1242 723 saepe
1289 652 1618 722 replicatur.
1654 653 1832 708 Voces
1857 652 2070 723 quippe

373 747 672 819 ingemina
703 745 934 798 animus
966 759 1096 797 cum
1131 743 1394 797 exsultat.
1429 741 1589 796 Unde
1619 747 1674 796 ct
1705 743 1887 796 veraci
1919 741 2072 796 laeti-

375 840 452 894 tia
485 836 786 891 Psalmista
815 833 1016 889 crebro
1049 833 1257 903 repetit
1288 832 1415 896 hoc,
1453 831 1609 901 quod
1643 848 1700 886 se
1732 831 2067 888 exauditum

372 943 495 983 esse
525 923 813 995 cognovit,
851 922 1084 976 dicens:
1119 919 1417 975 Exaudivit
1461 919 1722 974 Dominus
1769 935 1945 974 vocem
1976 922 2067 988 fle-

372 1022 456 1072 tus
521 1015 673 1076 mei;
729 1012 1014 1067 exaudivit
1084 1012 1339 1066 Dominus
1394 1010 1828 1080 deprecationem
1867 1026 2066 1079 meam,

366 1103 630 1159 Dominus
671 1102 972 1156 orationem
1002 1116 1178 1155 meam
1223 1099 1517 1170 assumpsit
1561 1098 1730 1167 (Psal.
1764 1116 1838 1167 vr,
1870 1099 1921 1164 9,
1955 1098 2065 1169 10).

437 1194 571 1262 [νει.
597 1191 819 1262 XVIII.]
853 1191 939 1245 44.
975 1190 1160 1245 Sancti
1190 1189 1252 1245 de
1274 1191 1490 1244 domitis
1519 1189 1667 1244 vitiis
1706 1205 1828 1243 cum
1876 1191 2070 1245 timore

365 1284 626 1354 gaudent.
659 1284 973 1354 Hypocritze
1001 1281 1084 1336 vel
1112 1296 1220 1335 uno
1258 1289 1508 1350 superato
1549 1294 1602 1334 se
1649 1283 1916 1350 perfectos
1960 1295 2070 1349 pu-

365 1380 504 1429 tant.
537 1406 604 1413 —
629 1372 739 1427 Sed
767 1370 953 1426 sancti
985 1369 1089 1424 viri
1146 1386 1277 1424 cum
1313 1371 1380 1424 de
1412 1369 1755 1439 quibusdam
1805 1385 1866 1424 se
1917 1367 2069 1423 vitiis

362 1469 586 1535 ereptos
620 1463 996 1527 hilarescunt,
1040 1477 1249 1530 magno
1299 1475 1360 1514 se
1408 1465 1556 1513 metu
1601 1459 1776 1514 etiam
1834 1460 1890 1514 in
1943 1458 2070 1528 ipsa

365 1553 749 1609 exsultatione
781 1551 1160 1617 concutiunt;
1196 1549 1335 1620 quia
1365 1550 1470 1604 etsi
1495 1550 1620 1619 jam
1663 1550 1733 1603 de
1757 1547 2072 1619 cujuslibet

367 1643 615 1714 procella
643 1641 1010 1710 tempestatis
1042 1639 1220 1709 erepti
1246 1643 1406 1704 sunt,
1426 1655 1548 1693 esse
1573 1655 1634 1693 se
1667 1645 1856 1694 tamen
1880 1636 2071 1692 adhuc

368 1731 425 1784 in
460 1729 662 1784 incerti
711 1729 888 1782 maris
921 1727 1115 1781 dubiis
1166 1726 1432 1780 fluctibus
1465 1728 1688 1781 sciunt:
1732 1731 1789 1780 et
1839 1725 1922 1779 sie
1971 1739 2072 1794 spe

367 1817 680 1881 exsultant,
717 1825 771 1870 ut
798 1829 1004 1887 pavore
1035 1813 1360 1884 trepident;
1395 1813 1475 1868 sic
1508 1829 1714 1884 pavore
1748 1812 2064 1883 trepidant,

371 1912 435 1963 ut
475 1908 592 1978 spei
626 1907 837 1961 ﬁducia
867 1905 1174 1960 exsultent.
1201 1905 1361 1959 Unde
1392 1920 1492 1976 per
1522 1905 1786 1959 eumdem
1832 1903 2072 1959 Psalmi-

371 2002 522 2052 stam
555 1998 799 2051 dicitur:
836 1996 1040 2050 Servite
1075 1996 1307 2048 Domino
1361 1994 1419 2048 in
1453 1997 1665 2054 timore,
1701 2003 1752 2048 et
1799 1993 2073 2048 cxsultate

369 2087 422 2142 ei
451 2103 572 2141 cum
604 2089 838 2141 tremore
865 2085 1037 2154 (Psal.
1073 2101 1134 2151 η,
1159 2085 1264 2154 11).
1300 2086 1368 2139 At
1389 2093 1611 2142 contra,
1646 2083 1744 2154 qui
1780 2083 1848 2138 de
1881 2083 2072 2152 specie

368 2175 693 2230 sanctitatis
725 2173 1134 2239 intumescunt,
1168 2187 1298 2226 cum
1334 2188 1516 2226 unum
1542 2171 1844 2242 quodlibet
1864 2171 2072 2225 vitium

368 2265 662 2334 superant,
699 2277 831 2315 mox
888 2265 1138 2316 mentem
1197 2259 1255 2314 in
1308 2261 1645 2331 superbiam
1705 2260 1958 2330 erigunt,
2020 2263 2077 2314 et

371 2352 541 2424 quasi
575 2353 642 2406 de
672 2349 800 2405 vitae
832 2366 947 2404 suae
981 2349 1331 2420 perfectione
1376 2349 1739 2420 gloriantur;
1772 2353 1827 2403 st
1880 2365 1979 2419 pro
2011 2363 2076 2403 eo

374 2444 526 2515 quod
561 2443 803 2497 fortasse
857 2441 1030 2496 semel
1081 2459 1111 2494 a
1161 2440 1416 2512 periculo
1475 2439 1841 2511 tempestatis
1897 2438 2077 2510 erepti

374 2541 529 2600 sunt,
555 2533 681 2602 jam
715 2531 850 2602 quia
881 2531 937 2585 in
973 2531 1116 2586 mari
1155 2530 1445 2602 navigent,
1470 2529 1924 2596 obliviscuntur;
1961 2545 2079 2583 ma-

377 2639 522 2695 gnos
545 2639 607 2678 se
635 2623 696 2677 in
728 2623 999 2677 omnibus
1032 2621 1325 2676 aestimant
1356 2626 1412 2676 et
1444 2621 1648 2677 vicisse
1677 2637 1734 2676 se
1767 2621 2076 2692 antiquum

375 2713 772 2768 adversarium
810 2711 1070 2766 funditus
1095 2716 1328 2783 putant;
1355 2711 1503 2766 infra
1536 2727 1597 2766 se
1630 2714 1869 2766 cunctos
1903 2708 2082 2779 respi-

376 2803 557 2869 ciunt,
592 2803 723 2873 quia
778 2817 839 2857 se
871 2818 970 2871 per
1019 2801 1364 2872 sapientiam
1417 2799 1827 2855 transcendere
1879 2813 2082 2853 omnes

379 2894 754 2949 arbitrantur.
795 2891 954 2946 Unde
988 2891 1296 2946 subditur:

812 2981 1041 3037 CAPUT
1072 2981 1236 3036 XXIII
1269 2983 1410 3051 [Rea
1443 2982 1650 3048 XVIII].

2184 473 2426 542 publica:
2451 470 2878 543 praedicationis
2901 472 3267 544 ostio,pravaa
3294 470 3692 542 intelligentia
3717 472 3894 526 rimas

2183 563 2410 632 quaerit.
2446 564 2588 628 Quia
2621 578 2749 618 vero
2783 561 2874 616 fur
2906 566 2958 617 et
2991 562 3162 633 latro,
3196 564 3292 635 qui
3327 564 3506 618 intrat
3539 562 3803 627 aliunde,
3838 567 3893 616 et

2181 654 2452 707 tenebras
2485 652 2693 723 diligit,
2727 657 2784 706 et
2825 650 3146 708 claritatem
3182 652 3425 709 luminis
3477 651 3888 725 perhorrescit,

2182 745 2333 796 recte
2366 741 2742 812 subjungitur
2767 758 2779 795 :

2642 830 2874 886 CAPUT
2904 831 3075 887 xx1v
3104 833 3234 904 [Vet
3266 831 3425 903 XIX].

2249 921 2422 976 Vsus.
2458 922 2543 978 13.
2576 951 2646 962 -
2676 922 2732 975 1η
2766 921 2987 977 horrore
3035 922 3267 977 visionis
3304 927 3616 991 nocturnae,
3672 921 3890 993 quando

2177 1009 2309 1064 solet
2329 1025 2487 1077 sopor
2516 1025 2788 1081 occupare
2816 1014 3077 1066 homines.

2250 1099 2336 1151 46.
2375 1099 2437 1154 Ut
2469 1099 2587 1154 alta
2619 1115 2732 1154 esse
2762 1098 3047 1155 ostendant
3069 1115 3192 1171 quas
3232 1100 3442 1168 docent,
3496 1117 3561 1155 ea
3595 1115 3648 1155 se
3681 1102 3779 1154 vix
3812 1115 3897 1154 ca-

2177 1201 2303 1256 pere
2332 1186 2640 1243 declarant.
2679 1187 2826 1243 Modo
2868 1187 2934 1242 de
2971 1190 3255 1258 sapientia
3289 1187 3684 1259 singularitate
3704 1187 3897 1243 extol-

2181 1277 2389 1330 luntur.
2415 1305 2482 1316 -
2514 1277 2674 1346 Saepe
2707 1276 2957 1331 haeretici
2984 1278 3120 1332 dum
3145 1277 3350 1332 altiora
3370 1277 3558 1333 dicere
3583 1281 3896 1343 conantur,

2180 1367 2292 1432 ipsi
2327 1367 2432 1421 sibi
2466 1370 2644 1422 testes
2699 1371 2836 1422 sunt
2868 1368 3004 1438 quia
3051 1385 3174 1437 quae
3227 1369 3547 1439 proferunt,
3589 1384 3728 1424 vera
3779 1383 3897 1422 non

2182 1461 2338 1513 sunt.
2374 1457 2434 1512 In
2489 1463 2773 1513 nocturna
2821 1457 3036 1530 quippe
3091 1459 3316 1514 visione
3365 1459 3542 1515 dubie
3600 1460 3888 1518 cernitur.

2183 1549 2380 1603 Rimas
2410 1564 2546 1619 ergo
2579 1549 2828 1603 susurrii
2866 1549 2921 1604 in
2977 1565 3184 1619 pavore
3216 1554 3510 1605 nocturna;
3554 1550 3805 1606 visionis
3836 1569 3896 1608 se

2184 1637 2505 1709 percepisse
2533 1642 2821 1705 asserunt,
2850 1639 2988 1708 quia
3020 1643 3083 1694 ut
3113 1655 3180 1695 ea
3211 1656 3334 1710 quae
3379 1641 3590 1696 docent
3618 1639 3736 1696 alto
3767 1639 3895 1694 alii3

2185 1728 2515 1792 ostendant,
2549 1729 2642 1782 vix
2697 1745 2760 1783 ea
2798 1745 2858 1783 se
2909 1743 3111 1798 capere
3161 1745 3329 1800 posse
3382 1729 3750 1785 denuntiant.
3789 1729 3894 1785 Sed

2183 1821 2319 1875 hinc
2350 1821 2739 1890 colligendum
2774 1823 2860 1875 est
2893 1822 3182 1891 quomodo
3207 1821 3583 1876 audientibus
3616 1827 3777 1876 certa
3801 1838 3897 1876 es-

2183 1925 2244 1964 se
2280 1913 2575 1980 poterunt,
2608 1925 2734 1980 quae
2768 1909 2882 1980 ipsi
2918 1910 3093 1964 dubie
3122 1910 3410 1966 viderunt.
3456 1909 3602 1965 Miro
3632 1926 3771 1981 ergo
3801 1927 3901 1967 or-

2184 1999 2319 2053 dine
2351 2015 2482 2053 cum
2517 1999 2636 2054 alta
2665 1999 2970 2069 loquentes
3026 2001 3346 2070 profluunt,
3391 2000 3449 2054 in
3505 2001 3902 2071 patefactione

2185 2089 2464 2159 stultitia,
2490 2089 2635 2159 ipsis
2667 2105 2785 2144 sua
2810 2089 3134 2144 altitudinis
3159 2089 3394 2144 vocibus
3416 2087 3907 2157 ligantur.0uan-

2184 2183 2310 2234 tum
2343 2195 2472 2234 vero
2503 2179 2571 2234 de
2603 2178 3008 2250 singularitate
3029 2177 3328 2250 sapientiae
3361 2177 3678 2246 elevantur,
3699 2185 3909 2234 osten-

2187 2268 2346 2323 ditur
2377 2284 2508 2323 cum
2543 2268 2813 2338 protinus
2854 2267 3090 2324 subdit:
3126 2266 3355 2335 Quando
3383 2269 3514 2323 solet
3550 2283 3709 2336 sapor
3739 2283 3904 2323 occu-

2186 2372 2319 2427 pare
2347 2355 2609 2412 homines.
2648 2358 2725 2411 Ac
2774 2356 2821 2410 si
2873 2360 3067 2427 aperte
3117 2357 3187 2411 ab
3240 2355 3524 2412 hareticis
3575 2355 3901 2412 diceretur:

2188 2446 2332 2502 Cum
2366 2445 2632 2499 homines
2671 2444 2916 2499 inferius
2965 2445 3291 2514 dormiunt,
3325 2462 3431 2502 nos
3464 2445 3532 2500 ad
3579 2445 3906 2516 percipien-

2190 2537 2263 2591 da
2302 2551 2556 2606 superna
2597 2535 2928 2606 vigilamus,
2964 2537 3104 2605 quia
3147 2552 3214 2591 ea
3245 2537 3414 2592 nobis
3460 2540 3598 2592 nota
3629 2541 3792 2602 sunt,
3829 2538 3901 2591 ad

2192 2637 2318 2692 qua:
2350 2620 2614 2674 videlicet
2635 2620 3033 2691 cognoscenda
3065 2623 3402 2676 ceterorum
3437 2620 3750 2675 hominum
3781 2637 3910 2676 cor-

2194 2713 2266 2767 da
2308 2709 2594 2782 torpentia
2626 2726 2742 2764 non
2775 2715 3113 2781 assurgunt.
3157 2711 3234 2765 Ac
3275 2711 3323 2766 si
3365 2709 3623 2782 apertius
3660 2710 3908 2765 dicant:

2195 2802 2257 2855 In
2293 2801 2508 2872 quibus
2539 2800 2924 2871 intelligentia
2957 2805 3150 2856 nostra
3197 2817 3259 2857 se
3308 2800 3493 2872 erigit,
3544 2801 3912 2873 reliquorum

2197 2889 2506 2944 hominum
2539 2904 2751 2945 sensus
2782 2889 3014 2944 dormit.
3035 2891 3462 2959 Nonnunquam
3487 2905 3620 2944 vero
3644 2905 3780 2945 cum
3809 2889 3921 2944 hoc

2206 2980 2425 3052 despici
2447 2980 2519 3035 ab
2543 2980 2808 3036 auditore
2830 2979 2908 3051 (ά)
2932 2980 3320 3049 conspiciunt,
3354 2979 3694 3052 semetipsos
3725 2981 3927 3035 simu—

465 3073 640 3127 Vsss.
676 3073 762 3127 12.
796 3103 863 3111 -
894 3073 1063 3127 Porro
1094 3072 1163 3126 ad
1193 3087 1280 3126 me
1325 3071 1534 3128 dictum
1574 3077 1648 3127 est
1697 3073 1919 3127 verbum
1967 3070 2093 3126 abs-
2127 3063 2169 3130 Ο
2209 3069 2332 3126 lant
2362 3071 2566 3126 timere
2597 3071 2752 3141 quod
2785 3071 3002 3126 dicunt.
3028 3070 3191 3126 Unde
3222 3070 3494 3125 subditur
3523 3088 3536 3126 :

383 3163 682 3218 conditum.

457 3254 546 3307 45.
608 3254 860 3308 Ilwretici
923 3267 1117 3307 novam
1181 3255 1231 3307 et
1280 3251 1548 3307 occultam
1607 3252 1916 3306 doctrinam
1963 3251 2096 3321 affe-

387 3346 792 3409 ctant,cur.—~
847 3342 1102 3396 Verbum
1152 3341 1562 3396 absconditum
1613 3339 1869 3396 haeretici
1930 3339 2096 3394 audi-

391 3447 451 3486 re
498 3446 558 3486 se
605 3430 904 3496 simulant,
958 3435 1022 3485 ut
1069 3431 1402 3484 auditorum
1441 3430 1734 3485 mentibus
1781 3429 2094 3500 quamdam

395 3520 822 3592 praedicationis
870 3536 988 3574 sua
1031 3519 1411 3574 reverentiam
1461 3519 1774 3574 obducant.
1827 3517 1991 3573 Unde
2040 3520 2098 3571 et

390 3609 634 3665 latenter
665 3609 1000 3680 praedicant,
1035 3613 1326 3680 quatenus
1353 3623 1552 3665 eorum
1578 3607 1911 3680 pradicatio
1937 3610 2098 3663 tanto

398 3706 622 3768 sancta,
655 3704 873 3771 quanto
905 3704 960 3755 et
990 3698 1213 3754 occulta
1252 3699 1538 3754 videatur.
1574 3700 1959 3755 Communem
2003 3715 2103 3753 au-

397 3794 516 3846 tem
550 3790 850 3845 scientiam
885 3789 1092 3845 habere
1125 3789 1439 3860 refugiunt,
1481 3805 1552 3845 ne
1599 3790 1822 3845 ceteris
1853 3787 2102 3860 aequales

401 3881 766 3938 estimentur
787 3901 804 3947 ,-
829 3880 904 3950 (ὁ)
938 3883 994 3935 et
1025 3881 1287 3951 quaedam
1325 3896 1470 3936 nova
1500 3897 1729 3952 semper
1759 3881 2100 3952 exquirunt,

401 3987 526 4042 quae
560 3971 696 4025 dum
728 3969 824 4025 alii
855 3969 1309 4040 nesciunt,apud
1331 3969 1734 4040 imperitorum
1761 3970 1910 4027 159
1939 3985 2106 4025 men-

399 4071 483 4117 tes
513 4062 623 4132 ipsi
654 4062 724 4117 de
751 4061 1002 4116 scientiae
1048 4060 1455 4132 singularitate
1505 4061 1848 4132 gloriantur.
1899 4061 2105 4130 Quam,

401 4156 465 4206 ut
495 4151 1075 4219 diximus,occultam
1108 4151 1429 4218 insinuant,
1446 4153 1584 4222 quia
1601 4151 1980 4222 scilicet(c)ut
1999 4153 2108 4206 mi-

403 4257 522 4296 ram
557 4241 860 4296 ostendere
891 4239 1137 4300 valeant.
1188 4239 1339 4294 hanc
1385 4256 1443 4294 se
1493 4239 1740 4295 latenter
1789 4240 2112 4310 percepisse

404 4331 780 4385 confirmant.
835 4329 997 4385 Unde
1067 4329 1218 4398 apud
1277 4329 1648 4386 Salomonem
1709 4329 2109 4385 haereticorum

2840 3168 3071 3224 CAPUT
3122 3168 3286 3224 XXV.

2276 3249 2453 3304 Vsas.
2490 3251 2669 3304 i4.—
2701 3254 2880 3305 Pavor
2906 3249 3080 3306 tenuit
3133 3265 3215 3305 me
3253 3257 3304 3305 et
3348 3256 3574 3318 tremor,
3621 3258 3673 3306 et
3734 3251 3936 3306 omnia

2207 3357 2335 3396 ossa.
2360 3358 2482 3398 mea
2512 3343 2810 3412 perterrita
2839 3350 2989 3396 sunt.

2277 3432 2364 3484 47.
2419 3430 2565 3486 Modo
2609 3431 2837 3501 pavidos
2883 3447 2942 3486 se
2991 3430 3284 3485 simulant.
3336 3461 3401 3470 —
3450 3430 3600 3495 Quia
3649 3430 3806 3486 enim
3859 3430 3935 3484 de

2207 3520 2484 3576 doctrinae
2514 3537 2631 3575 sua:
2665 3521 2976 3576 altitudine
3007 3519 3137 3575 miri
3187 3519 3362 3576 videri
3413 3525 3723 3591 appetunt,
3758 3517 3930 3590 quasi

2209 3610 2629 3679 pertimescunt
2673 3626 2800 3680 quae
2847 3610 3112 3680 ﬁngunt;
3149 3617 3203 3663 et
3247 3625 3379 3665 cum
3430 3609 3678 3665 minoris
3707 3607 3932 3664 laboris

2211 3701 2288 3756 sit
2320 3699 2521 3756 audire
2552 3716 2726 3771 quam
2776 3701 2986 3767 dicere,
3034 3702 3104 3754 ad
3159 3716 3227 3755 ea
3287 3699 3632 3771 proferenda
3681 3701 3934 3754 audaces

2211 3795 2371 3857 sunt,
2406 3807 2529 3862 quae
2563 3790 2752 3846 silicet
2780 3793 3052 3846 astruunt
3088 3790 3159 3861 (ε)
3182 3788 3316 3861 quia
3341 3790 3454 3861 ipsi
3478 3789 3569 3845 vix
3602 3789 3803 3845 audire
3838 3804 3938 3860 po-

2212 3886 2470 3938 tuerunt.
2505 3881 2668 3938 Unde
2697 3881 2889 3938 adhuc
2919 3881 3230 3936 subditur:

2840 3979 3063 4036 CAPUT
3103 3980 3308 4037 XXVI.

2287 4063 2461 4118 Vsus.
2501 4061 2586 4128 15,
2624 4063 2706 4116 16.
2735 4092 2800 4102 -
2826 4061 2890 4114 Et
2916 4077 3038 4116 cum
3069 4064 3302 4128 spiritus
3331 4077 3419 4116 me
3439 4067 3709 4130 praesente
3748 4063 3946 4113 trans-

2217 4154 2341 4217 iret,
2375 4151 2777 4206 inhorruerunt
2806 4152 2909 4221 pili
2951 4153 3140 4206 carnis
3172 4165 3304 4207 mese
3329 4172 3348 4219 ,-
3382 4152 3530 4206 stetit
3566 4147 3811 4221 quidam,
3848 4164 3949 4203 cu-

2210 4242 2302 4313 jus
2323 4257 2432 4297 non
2459 4241 2817 4308 agnoscebam
2847 4241 3078 4296 vultum.

2289 4333 2376 4387 48.
2409 4331 2554 4387 Modo
2584 4333 2802 4402 ﬁngunt
2832 4335 2890 4386 in
2920 4347 2976 4388 se
3009 4330 3601 4404 incomprohensibilia
3626 4332 3949 4385 novisse.—

405 4418 659 4488 speciem
695 4418 906 4472 mulier
936 4427 1163 4484 tenens,
1196 4419 1373 4474 dicit:
1410 4421 1573 4490 Aquae
1595 4422 1816 4490 furtiva
1837 4419 2112 4475 dulciores
2142 4422 2186 4486 Ι)
2220 4422 2292 4478 Ut
2335 4421 2946 4493 incomprehensibilia
2996 4439 3056 4478 se
3099 4423 3434 4491 cognovisse
3484 4422 3776 4489 indicent,
3830 4433 3947 4474 non

407 4513 561 4572 sunt,
589 4509 641 4559 et
669 4507 832 4576 panis
863 4507 1207 4562 absconditus
1227 4512 1442 4565 suavior
1471 4509 1653 4572 (Prov.
1687 4526 1765 4578 1x,
1801 4509 1911 4580 17.)
1959 4509 2122 4565 Unda

412 4597 503 4651 hic
534 4610 763 4666 quoque
795 4596 1100 4650 subditur:
1137 4597 1198 4650 Et
1251 4601 1407 4668 quasi
1436 4600 1645 4668 furtive
1683 4601 1917 4670 suscepit
1965 4598 2122 4654 auris

407 4701 530 4742 mea
561 4700 725 4739 venas
754 4684 1004 4740 susurrii
1031 4686 1166 4751 eius.
1192 4685 1422 4742 Furtive
1456 4689 1702 4743 susurrii
1735 4705 1912 4744 venas
1931 4687 2118 4760 perci-

413 4777 602 4848 piunt,
635 4775 770 4844 quia
809 4773 1042 4830 socialis
1091 4775 1344 4831 scientiae
1377 4779 1628 4848 gratiam
1671 4779 2016 4845 deserentes,
2050 4779 2119 4834 ad

413 4870 563 4925 hanc
597 4882 964 4938 nequaquam
1001 4882 1099 4937 per
1132 4867 1346 4922 ostium
1391 4868 1826 4940 ingrediuntur,
1875 4870 2120 4928 Domino

409 4961 745 5024 attestante,
780 4958 878 5028 qui
910 4955 987 5010 ait
1013 4972 1023 5009 :
1060 4955 1166 5021 Qui
1184 4973 1291 5012 non
1316 4959 1492 5012 intrat
1519 4975 1618 5030 per
1645 4961 1846 5015 ostium
1875 4962 1940 5015 in
1979 4959 2123 5016 ovile

413 5050 616 5115 ovium,
642 5047 739 5104 sed
766 5045 1004 5103 ascendit
1032 5045 1287 5114 aliunde,
1321 5047 1418 5102 ille
1437 5051 1534 5118 [ur
1573 5052 1648 5103 est
1683 5058 1734 5104 et
1766 5049 1910 5104 latro
1941 5049 2117 5120 (Joan.

414 5157 469 5209 x,
507 5142 556 5210 1,
588 5141 664 5210 2).
698 5139 882 5196 Venas
914 5139 1111 5212 itaque
1133 5138 1309 5194 divini
1340 5139 1589 5196 susurrii
1623 5139 1830 5196 furtive
1851 5138 2120 5211 suscipit,

489 5364 707 5439 (a)Hic
729 5365 1087 5423 dissentiunt
1121 5368 1257 5424 Mss.
1291 5368 1609 5439 Compend.
1642 5368 1805 5428 Corb.
1841 5368 2033 5424 Germ.
2067 5369 2124 5422 et

418 5437 648 5510 §_._Alb._
666 5437 934 5510 habent,
975 5442 1109 5510 quia
1164 5441 1282 5510 jam
1337 5437 1604 5496 contritus
1667 5441 1836 5497 leonis
1887 5439 2120 5507 rugitus,

421 5507 571 5584 Utic.
603 5508 850 5584 olimita
872 5507 1333 5584 habebatpnunc
1383 5528 1516 5568 vero
1565 5514 1692 5584 quia
1726 5513 1845 5583 jam
1892 5512 2122 5566 contrito

424 5581 597 5708 tetonis
628 5581 838 5652 rugitu.
871 5580 1105 5637 Vindoc.
1139 5587 1194 5638 et
1223 5582 1520 5653 German.,
1554 5580 1650 5655 qui
1683 5580 1804 5656 jam
1834 5587 2121 5652 contritus,

424 5669 454 5708 e
486 5669 535 5707 c.

424 5669 535 5710 θῐϐ.

498 5723 572 5795 (b)
605 5724 670 5778 In
695 5720 980 5792 Vulgatis,
1012 5723 1224 5778 occulta
1253 5731 1303 5778 et
1322 5740 1480 5780 nova.

2229 4512 2483 4578 stetisse,
2519 4512 2614 4567 sed
2648 4511 2930 4567 transisse
2981 4526 3180 4567 coram
3215 4527 3274 4568 se
3334 4511 3606 4582 spiritum
3660 4514 3945 4574 narrant;

2229 4610 2282 4658 et
2310 4602 2537 4658 vultum
2572 4618 2634 4658 se
2663 4602 2880 4658 vidisse
2902 4601 3268 4674 incognitum
3296 4600 3598 4666 simulant,
3625 4605 3692 4655 ut
3724 4615 3857 4656 esse
3886 4612 3944 4653 se

2227 4693 2277 4748 ei
2309 4692 2570 4764 cognitos
2604 4692 2704 4764 qui
2735 4691 2805 4746 ab
2845 4691 3108 4748 humana
3141 4696 3334 4748 mente
3390 4691 3665 4764 cognosci
3700 4707 3819 4746 non
3853 4705 3942 4744 va-

2230 4782 2307 4837 let
2336 4783 2665 4837 ostendant.
2703 4781 2803 4837 Ubi
2838 4781 3030 4837 adhuc
3061 4781 3370 4838 subditur:

2822 4879 3054 4936 CAPUT
3118 4879 3336 4935 XXVII.

2298 4959 2472 5015 Vsas.
2508 4961 2594 5015 16.
2649 4992 2715 5000 -
2770 4964 2952 5032 Imago
3001 4976 3185 5016 coram
3226 4960 3398 5016 oculis
3451 4960 3612 5028 meis,
3659 4971 3712 5016 et
3765 4974 3946 5015 vocem

2230 5051 2394 5121 quasi
2421 5065 2580 5107 aurae
2611 5049 2747 5105 lenis
2776 5049 2984 5106 audivi.

2302 5140 2390 5194 48.
2425 5141 2596 5196 Deum
2626 5141 2835 5195 intueri
2863 5139 3196 5212 spiritaliter
3227 5144 3533 5212 nequeunt,
3565 5155 3744 5212 neque
3765 5149 3944 5198 tamen

2303 5367 2374 5437 (c)
2409 5366 2584 5430 Editi,
2610 5374 2670 5422 ut
2694 5365 3120 5422 admirationem
3147 5366 3430 5422 ostendere
3475 5368 3727 5437 valeant,
3765 5383 3955 5424 corru'

2231 5440 2436 5510 pte.ln
2465 5438 2702 5494 Vindoc.
2738 5438 2971 5509 legitur,
3006 5442 3066 5492 ut
3099 5439 3248 5510 mira
3280 5440 3489 5496 ostenti.

2303 5509 2377 5580 (d)
2403 5509 2523 5583 Iluc
2545 5509 2794 5583 immisit
2809 5511 3000 5583 (loco,
3020 5509 3161 5580 quod
3174 5510 3384 5578 dicunt,
3406 5527 3533 5583 quae
3547 5509 3802 5569 verbain
3821 5511 3950 5568 Mss.

2233 5584 2290 5637 et
2322 5581 2724 5652 superioribus
2756 5580 2863 5636 Ed.
2898 5581 3233 5637 reticentur.

2311 5653 2720 5726 (e)(_lompend.
2759 5657 2814 5726 et
2860 5657 3079 5723 Germ.,
3129 5656 3258 5726 quia
3287 5655 3427 5726 ipsa.
3465 5655 3673 5726 Sicque
3722 5655 3861 5713 olim
3893 5655 3946 5711 in

2243 5723 2388 5783 Utic.
2419 5723 2742 5798 legebatur.
2778 5725 2936 5798 Rec.,
2967 5725 3061 5797 qui
3089 5723 3293 5798 et'ipsi.
