4134 6174
217 290 333 351 705

1142 293 1579 356 MORALIUM
1625 294 1771 355 LIB.
1818 295 1892 355 V.
1943 328 2013 340 —-
2062 296 2138 355 ΙΝ
2184 300 2354 361 CAP.
2405 303 2483 366 IV
2524 308 2591 369 B.
2638 309 2800 371 JOB.

3617 326 3735 387 706

214 444 431 501 semper
450 437 661 487 errant.
696 428 954 499 Quadam
974 445 1105 487 vera
1134 438 1189 487 et
1214 431 1483 523 sublimia
1499 432 1827 523 ﬁloquuntur.
1853 464 1920 473 —
1951 432 2007 500 Α
2037 431 2235 492 haberi
2258 442 2465 507 potest.
2482 441 2645 501 Unde
2657 450 2714 503 et
2735 449 3007 508 Veritatis
3025 468 3162 509 voce
3183 454 3254 511 de
3278 455 3387 514 hac
3402 460 3738 523 abscondita

215 519 377 589 Saepe
426 519 676 577 haeretici
726 524 907 576 Deum
965 520 1076 576 sibi
1124 521 1203 593 (a)
1252 521 1630 594 imaginaliter
1686 523 1917 596 tingunt

214 624 390 680 quem
440 609 654 665 intueri
696 609 1033 681 spiritaliter
1082 615 1415 682 nequeunt;
1467 613 1714 685 ejusque
1762 614 1917 670 160

208 712 412 753 vocem
445 699 609 769 quasi
638 716 792 754 aura
826 699 972 755 lenis
1003 700 1203 756 audire
1233 717 1295 756 se
1327 702 1650 771 perhibent,
1675 701 1811 774 quia
1843 703 1913 758 ad

211 794 435 846 secreta
455 789 615 846 illius
637 790 1063 861 cognoscenda,
1086 790 1255 861 quasi
1277 808 1406 847 esse
1428 808 1490 848 se
1509 792 1729 848 caeteris
1750 793 1913 849 fami-

208 878 473 935 liariores
505 881 776 949 gaudent.
810 879 932 935 Non
965 880 1121 935 enim
1154 895 1222 935 ea
1252 881 1461 936 docent
1482 898 1607 952 quae
1630 882 1782 938 Deus
1814 900 1913 952 pu-

208 968 357 1026 blice
384 968 665 1039 loquitur,
698 969 802 1024 sed
832 986 959 1040 quae
982 985 1180 1025 eorum
1205 971 1328 1025 auri
1353 971 1521 1041 quasi
1547 969 1794 1027 latenter
1816 989 1909 1029 as-

206 1060 491 1131 pirantur.
526 1058 648 1114 Haec
678 1059 857 1129 igitur
885 1059 1167 1124 diximus,
1201 1063 1264 1114 ut
1294 1060 1432 1130 quid
1474 1060 1581 1115 sub
1616 1060 1909 1118 haeretico-

204 1164 336 1203 rum
378 1147 567 1215 specie
607 1149 667 1203 in
706 1148 939 1219 Eliphaz
989 1149 1361 1204 sermonibus
1409 1150 1778 1206 sentiendum
1830 1152 1908 1207 sit

205 1238 581 1299 intimemus.
617 1239 729 1294 Sed
761 1238 861 1309 qui
896 1239 1066 1295 amici
1098 1238 1249 1295 beati
1276 1239 1387 1295 Joh
1417 1241 1566 1295 tanti
1596 1241 1703 1296 viri
1735 1241 1905 1297 amici

200 1344 317 1383 non
348 1332 569 1397 essent,
601 1326 715 1383 nisi
743 1327 1045 1384 manifeste
1084 1328 1304 1399 aliquid
1355 1344 1424 1384 ex
1468 1330 1703 1385 veritate
1750 1331 1902 1386 didi-

197 1417 442 1487 cissent,
510 1417 649 1489 quia
706 1419 971 1489 quamvis
1044 1418 1103 1473 in
1163 1418 1469 1475 sententiis
1526 1421 1903 1490 correptionis

197 1512 414 1576 errant,
445 1507 507 1563 in
546 1508 811 1564 veritatis
842 1513 1037 1564 tamen
1071 1509 1402 1581 cognitione
1433 1510 1507 1581 (b)
1539 1527 1652 1566 non
1694 1510 1752 1566 in
1786 1516 1900 1568 toto

192 1597 455 1653 titubant
486 1615 500 1653 :
536 1597 654 1653 hac
684 1598 886 1654 eadem
937 1599 1109 1668 paulo
1141 1598 1408 1669 superius
1440 1601 1614 1655 verba
1664 1600 1901 1671 replice-

191 1702 360 1756 mus,
388 1691 455 1742 ut
484 1687 763 1743 subtilius
794 1687 1197 1744 discernamus
1227 1690 1521 1759 quomodo
1553 1705 1619 1745 ea
1664 1706 1792 1761 quas
1823 1694 1895 1748 de

2030 523 2322 615 locutione
2353 529 2561 588 dicitur
2594 551 2606 589 :
2641 539 2748 607 Ego
2794 542 3000 609 rogabo
3046 545 3287 615 Patrem,
3320 557 3372 604 et
3401 551 3587 609 alium
3623 560 3733 614 Pa-

2025 614 2289 671 raclitum
2320 619 2475 676 dabit
2507 624 2675 691 vobis,
2706 635 2768 681 ut
2796 640 3017 686 maneat
3048 614 3323 692 vobiscum
3351 641 3409 694 in
3437 651 3731 716 aeternum,

2024 702 2291 774 Spiritum
2328 709 2600 778 veritatis,
2644 731 2803 784 quem
2841 720 3077 775 mundus
3124 740 3231 779 non
3277 736 3451 796 potest
3490 702 3734 805 accipere

2026 792 2201 895 goa‘rt.
2233 812 2347 895 Juv,
2398 799 2502 870 16).
2556 802 2718 859 Sicut
2767 807 2922 862 enim
2978 809 3163 865 isdem
3224 792 3540 876 Paraclitus
3600 792 3731 895 post

2024 880 2359 939 Mediatoris
2390 903 2726 959 ascensum,
2761 894 2910 951 alius
2940 896 3181 954 humani
3215 906 3442 971 generis
3474 880 3728 970 consola-

2021 977 2138 1070 tor,
2181 972 2239 1027 in
2273 976 2587 1048 semetipso
2636 980 2948 1039 invisibilis
2990 992 3110 1054 est;
3145 989 3221 1044 ita
3254 1008 3506 1065 omnem,
3557 1017 3728 1070 quem

2019 1059 2343 1131 repleverit,
2397 1066 2467 1120 ad
2518 1067 2904 1129 desideranda
2952 1075 3267 1134 invisibilia
3328 1059 3609 1143 accendii.
3666 1092 3733 1147 Et

2019 1150 2296 1219 quoniam
2323 1155 2624 1212 mundana
2656 1161 2832 1216 corda
2854 1162 2976 1218 sola
2995 1164 3252 1223 visibilia
3272 1170 3545 1243 diligunt,
3568 1176 3724 1235 hunc

2016 1240 2273 1297 mundus
2303 1258 2418 1299 non
2442 1247 2673 1318 accipit,
2701 1251 2836 1321 quia
2866 1254 2935 1308 ad
2960 1254 3259 1328 diligenda
3279 1240 3589 1321 invisibilia
3611 1285 3725 1326 non

2015 1332 2290 1401 assurgit.
2326 1333 2640 1394 Saeculares
2672 1342 2888 1397 etenim
2934 1352 3158 1403 mentes
3198 1356 3418 1420 quanto
3458 1371 3520 1410 se
3569 1359 3724 1417 foras

2012 1435 2115 1490 per
2150 1421 2433 1478 desideria
2480 1426 2750 1495 dilatant,
2801 1436 2964 1488 tanto
3013 1438 3083 1490 ad
3135 1441 3520 1510 receptionem
3570 1448 3728 1507 illius

2011 1511 2205 1565 sinum
2238 1512 2429 1568 cordis
2462 1522 2793 1586 angustant.
2840 1522 2900 1576 Et
2941 1527 3215 1595 quoniam
3258 1530 3419 1588 valde
3467 1535 3528 1592 in
3570 1540 3717 1596 181

2010 1598 2267 1657 humano
2300 1618 2509 1673 genere
2549 1609 2719 1678 pauci
2752 1616 2905 1674 sunt,
2944 1615 3039 1684 qui
3075 1619 3554 1681 adesideriorum
3589 1635 3699 1685 tem

2008 1686 2527 1791 poraliummorde
2586 1696 2841 1765 purgati,
2909 1700 2979 1754 ad
3040 1706 3466 1775 perceptionem
3540 1690 3733 1791 sanet;

188 1777 562 1848 perceptione
599 1777 862 1834 veritatis
900 1778 1194 1838 dicuntur,
1231 1795 1265 1834 a
1305 1782 1459 1834 recte
1500 1780 1892 1839 sentientibus
1930 1811 1976 1876 Β
2007 1776 2257 1876 Spiritus
2314 1777 2465 1876 ipsa
2501 1780 2612 1838 hac
2648 1788 3017 1876 purgatione
3087 1792 3422 1867 dilatentur,
3484 1776 3721 1864 verbum

188 1866 439 1937 proferri
484 1866 761 1923 veraciter
810 1869 1057 1938 possint.
1122 1869 1271 1940 [Vet.
1313 1870 1437 1939 XX]
1467 1869 1899 1942 Nonnunquam
1930 1863 1975 1876 ”
2007 1863 2117 1920 h06
2167 1866 2575 1960 §b§0990iium
2630 1872 2863 1943 dieitur,
2921 1878 3054 1949 quia
3085 1880 3228 1938 illud
3287 1903 3320 1942 a
3370 1863 3720 1960 quibusdam

187 1971 323 2013 vero
356 1956 613 2013 haeretici
642 1973 778 2014 vera
809 1959 1077 2030 quaedam
1119 1964 1177 2015 et
1227 1959 1503 2016 sublimia
1552 1960 1894 2031 loquuntur,

189 2062 308 2103 non
342 2048 497 2118 quod
531 2047 652 2103 haec
683 2048 966 2104 divinitus
998 2049 1111 2120 ipsi
1144 2049 1493 2120 percipiunt,
1513 2051 1614 2107 sed
1646 2054 1797 2121 quod
1828 2070 1897 2109 ex

186 2140 405 2192 sanctae
435 2136 702 2192 Ecclesiae
736 2138 1105 2194 contentione
1143 2139 1510 2205 didicerunt;
1542 2156 1730 2212 neque
1774 2142 1893 2199 hinc

185 2225 254 2281 ad
288 2225 612 2295 profectum
646 2227 1039 2295 conscientias,
1072 2229 1172 2283 sed
1199 2230 1268 2284 ad
1294 2229 1547 2284 scientias
1568 2233 1893 2289 ostentatio-

180 2329 319 2370 nem
362 2312 619 2369 trahunt.
651 2314 815 2371 Unde
846 2316 911 2371 fit
933 2316 1275 2389 plerumque
1305 2323 1370 2373 ut
1399 2319 1517 2375 alta
1544 2321 1779 2377 sciendo
1811 2323 1888 2376 di-

178 2409 336 2470 cant,
373 2405 475 2460 sed
507 2405 748 2462 vivendo
780 2423 904 2479 quas
936 2407 1139 2463 dicunt
1172 2409 1454 2465 nesciant.
1481 2410 1605 2466 Sive
1626 2411 1802 2482 igitur
1822 2429 1891 2469 ex

175 2492 591 2550 hereticorum
643 2499 857 2567 specie,
906 2497 1174 2553 videlicet
1223 2515 1340 2554 non
1388 2500 1887 2571 vitam,scientiae,

175 2584 275 2640 sed
314 2583 496 2640 verba
525 2585 873 2651 tenentium,
898 2602 996 2641 seu
1022 2592 1170 2643 certe
1192 2603 1260 2644 ex
1290 2603 1538 2659 persona
1568 2592 1888 2648 amicorum

172 2672 333 2729 beati
366 2672 499 2741 Job,
531 2673 624 2744 qui
658 2676 727 2730 de
757 2675 1084 2745 cognitione
1114 2678 1368 2734 veritatis
1409 2686 1723 2749 potuerunt
1753 2699 1887 2753 pro-

173 2764 267 2817 cul
305 2761 491 2818 dubio
518 2763 887 2835 percipiendo
919 2767 1186 2837 experiri,
1219 2769 1372 2837 quod
1402 2770 1751 2826 studuerunt
1783 2773 1887 2828 do-

172 2853 367 2909 cendo
398 2851 613 2923 eloqui,
646 2853 767 2908 haec
796 2855 995 2910 eadem
1026 2872 1151 2924 quae
1192 2858 1669 2928 transcurrimus,
1706 2862 1887 2918 subti-

168 2938 284 2995 lius
304 2940 467 2996 dicta
496 2940 886 3009 disseramus;
913 2949 978 2998 ut
1000 2942 1137 3000 dum
1161 2944 1404 3002 sollicite
1438 2947 1672 3019 Elipbaz
1694 2967 1885 3007 sermo

171 3028 509 3097 discutitur,
568 3034 795 3100 quantae
852 3031 1110 3088 scientia,
1167 3033 1359 3102 fuerit,
1405 3036 1882 3110 demonstretur;

169 3117 443 3189 quamvis
469 3117 529 3173 in
572 3119 774 3175 eadem
804 3120 1047 3177 scientia
1086 3121 1478 3179 humilitatem
1521 3143 1634 3182 non
1674 3129 1882 3197 tenuit,

2006 1953 2207 2043 procul
2240 1954 2417 2011 dubio
2451 1957 2509 2012 in
2560 1961 2731 2017 corde
2793 1965 3128 2039 percipitur,
3178 1974 3329 2041 quod
3379 1953 3413 2032 ἆ
3469 1953 3721 2043 maxima

2005 2040 2312 2099 hominum
2346 2056 2505 2117 parte
2534 2051 2810 2106 nescitur.
2846 2054 2944 2111 Vel
2988 2062 3139 2114 certe
3170 2059 3291 2117 haec
3324 2064 3452 2136 ipsa
3499 2040 3719 2131 afﬂatio

2004 2132 2190 2188 sancti
2222 2134 2475 2204 Spiritus
2504 2138 2919 2199 absconditum
2955 2147 3191 2205 verbum
3216 2161 3323 2222 est,
3346 2132 3485 2227 quia
3507 2166 3710 2223 sentiri

2002 2228 2214 2323 potest,
2248 2228 2348 2281 sed
2400 2231 2646 2300 strepitu
2692 2231 3007 2293 locutionis
3056 2242 3302 2311 exprimi
3334 2262 3447 2303 non
3500 2261 3714 2323 potest.

2000 2312 2145 2369 Cum
2207 2315 2387 2386 igitur
2429 2317 2624 2375 divina
2676 2322 2951 2393 aspiratio
2982 2328 3107 2384 sine
3160 2336 3407 2405 strepitu
3460 2312 3716 2402 mentem

1999 2404 2286 2472 sublevat,
2322 2407 2559 2463 verbum
2590 2411 2997 2472 absconditum
3030 2404 3297 2491 auditur,
3336 2427 3472 2497 quia
3516 2449 3709 2492 sermo

1958 2514 1967 2517 ν
1999 2493 2251 2563 Spiritus
2281 2496 2342 2551 in
2372 2513 2512 2553 aure
2562 2500 2754 2558 cordis
2785 2502 3020 2563 silenter
3060 2515 3249 2568 sonat.
3284 2493 3445 2574 Unde
3475 2526 3533 2577 et
3569 2527 3708 2582 sub-

1997 2582 2160 2639 ditur
2192 2600 2205 2639 :

2457 2676 2684 2734 CAPUT
2726 2681 2906 2737 XXIX
2945 2686 3088 2755 (Rea.
3134 2691 3257 2762 XX].

2070 2764 2208 2817 lBlD.
2249 2794 2315 2803 —
2345 2764 2411 2819 Et
2456 2769 2616 2837 quasi
2649 2771 2857 2838 furtive
2896 2776 3134 2847 suscepit
3175 2786 3329 2838 auris
3382 2802 3501 2843 mea
3549 2804 3716 2848 venas

1993 2868 2235 2909 susurru
2256 2870 2393 2921 e7us.

2064 2944 2154 3000 51.
2186 2948 2428 3002 Mentem
2466 2951 2662 3019 quaerit
2702 2970 2734 3007 a
2780 2955 3086 3012 visibilibus
3130 2962 3482 3025 abstractam.
3534 2974 3708 3041 Quam

1992 3036 2162 3090 variis
2193 3036 2361 3093 modis
2382 3054 2505 3093 eam
2534 3041 2875 3113 altoquatur.
2900 3077 2969 3086 —
2998 3047 3172 3107 Veras
3195 3060 3444 3113 susurrii
3464 3036 3704 3134 superni

1990 3125 2149 3180 auris
2180 3126 2372 3183 cordis
2405 3128 2608 3185 furtive
2639 3134 2902 3204 suscipit,
2947 3138 3083 3208 quia
3122 3144 3504 3207 subtilitatem
3537 3125 3706 3210 locu;

167 3209 265 3280 qui
304 3224 621 3266 commune
659 3210 875 3267 bonum
912 3212 1021 3267 sibi
1079 3213 1405 3282 specialiter
1446 3220 1751 3289 arrogavit.
1786 3220 1879 3276 Ait
1914 3198 1956 3267 (ἶ
1994 3215 2165 3274 tionis
2198 3217 2414 3273 intimae
2445 3218 2643 3276 amata
2675 3237 2838 3279 mens
2868 3233 2919 3281 et
2952 3229 3161 3298 raptim
3201 3241 3287 3289 est
3334 3240 3559 3297 occulte
3608 3261 3707 3301 co-

168 3313 436 3370 namque
469 3314 481 3352 :

603 3460 835 3517 CAPUT
866 3460 1093 3518 XXVIII
1128 3464 1271 3535 mea.
1303 3466 1454 3538 XIX].

233 3584 422 3639 Vens.
460 3584 543 3640 i2.
575 3616 643 3626 —
674 3587 848 3641 Porro
888 3586 964 3642 ad
994 3604 1078 3643 me
1125 3588 1337 3645 dictum
1366 3599 1448 3645 est
1487 3592 1713 3648 verbum
1756 3596 1882 3649 abs-

162 3672 481 3729 conditum.

230 3841 639 3891 ALLEGORlCUS
679 3852 903 3894 sensus.
954 3867 1022 3880 —
1063 3839 1150 3893 50.
1211 3841 1446 3897 Verbum
1477 3842 1879 3915 absconditum,

157 3924 258 3981 Dei
287 3925 501 3991 Filius,
548 3926 632 3982 vel
684 3926 923 3997 Spiritus
960 3933 1143 3985 sancti
1191 3931 1405 3988 locutio.
1457 3936 1579 3989 Huc
1609 3952 1642 3989 a
1687 3940 1881 4006 paucis

155 4015 492 4083 percipitur.
544 4014 756 4068 Sentiri
792 4022 987 4086 potest,
1020 4033 1131 4073 non
1185 4023 1441 4089 exprimi.
1501 4053 1569 4063 —
1625 4022 1879 4082 Verbum

157 4102 384 4173 quippe
404 4101 836 4172 absconditum,
860 4105 1164 4163 invisibilis
1188 4108 1368 4164 Filius
1390 4119 1643 4181 vocatur,
1672 4114 1742 4169 de
1763 4131 1878 4186 quo

154 4188 424 4246 Joannes
456 4190 578 4246 ait:
620 4193 686 4246 In
731 4196 998 4265 principio
1047 4204 1166 4251 erat
1232 4199 1485 4255 Verbum.
1547 4203 1707 4267 Quod
1752 4204 1877 4275 ipse

156 4296 399 4352 quoque
466 4281 874 4339 absconditum
945 4284 1233 4356 insinuat,
1296 4289 1439 4345 dum
1506 4292 1873 4366 subjungit:

152 4369 221 4424 Et
258 4369 513 4427 Verbum
564 4379 686 4427 erat
733 4372 879 4443 apud
926 4375 1122 4443 Deum,
1174 4384 1227 4432 et
1272 4379 1409 4433 Deus
1455 4388 1576 4436 erat
1612 4383 1872 4440 Verbum.

152 4457 270 4514 Sed
307 4460 421 4515 hoc
467 4460 708 4517 verbum
758 4461 1167 4520 absconditum
1217 4464 1529 4524 electorum
1584 4473 1875 4529 mentibus

153 4548 402 4617 dicitur,
433 4566 564 4606 cum
596 4555 845 4621 potestas
876 4554 1160 4627 unigeniti
1193 4556 1321 4613 Filii
1352 4560 1722 4618 credentibus
1754 4578 1876 4618 ma-
1908 4536 1956 4595 D

153 4640 499 4696 nil‘estatur.
537 4640 729 4698 Potest
781 4643 956 4700 etiam
1008 4662 1110 4716 per
1155 4647 1393 4703 verbum
1441 4650 1871 4721 absconditum,

150 4728 440 4785 allocutio
467 4729 682 4785 intime
722 4732 1096 4804 aspirationis
1129 4736 1369 4810 intelligi
1398 4756 1412 4805 ;
1444 4739 1515 4793 de
1546 4755 1662 4810 qua
1690 4741 1875 4796 Joan-

153 4832 260 4873 nes
292 4816 441 4873 dicit
472 4835 485 4873 :
525 4820 709 4876 Unctio
739 4822 856 4888 eius
886 4822 1039 4879 docet
1060 4841 1148 4881 vos
1186 4827 1253 4882 de
1273 4827 1519 4882 omnibus
1544 4831 1590 4898 (I
1619 4831 1778 4885 Joan.
1810 4848 1868 4893 ιι,

151 4907 267 4978 27).
304 4906 446 4972 Qum
479 4907 754 4966 nimirum
785 4911 1063 4982 aspiratio
1096 4914 1414 4972 humanam
1449 4922 1706 4973 mentem
1739 4937 1875 4975 con-

149 4996 443 5068 tingendo
474 4998 758 5064 sublevat,
791 5003 847 5056 et
879 5001 1224 5072 temporales
1265 5003 1642 5075 cogitationes
1681 5007 1872 5078 depri-

149 5086 588 5153 mens,a:ternis
602 5086 753 5145 hanc
766 5090 1427 5163 desideriisinﬂammat,
1445 5099 1509 5149 ut
1523 5096 1668 5150 nihil
1682 5097 1868 5166 eijam,

148 5175 267 5229 nisi
293 5188 428 5243 qua:
441 5190 695 5244 superna
714 5181 870 5245 sunt,
892 5176 1089 5248 libeat,
1108 5184 1521 5252 etcunctaquas
1540 5182 1871 5241 inferiusde

143 5261 408 5318 humana
419 5266 968 5334 perstrepuntcorru
978 5267 1172 5340 ptione
1184 5276 1535 5327 contemnat.
1555 5273 1869 5331 Abscondi-

143 5355 281 5407 tum
297 5366 439 5423 ergo
451 5352 692 5410 verbum
708 5355 929 5427 audire,
944 5357 1394 5416 estlocutionem
1418 5363 1599 5417 sancti
1616 5362 1868 5434 Spiritus

144 5442 332 5497 corde
347 5442 805 5514 concipere.Quaa
820 5446 1073 5517 profecto
1087 5447 1218 5503 sciri
1236 5465 1349 5504 non
1366 5452 1694 5522 potest,nisi
1707 5472 1736 5509 a
1750 5470 1865 5526 quo

216 5548 307 5689 ἔτι)
346 5547 514 5616 Editi,
546 5551 1002 5621 imaginabiliter.

245 5620 310 5689 b)
348 5620 431 5674 Ita
456 5620 764 5689 legendum
788 5625 996 5682 docent

245 5620 310 5689 b)
334 5620 431 5703 .Ita
454 5620 1009 5703 lfagendumdocent
1026 5626 1166 5703 Mss.
1194 5643 1339 5703 pene
1358 5646 1584 5700 omnes,
1608 5650 1751 5703 quos
1774 5650 1862 5691 se-

142 5692 427 5763 quuntur
454 5691 708 5750 Bartbol.
740 5698 797 5750 et
829 5702 934 5752 vet.
970 5698 1073 5754 Ed.
1116 5691 1284 5757 Falsa
1315 5706 1509 5758 autem
1542 5691 1637 5759 est
1675 5706 1861 5761 Coccii

140 5763 529 5836 aliorumque
558 5767 947 5827 recentiorum
977 5769 1168 5839 lectio,
1203 5774 1261 5827 in
1288 5776 1529 5835 veritatis
1560 5782 1746 5839 tamen
1776 5793 1862 5833 co-

1997 3304 2245 3375 gnoscit.
2269 3304 2392 3360 Nisi
2422 3308 2576 3363 enim
2608 3325 2669 3364 se
2700 3311 2773 3365 ab
2803 3314 3182 3374 exterioribus
3231 3322 3535 3384 desideriis
3566 3332 3713 3390 abs-

1996 3394 2226 3461 condat,
2262 3394 2488 3451 interna
2512 3413 2624 3452 non
2652 3408 2933 3468 penetrat.
2963 3405 3031 3460 Et
3052 3408 3381 3469 occultatur
3405 3421 3465 3471 nt
3487 3422 3711 3485 audiat,

1993 3486 2050 3538 et
2081 3485 2245 3539 audit
2278 3488 2338 3540 ut
2385 3486 2747 3557 occultetur;
2780 3494 2914 3561 quia
2944 3500 3002 3549 et
3032 3499 3328 3558 subtracta
3376 3524 3407 3561 a
3458 3509 3709 3569 visibili-

1992 3573 2121 3638 bus,
2154 3574 2471 3631 invisibilia
2502 3580 2803 3649 conspicit,
2837 3587 2893 3637 et
2924 3585 3141 3655 repleta
3171 3588 3587 3667 invisibilibus,
3620 3605 3705 3658 vi-

1992 3662 2186 3718 sibilia
2217 3665 2469 3734 perfecte
2500 3669 2839 3725 contemnit.
2875 3672 3203 3734 Notandum
3237 3696 3371 3738 vero
3403 3662 3697 3757 quodnon

1992 3752 2071 3805 ait
2104 3768 2116 3805 :
2151 3752 2315 3819 Quasi
2340 3754 2548 3822 furtive
2575 3759 2816 3828 suscepit
2844 3764 2995 3817 auris
3027 3780 3143 3819 mea
3184 3752 3500 3830 susurrium
3530 3782 3650 3849 ejus
3681 3801 3700 3837 :

1991 3840 2089 3894 sed
2123 3855 2287 3895 venas
2333 3847 2573 3897 susurrii
2626 3846 2763 3915 ejus.
2826 3849 3164 3907 Susurrium
3225 3860 3439 3931 quippe
3492 3840 3704 3925 oc'culti

1990 3929 2167 3998 verbi,
2201 3935 2286 3985 est
2312 3931 2433 3987 haec
2456 3933 2584 4003 ipsa
2605 3934 2817 3992 locutio
2840 3939 3218 4007 aspirationis
3240 3929 3500 4008 internae.
3530 3956 3705 4013 Venae

1988 4023 2184 4075 autem
2228 4022 2475 4077 susurrii
2506 4022 2783 4080 dicuntur
2820 4043 3125 4086 causarum
3177 4034 3450 4108 origines,
3484 4044 3698 4114 quibus

1986 4105 2109 4162 haec
2142 4108 2270 4180 ipsa
2314 4111 2589 4181 aspiratio
2638 4114 2709 4168 ad
2744 4122 2995 4175 mentem
3044 4105 3297 4182 ducitur.
3340 4105 3517 4191 Quasi
3542 4136 3696 4193 enim

1986 4211 2163 4253 venas
2193 4200 2434 4255 susurrii
2484 4202 2576 4256 sui
2628 4204 2829 4273 aperit,
2864 4222 2995 4262 cum
3047 4210 3213 4267 nobis
3260 4213 3413 4273 Deus
3452 4218 3700 4281 latenter

1986 4284 2264 4355 insinuat,
2290 4290 2505 4361 quibus
2528 4293 2717 4349 modis
2743 4296 2814 4350 ad
2847 4302 3061 4353 nostrae
3083 4299 3472 4373 intelligentia
3494 4329 3694 4372 aurem

1984 4374 2158 4430 venit.
2200 4378 2529 4449 Aliquando
2561 4382 2716 4436 enim
2751 4400 2856 4439 nos
2887 4402 3102 4452 amore,
3137 4389 3449 4463 aliquando
3477 4404 3695 4461 terrore

1985 4469 2367 4539 compungit;
2413 4469 2728 4542 aliquando
2780 4478 3086 4545 praesentia
3135 4498 3310 4553 quam
3363 4489 3525 4546 nulla
3582 4494 3699 4553 sint

1983 4559 2255 4626 ostendit,
2289 4564 2345 4614 et
2375 4561 2445 4616 ad
2496 4567 2712 4618 aeterna
2759 4564 3056 4636 diligenda
3106 4571 3461 4634 desiderium
3494 4583 3698 4655 erigit;

1984 4644 2301 4716 aliquando
2335 4649 2500 4718 prius
2530 4655 2746 4707 aeterna
2795 4653 3030 4722 indicat,
3068 4663 3125 4713 ut
3174 4668 3305 4731 post
3354 4644 3699 4739 temporalia

1982 4733 2282 4791 vilescant.
2314 4737 2641 4808 Aliquando
2675 4745 2872 4797 nostra
2904 4745 3072 4801 nobis
3106 4749 3256 4806 mala
3296 4733 3500 4828 aperit,
3537 4769 3589 4815 et
3622 4765 3692 4820 ad

1982 4822 2091 4879 hoc
2123 4841 2226 4879 nos
2262 4842 2467 4896 usque,
2501 4832 2563 4882 ut
2593 4828 2801 4884 alienis
2828 4832 3002 4888 etiam
3040 4836 3209 4892 malis
3232 4822 3557 4913 doleamus,
3593 4864 3689 4905 ex-

1981 4914 2185 4970 tendit.
2218 4915 2545 4987 Aliquando
2580 4918 2729 4975 mala
2759 4920 2944 4978 aliena
2973 4926 3182 4981 nostris
3213 4929 3513 4990 obtutibus
3544 4938 3690 5007 obji-

1981 5006 2079 5072 cit,
2112 5010 2170 5061 et
2198 5012 2585 5078 compunctos
2618 5010 2960 5069 mirabiliter
2991 5030 3023 5069 a
3051 5020 3247 5072 nostra
3272 5022 3553 5089 pravitate
3586 5006 3691 5085 nos

1981 5095 2233 5163 corrigit.
2268 5094 2454 5151 Venas
2486 5098 2678 5170 itaque
2705 5098 2886 5156 divini
2936 5105 3179 5160 susurrii
3214 5107 3422 5164 furtive
3462 5114 3686 5183 audire,

1979 5187 2067 5238 est
2092 5184 2343 5240 occultos
2374 5186 2578 5241 divinae
2611 5187 2989 5259 aspirationis
3020 5193 3226 5249 modos
3260 5199 3511 5256 tenuiter
3532 5211 3582 5258 et
3608 5204 3687 5263 la-

1978 5276 2167 5328 tenter
2205 5289 2539 5345 agnoscere.

2045 5362 2135 5417 52.
2178 5362 2442 5419 Susurrat
2487 5366 2641 5420 nobis
2690 5367 2846 5433 Deus,
2897 5370 3029 5440 quia
3070 5386 3177 5428 non
3208 5389 3266 5427 se
3309 5376 3472 5446 plene
3499 5388 3683 5443 mani-

1972 5455 2179 5520 festum
2207 5454 2358 5523 facit.
2389 5454 2493 5509 Per
2520 5461 2713 5509 creata
2743 5471 2905 5526 opera
2931 5458 3074 5514 velut
3098 5477 3199 5532 per
3226 5466 3488 5534 quasdam
3509 5476 3681 5532 rimas

1970 5561 2356 5637 gnitionenon
2406 5560 2671 5637 titubant,
2717 5563 2808 5615 cui
2860 5564 3211 5637 sgnll‘iragatur
3262 5568 3429 5628 Corb.
3480 5576 3677 5637 Germ.

1972 5630 2235 5709 Ilaeretici
2266 5632 2567 5709 enimgfere
2598 5648 2825 5709 semper
2856 5630 3126 5704 titubant,
3160 5639 3259 5696 sed
3291 5630 3677 5709 falsitatis—e71;

1974 5704 2161 5760 lentiae
2194 5703 2516 5763 occurritur
2545 5703 2831 5775 addendo,
2862 5722 2971 5766 non
3000 5710 3057 5764 in
3096 5714 3201 5768 toto
3232 5710 3498 5776 titubant.
