4134 6174
515 272 632 336 707

1781 270 1872 333 SA
1885 271 2060 333 NCTI
2106 272 2471 335 GREGORII
2521 275 2768 336 MAGNI

3849 291 3942 350 708

513 425 569 467 se
589 409 982 467 admirandum
1009 409 1228 481 praebet.
1261 439 1329 452 --
1360 408 1630 476 Quamvis
1659 407 1851 464 adhuc
1881 406 1968 463 vel
2011 424 2214 464 susur-
2248 414 2299 480 Α
2331 417 2390 465 ιιι
2421 409 2750 467 illuminala
2781 410 2914 483 plus
2945 416 3180 481 metuat,
3215 413 3354 486 quia
3385 415 3557 487 magis
3587 418 3771 490 aspicit
3795 424 3947 478 avari-

520 499 698 568 riutn,
730 500 818 555 vel
857 516 1032 556 venas
1073 498 1320 555 susurrii
1359 497 1685 569 intelligere
1724 495 1893 552 aliter
1931 495 2215 556 valemus.

521 589 627 656 Qui
662 588 814 644 enim
845 596 1132 653 susurrat,
1169 586 1389 643 occulte
1437 585 1715 656 loquitur,
1757 589 1813 640 et
1862 600 2057 642 vocem
2109 601 2222 640 non

517 680 808 752 exprimit,
841 682 939 736 sed
973 680 1258 734 imitatur.
1299 678 1414 732 Nos
1459 676 1638 748 igitur
1683 690 1986 748 quousque
2029 675 2222 731 carnis

517 773 890 846 corruptione
922 769 1262 839 premimur,
1289 768 1448 824 nullo
1475 768 1646 823 modo
1677 766 1995 823 claritatem
2019 767 2223 822 divinas

517 863 807 938 potentiae,
834 863 986 916 sicut
1007 859 1064 914 in
1080 875 1142 915 se
1164 857 1666 914 incommutabilis
1681 862 1893 926 manet,
1925 857 2219 914 videmus:

517 955 654 1025 quia
682 953 831 1008 acies
862 948 1217 1004 inﬁrmitatis
1252 954 1459 1004 nostrae
1492 964 1606 1003 non
1640 947 1889 1003 sustinet
1927 947 2035 1002 hoc
2067 946 2222 1019 quod

512 1045 583 1098 de
614 1042 741 1112 ejus
789 1038 1124 1096 aeternitatis
1173 1038 1336 1094 radio
1394 1053 1570 1108 super
1617 1053 1722 1093 nos
1782 1035 2225 1092 intolerabiliter

512 1130 710 1205 fulget.
733 1129 880 1186 Cum
899 1146 1034 1200 ergo
1064 1145 1125 1184 se
1151 1129 1321 1184 nobis
1339 1129 1712 1198 omnipotens
1735 1127 1889 1183 Deus
1915 1142 2017 1199 per
2046 1127 2225 1183 rimas

513 1219 1025 1292 contemplationis
1057 1219 1299 1285 indicat,
1332 1233 1705 1289 nequaquam
1740 1217 1908 1274 nobis
1940 1217 2222 1289 loquitur,

513 1314 614 1371 sed
649 1315 931 1378 susurrat,
972 1309 1111 1382 quia
1139 1309 1249 1366 etsi
1289 1323 1352 1365 se
1403 1308 1571 1380 plene
1603 1324 1719 1364 non
1766 1307 2016 1379 intimat,
2051 1306 2226 1378 quid-

515 1405 650 1460 dam
687 1408 880 1458 tamen
916 1401 986 1457 de
1029 1417 1091 1456 sc
1138 1399 1408 1455 humanae
1442 1398 1622 1454 menti
1657 1397 2007 1453 manifestat.
2063 1397 2226 1453 Tunc

511 1497 705 1550 autem
740 1505 1109 1562 nequaquam
1137 1489 1256 1559 jam
1297 1493 1580 1554 susurrat,
1629 1487 1730 1542 sed
1773 1485 2056 1556 loquitur,
2091 1501 2225 1540 cum

511 1585 640 1656 ejus
689 1581 857 1638 nobis
911 1580 1130 1651 species
1181 1583 1337 1633 certa
1384 1576 1688 1632 revelatur.
1742 1577 1887 1631 Hinc
1939 1581 2028 1631 est
2069 1576 2225 1630 enim

514 1672 666 1746 quod
697 1670 754 1726 in
789 1668 1097 1740 Evangelio
1133 1667 1357 1723 Veritas
1389 1666 1528 1723 dicit
1565 1684 1576 1721 ε
1609 1666 1686 1736 (a)
1731 1666 1936 1720 Palam
1964 1665 2028 1720 de
2060 1669 2228 1720 Patre

510 1763 853 1819 annuntiabo
911 1759 1056 1816 vobis
1104 1761 1277 1828 (Joan.
1327 1775 1442 1821 xvr,
1479 1758 1592 1824 26).
1636 1757 1780 1812 Hinc
1809 1756 2064 1812 Joannes
2095 1755 2175 1811 ait
2208 1771 2221 1811 :

516 1854 818 1912 Videbimus
847 1868 971 1907 eum
1001 1850 1162 1905 sicuti
1199 1859 1275 1905 est
1313 1849 1366 1920 (Ι
1391 1850 1545 1905 Joan.
1581 1865 1664 1916 ιιι,
1714 1850 1793 1915 2).
1828 1847 1972 1902 Hinc
2002 1845 2221 1901 Paulus

510 1945 682 2001 dicit:
719 1945 861 1998 Tunc
900 1956 1235 2011 cognoscam,
1284 1942 1421 1993 sicut
1465 1943 1514 1993 et
1558 1940 1806 2009 cognitus
1848 1954 1970 1992 sum
2018 1937 2068 2006 (Ι
2096 1936 2215 1990 Cor.

506 2050 634 2100 xm,
668 2034 778 2104 12).
814 2038 975 2087 Nunc
1005 2035 1200 2086 autem
1232 2028 1495 2083 divinum
1529 2027 1856 2083 susurrium
1891 2031 1975 2081 tot
2006 2025 2077 2080 ad
2115 2042 2218 2080 nos

501 2139 678 2179 venas
707 2122 899 2189 habet,
925 2128 1063 2191 quot
1083 2118 1290 2174 creatis
1317 2117 1590 2189 operibus
1612 2117 1741 2188 ipsa
1772 2115 2048 2171 divinitas
2074 2131 2217 2186 pra:-

506 2214 673 2271 sidet.
711 2213 857 2268 Dum
890 2210 1045 2266 enim
1079 2225 1206 2279 quae
1239 2217 1375 2262 sunt
1416 2213 1625 2262 cuncta
1667 2211 1857 2261 creata
1897 2205 2216 2272 cernimus,

505 2303 565 2358 in
637 2301 911 2357 creatoris
968 2296 1354 2353 admiratione
1411 2295 1795 2351 sublevamur.
1856 2294 2000 2349 Nam
2069 2294 2219 2348 sicut

502 2407 656 2464 aqua
697 2390 901 2446 leniter
945 2387 1156 2453 ﬂuens,
1207 2386 1416 2442 rimata
1468 2401 1568 2456 per
1617 2401 1793 2439 venas
1819 2384 2120 2455 quaeritur,
2154 2386 2217 2438 ut

502 2482 804 2550 augeatur,
839 2480 1118 2547 tantoque
1149 2491 1211 2530 se
1253 2474 1470 2530 vastius
1512 2473 1727 2536 fundit,
1774 2476 1993 2544 quanto
2041 2488 2216 2527 venas

501 2569 820 2640 apertiores
853 2565 1168 2631 invenerit;
1201 2564 1277 2618 ita
1311 2580 1414 2618 nos
1446 2563 1581 2617 dum
1616 2561 1872 2616 studiose
1894 2560 2214 2616 divinitatis

503 2659 656 2715 162
703 2655 969 2712 notitiam
1000 2671 1068 2711 ex
1107 2658 1382 2710 creaturas
1413 2654 1540 2724 ejus
1591 2651 2053 2707 consideratione
2094 2649 2213 2706 col-

505 2748 765 2819 ligimus,
799 2747 964 2818 quasi
997 2744 1245 2801 susurrii
1267 2744 1424 2800 illius
1447 2744 1518 2798 ad
1544 2759 1646 2797 nos
1678 2758 1853 2797 venas
1884 2742 2208 2812 aperimus;

506 2838 645 2909 quia
677 2851 777 2907 per
809 2835 916 2889 hoc
948 2835 1102 2903 quod
1138 2834 1353 2888 factum
1388 2832 1704 2898 cernimus,
1738 2831 2000 2885 virtutem
2036 2831 2211 2885 facto-

506 2930 584 2986 ris
617 2927 1018 2991 admiramur;
1052 2928 1108 2979 et
1139 2941 1239 2995 per
1267 2939 1330 2978 ea
1362 2940 1487 2994 quae
1520 2928 1656 2977 sunt
1687 2923 1745 2976 in
1780 2921 2032 2993 publico,
2066 2919 2207 2976 illud

502 3018 573 3072 ad
608 3033 714 3072 nos
744 3018 995 3078 emanat,
1029 3013 1183 3083 quod
1207 3011 1342 3066 latet
1374 3013 1429 3064 in
1459 3011 1706 3065 occulto.
1733 3011 1907 3073 Quasi
1930 3012 2086 3065 enim
2111 3026 2210 3079 per

2333 502 2464 556 tatis
2496 502 2696 572 regula
2728 517 2830 574 per
2861 507 3076 572 quanta
3107 503 3431 571 discordat;
3464 521 3690 578 eamque
3709 511 3841 580 gravi
3867 512 3947 567 lor-

2335 590 2553 646 midine
2583 608 2729 647 suus
2760 593 2880 663 ipse
2900 594 3188 663 profectus
3209 596 3414 665 quatit,
3435 611 3554 667 qua:
3577 597 3724 669 prius
3739 601 3798 670 (ε)
3822 602 3948 672 quasi

2333 681 2597 737 securius
2618 681 2764 737 nihil
2809 681 3057 739 videbat.
3101 684 3378 748 Quamvis
3421 686 3752 756 quantalibet
3791 691 3949 747 virtute

2333 771 2659 842 profecerit,
2694 789 2809 828 non
2837 774 2958 843 jam
2983 775 3359 830 manifestum
3383 775 3593 846 aliquid
3617 779 3678 833 de
3701 782 3950 837 mternitate

2333 863 2790 934 comprehendit,
2816 865 2916 920 sed
2942 865 3130 920 adhuc
3153 867 3260 922 sub
3293 868 3584 937 cujusdam
3612 868 3828 940 caligine
3849 873 3953 928 ima-

2333 950 2644 1022 ginationis
2693 951 3000 1024 conspicit.
3038 952 3197 1009 Unde
3245 959 3300 1010 et
3346 954 3464 1011 haec
3502 957 3706 1027 eadem,
3733 966 3952 1014 nocturna

2332 1041 2477 1096 visio
2509 1041 2740 1098 dicitur.
2777 1043 2840 1098 In
2873 1049 3036 1099 nocte
3068 1044 3305 1116 quippe,
3339 1045 3485 1100 sicut
3513 1049 3567 1101 et
3593 1047 3832 1118 superius
3849 1049 3957 1103 dixi-

2335 1147 2485 1197 mus,
2519 1131 2727 1197 dubie;
2769 1132 2831 1186 in
2864 1132 2956 1187 die
2987 1137 3180 1188 autem
3212 1137 3544 1190 constanter
3575 1135 3824 1192 videmus.
3851 1138 3958 1203 Quia

2335 1220 2516 1291 igitur
2546 1222 2615 1275 ad
2639 1222 3152 1293 contemplandum
3185 1223 3397 1279 interni
3423 1225 3559 1281 solis
3580 1227 3796 1294 radium,
3817 1228 3958 1282 nubes

2336 1326 2463 1366 sese
2497 1315 2704 1366 nostras
2747 1302 3137 1384 corruptionis
3175 1314 3486 1381 interserit,
3536 1331 3638 1372 nec
3665 1318 3725 1372 ad
3754 1317 3959 1373 inﬁrmos

2338 1405 2545 1458 nostra
2578 1402 2790 1458 mentis
2821 1402 3021 1458 oculos
3052 1403 3220 1471 illud,
3252 1404 3407 1460 sicut
3435 1409 3541 1470 est,
3563 1405 3960 1463 incommutabile

2335 1486 2534 1543 lumen
2566 1490 2816 1560 erumpit
2842 1515 2854 1558 ;
2880 1491 3072 1547 adhuc
3120 1492 3302 1548 Deum
3353 1495 3520 1565 quasi
3549 1493 3606 1548 in
3632 1499 3874 1550 nocturna
3897 1496 3960 1548 vi-

2336 1579 2500 1634 sione
2528 1579 2849 1647 cernimus,
2894 1596 3022 1635 cum
3065 1583 3260 1652 procul
3302 1583 3482 1639 dubio
3513 1584 3618 1639 sub
3648 1585 3836 1640 incerta
3858 1601 3961 1640 con-

2337 1669 2709 1740 templatione
2738 1670 3083 1742 ealigamus.
3134 1673 3244 1728 Sed
3299 1675 3569 1746 quamvis
3598 1680 3872 1730 extremum
3911 1677 3961 1731 de

2338 1760 2435 1815 illo
2467 1760 2679 1831 aliquid
2709 1777 2875 1817 mens
2905 1764 3255 1834 conceperit,
3281 1764 3337 1819 in
3362 1765 3794 1821 consideratione
3811 1770 3960 1821 tamen

2330 1852 2456 1920 ejus
2487 1851 2912 1922 magnitudinis
2940 1851 3312 1921 inhorrescit,
3345 1857 3403 1909 et
3439 1856 3615 1926 magis
3641 1857 3831 1921 metuit,
3855 1856 3960 1925 quia

2328 1939 2473 2011 ipsis
2495 1940 3002 2010 contemplationis
3016 1942 3145 2012 ejus
3166 1943 3434 2015 vestigiis
3457 1961 3516 2000 se
3535 1944 3790 2015 imparem
3807 1943 3959 2007 sentit,

2325 2037 2497 2100 atque
2527 2030 2597 2084 ad
2631 2047 2693 2085 se
2727 2031 2969 2101 relapsa,
2993 2047 3124 2086 eum
3149 2033 3367 2089 arctius
3394 2035 3598 2106 diligit,
3628 2036 3776 2105 cujus
3797 2033 3959 2088 miram

2325 2118 2693 2174 dulcedinem
2727 2121 2870 2176 ferre
2902 2139 3012 2177 non
3066 2121 3285 2192 valens,
3334 2123 3431 2178 vix
3484 2123 3624 2178 hanc
3649 2123 3740 2178 sub
3781 2123 3960 2176 incerta

2326 2208 2546 2264 visione
2577 2211 2851 2279 gustavit.
2882 2210 2989 2265 Sed
3015 2211 3152 2282 quia
3181 2213 3250 2266 ad
3276 2211 3453 2282 hujus
3475 2211 3847 2268 sublevationis
3867 2209 3962 2264 cul-

2328 2313 2462 2353 men
2508 2297 2746 2353 minime
2787 2299 3160 2371 pertingitur,
3221 2299 3331 2356 nisi
3395 2301 3554 2371 prius
3607 2299 3957 2356 desideriorum

2324 2386 2644 2442 carnalium
2679 2389 3010 2460 importune
3042 2394 3420 2462 perstrepens
3461 2393 3624 2447 turba
3653 2389 3955 2461 reprimatur,

2324 2483 2478 2532 recte
2510 2478 2924 2549 subjungitur:

2739 2567 2967 2624 CAPUT
3008 2569 3184 2624 XXXI
3230 2570 3384 2640 (Rec.
3435 2571 3610 2641 XXII].

2396 2658 2537 2711 Isin.
2571 2685 2638 2696 —
2671 2658 2892 2724 Quando
2929 2659 3062 2714 solet
3091 2674 3249 2729 sapor
3277 2674 3548 2732 occupare
3570 2658 3808 2713 homines.

2388 2745 2478 2801 54.
2512 2745 2594 2800 Ad
2619 2747 3131 2816 contemplationem
3178 2764 3289 2802 non
3329 2751 3652 2818 pervenitur
3680 2749 3772 2801 nisi
3810 2747 3956 2814 sapitis

2316 2834 2638 2890 carnalibus
2675 2835 2975 2892 desideriis.
3028 2837 3263 2892 Somnus
3313 2839 3495 2893 tribus
3541 2838 3699 2894 modis
3724 2837 3954 2905 accipitur.

2317 2953 2384 2965 ——
2409 2927 2684 2996 Quisquis
2699 2943 2762 2982 ea
2785 2943 2911 2995 qua:
2937 2928 3136 2983 mundi
3163 2933 3488 3000 suntagere
3507 2930 3728 3001 appetit,
3751 2926 3887 2999 quasi
3902 2923 3960 2977 vi-

2318 3013 2460 3085 gilat
2480 3033 2493 3079 ;
2512 3014 2781 3086 quisquis
2803 3032 2932 3072 vero
2955 3017 3242 3072 inteream
3263 3019 3523 3087 quietem
3546 3032 3802 3089 quaerens,
3825 3014 3960 3080 hujus

502 3107 817 3176 quemdam
840 3106 912 3159 ad
937 3119 1038 3160 nos
1061 3103 1316 3159 sonitum
1337 3103 1606 3171 erumpit,
1625 3100 1765 3155 dum
1789 3101 2209 3156 consideranda
2239 3107 2281 3173 ί]
2323 3102 2522 3158 mundi
2545 3105 2852 3176 strepitum
2888 3106 3051 3176 fugit,
3093 3105 3249 3162 velut
3289 3107 3685 3164 obdormiscit.
3714 3104 3809 3161 Sed
3837 3101 3959 3174 prius

505 3195 676 3250 nobis
709 3211 812 3248 sua
843 3209 1016 3263 opera
1047 3189 1318 3255 ostendit,
1354 3191 1411 3244 in
1444 3206 1558 3259 quo
1593 3189 1968 3258 semetipsum
2000 3196 2208 3244 utcuno

505 3299 618 3355 que
652 3283 890 3350 indicat,
923 3282 1060 3336 dum
1095 3296 1271 3350 quam
1304 3277 2010 3346 sitincomprebensibilis
2035 3279 2216 3334 mani-

505 3373 702 3428 festat.
737 3371 878 3437 Quia
908 3371 1085 3441 igitur
1116 3369 1483 3424 considerare
1505 3383 1639 3422 eum
1665 3367 1841 3436 digne
1866 3383 1978 3422 non
2006 3383 2213 3437 possu-

506 3478 662 3531 mus,
695 3477 810 3517 non
852 3462 979 3530 ejus
1009 3474 1229 3522 vocem,
1273 3458 1372 3512 sed
1407 3457 1494 3511 vix
1545 3456 1868 3511 susurrium
1919 3456 2208 3511 audimus.

502 3552 677 3609 Plene
718 3551 873 3607 enim
925 3550 1065 3620 quia
1113 3549 1464 3620 perpendere
1513 3563 1695 3617 neque
1739 3547 1866 3617 ipsa
1907 3564 2030 3618 quae
2080 3552 2211 3602 sunt

497 3647 692 3701 creata
715 3641 1067 3707 sufﬁcimus,
1090 3644 1241 3693 recte
1263 3637 1476 3692 dicitur
1501 3653 1512 3692 :
1550 3638 1715 3704 Quasi
1743 3639 1954 3707 furtive
1973 3640 2210 3709 suscepit

502 3736 668 3791 duris
701 3749 820 3788 mea
850 3747 1016 3787 venas
1047 3730 1285 3785 susurrii
1314 3728 1452 3797 ejus.
1488 3727 1729 3797 Projecti
1763 3728 1976 3798 quippe
1999 3744 2209 3798 apera-

502 3823 612 3879 disi
643 3822 894 3894 gaudiis,
929 3825 984 3874 et
1021 3817 1292 3875 castitatis
1325 3834 1492 3888 pmna
1542 3816 1787 3882 multati,
1830 3818 1923 3871 vix
1964 3818 2206 3873 susurrii

491 3928 668 3968 venas
702 3910 1215 3982 apprehendimus,
1256 3907 1394 3978 quia
1439 3907 1563 3977 ipse
1603 3922 1834 3976 quoque
1883 3907 2031 3961 mira
2078 3909 2204 3975 ejus

494 4017 669 4073 opera
741 4000 952 4071 raptim
1020 3997 1385 4067 tenuiterque
1457 4011 1794 4066 pensamus.
1864 3996 1998 4065 [Vet.
2050 3997 2200 4067 XXI].

491 4090 805 4146 Sciendum
835 4104 965 4143 vero
997 4092 1103 4154 est,
1138 4087 1273 4156 quia
1303 4089 1517 4154 quanto
1543 4086 1811 4139 virtutem
1845 4085 2004 4140 illius
2038 4102 2202 4141 mens

489 4179 789 4237 sublevata
819 4176 1169 4240 considerat,
1206 4179 1363 4229 tanto
1395 4174 1518 4242 ejus
1548 4173 1626 4243 (b)
1660 4174 2068 4230 rectitudinem
2103 4191 2201 4230 re-

489 4285 692 4340 pressa
726 4266 1014 4322 formidat.
1051 4263 1213 4318 Unde
1243 4270 1296 4317 et
1328 4266 1480 4316 recte
1524 4261 1902 4330 subjungitur
1935 4277 1946 4316 :

943 4354 1180 4409 CAPUT
1221 4351 1370 4407 xxx
1402 4353 1544 4423 ilice.
1578 4352 1726 4422 XXI].

565 4446 740 4500 Vsas.
777 4444 863 4498 13.
893 4472 963 4483 --
992 4446 1058 4497 In
1088 4443 1310 4498 horrore
1339 4443 1561 4496 visionis
1591 4449 1899 4499 nocturnae.

558 4536 647 4590 53.
683 4534 826 4589 Mens
855 4547 914 4586 eo
943 4532 1179 4602 amplius
1222 4533 1286 4587 de
1332 4535 1442 4587 suis
1471 4535 1631 4600 factis
1663 4534 1920 4598 trepidat,
1952 4549 2061 4604 quo
2111 4534 2200 4588 al-

485 4629 593 4682 tius
627 4622 685 4677 in
721 4625 893 4676 Deum
921 4621 1188 4676 elevatur.
1228 4623 1374 4675 Hinc
1405 4622 1571 4676 Deum
1601 4625 1775 4692 magis
1805 4623 2000 4676 metuit
2033 4630 2084 4677 et
2116 4623 2201 4677 di-

488 4713 634 4785 ligit.
660 4743 727 4752 —
758 4711 971 4765 Horror
1003 4715 1303 4764 nocturnae
1333 4709 1602 4776 visionis,
1632 4716 1722 4765 est
1753 4727 1927 4782 pavor
1959 4711 2198 4766 occultis

486 4800 1016 4871 contemplationis.
1071 4799 1336 4855 Humana
1384 4799 1596 4855 etenim
1633 4816 1799 4855 mens
1855 4817 1963 4870 quo
2022 4801 2199 4855 altius

484 4893 722 4959 elevata,
753 4907 880 4963 qua:
911 4891 1030 4946 sint
1051 4894 1264 4943 aeterna
1285 4888 1636 4954 considerat,
1667 4905 1732 4943 eo
1755 4889 1827 4944 de
1861 4889 2022 4944 lactis
2057 4897 2198 4945 tem-

489 4983 789 5055 poralibus
819 4979 1058 5051 gravius
1090 4976 1426 5032 tremefacta
1449 4977 1760 5043 formidat;
1796 4978 1928 5047 quia
1959 4982 2117 5033 tanto
2140 4995 2200 5034 se

485 5089 645 5129 ream
667 5069 861 5127 verius
891 5067 1096 5132 cernit,
1130 5071 1346 5137 quanto
1378 5081 1437 5122 se
1466 5065 1536 5120 ab
1578 5065 1678 5121 illo
1710 5065 1930 5121 lumine
1980 5067 2196 5122 discre-

487 5177 650 5234 passe
681 5159 833 5234 quod
868 5174 1040 5230 super
1075 5171 1138 5212 se
1182 5154 1511 5213 intermicat
1548 5153 1870 5226 conspicit;
1903 5156 2102 5227 sicque
2133 5157 2199 5212 fit

564 5410 648 5480 (a)
675 5406 846 5472 Editi,
878 5407 1154 5480 palamde
1174 5409 1337 5480 Patre
1364 5421 1501 5463 meo.

568 5475 912 5548 (b')Turon.',
962 5479 1151 5544 Corb.,
1194 5479 1410 5548 Germ.,
1446 5476 1717 5534 secundis
1751 5477 1926 5544 curis,
1977 5479 2032 5531 et
2077 5475 2193 5546 alii,

490 5550 891 5628 fortitudinem.

559 5622 746 5700 (c)_lta
778 5635 909 5671 cum
963 5617 1258 5700 plerisque
1305 5623 1442 5700 _Mss.
1479 5622 1582 5700 Ed.
1643 5620 1820 5700 antiq:
1879 5619 2009 5700 aliis
2041 5637 2192 5686 vero,

491 5691 649 5770 quasi
680 5696 990 5770 securicuut
1023 5691 1200 5770 etiam
1227 5691 1474 5770 habetur
1504 5693 1563 5745 in
1595 5707 1710 5746 uno
1749 5692 1989 5770 Vindo_c.

563 5766 642 5833 (ά)
686 5764 747 5817 In
780 5758 1020 5814 Vindoc.
1063 5763 1118 5813 et
1147 5759 1324 5829 plur.,
1355 5759 1486 5815 nolo
1531 5769 1717 5818 autem
1766 5777 1873 5821 vos.
1927 5764 1988 5819 In
2021 5763 2193 5822 duob.

2319 3193 2618 3248 sciendum
2654 3199 2739 3250 est
2765 3197 2900 3265 quia
2921 3196 2978 3251 in
3005 3196 3305 3268 Scriptura
3336 3213 3507 3254 sacra
3530 3199 3757 3270 figurate
3781 3194 3958 3266 positus

2315 3285 2504 3340 tribus
2564 3289 2752 3342 modis
2808 3304 3056 3342 somnus
3115 3288 3425 3358 accipitur.
3486 3287 3790 3359 Aliquando
3837 3282 3956 3338 enim

2314 3390 2519 3430 somno
2566 3392 2722 3431 mors
2762 3377 2973 3446 carnis,
3023 3378 3337 3448 aliquando
3386 3383 3584 3451 torpor
3630 3372 3955 3449 negligentis,

2314 3464 2627 3535 aliquando
2659 3482 2789 3521 vero
2821 3467 3187 3536 exprimitur,
3235 3466 3480 3523 calcatis
3517 3467 3746 3524 terrenis
3775 3461 3956 3518 deside-

2313 3555 2436 3616 riis,
2473 3555 2639 3626 quies
2670 3556 2812 3612 vitae.
2848 3557 3045 3612 Somni
3080 3572 3334 3628 namque
3378 3557 3471 3612 vel
3524 3553 3855 3614 dormitionis
3879 3564 3954 3604 uo-

2313 3644 2469 3700 mine
2501 3646 2692 3700 carnis
2711 3661 2866 3700 mors
2889 3646 3213 3712 intimatur,
3240 3645 3394 3701 sicut
3412 3646 3624 3702 Paulus
3644 3647 3751 3700 ait:
3776 3637 3953 3714 (ά)Λόἱο

2310 3751 2398 3791 vos
2430 3738 2686 3803 ignorare
2717 3737 2923 3805 fratres
2952 3743 3016 3790 de
3048 3735 3470 3792 dormientibus.
3519 3737 3588 3792 Et
3633 3733 3787 3806 paulo
3815 3733 3949 3801 post:

2310 3826 2395 3878 Ita
2432 3834 2480 3879 et
2512 3827 2652 3879 Deus
2676 3841 2762 3881 eos
2783 3828 2880 3896 qui
2909 3825 3254 3881 dormierunt
3273 3842 3374 3896 per
3405 3830 3605 3893 Iesum,
3637 3824 3836 3880 adducet
3859 3832 3951 3875 cum

2307 3929 2367 3970 eo
2409 3917 2459 3980 (Ι
2499 3916 2671 3971 Thess.
2730 3931 2804 3982 IV,
2866 3916 2976 3985 12).
3036 3915 3253 3970 Somno
3323 3916 3485 3972 163
3539 3929 3752 3971 rursum
3803 3915 3955 3977 torpor

2309 4004 2674 4074 negligentia)
2699 4004 3060 4074 designatur,
3078 4004 3230 4059 sicut
3252 4004 3324 4058 ab
3348 4006 3556 4061 eodem
3581 4001 3736 4058 Paulo
3755 3997 3952 4052 dicitur:

2306 4096 2454 4148 Hora
2492 4097 2568 4148 est
2589 4096 2713 4163 jam
2746 4111 2845 4147 nos
2888 4093 2953 4148 de
2994 4109 3180 4150 somno
3246 4109 3474 4161 surgere
3521 4095 3681 4166 (Rom.
3735 4104 3838 4151 xm,
3867 4083 3953 4151 ll),

2307 4183 2372 4238 Et
2403 4201 2637 4238 rursum
2676 4201 2688 4237 :
2741 4183 3031 4255 Evigilate,
3066 4185 3226 4255 justi,
3257 4191 3310 4240 et
3349 4185 3526 4240 nolite
3556 4195 3762 4253 peccare
3787 4178 3826 4248 (Ι
3861 4177 3953 4227 L‘or.

2304 4289 2394 4341 xv,
2442 4273 2554 4339 34).
2615 4274 2832 4328 Somno
2890 4289 3122 4343 quoque
3181 4273 3421 4330 calcatis
3473 4274 3656 4330 carnis
3704 4260 3954 4324 desideriis

2303 4361 2464 4432 quies
2495 4361 2622 4415 vitae
2645 4362 2948 4433 figuratur,
2984 4361 3137 4416 sicut
3167 4377 3398 4432 sponsae
3421 4377 3556 4418 voco
3578 4363 3632 4415 in
3655 4360 3721 4428 (e)
3747 4351 3954 4410 cantico-

2233 4459 2275 4522 ι)
2309 4464 2434 4502 rum
2467 4448 2702 4504 Cantico
2734 4449 2948 4504 dicitur
2983 4466 2996 4503 :
3031 4450 3136 4520 Ego
3157 4449 3394 4518 dormio,
3423 4456 3475 4506 et
3503 4465 3594 4506 cor
3611 4461 3773 4502 meum
3803 4435 3954 4508 vigilat

2313 4540 2492 4610 (Cant.
2524 4556 2576 4605 ν,
2607 4541 2662 4606 2)
2693 4557 2704 4602 ;
2750 4539 2888 4609 quia
2921 4539 3187 4594 videlicet
3236 4545 3440 4595 sancta
3485 4555 3644 4594 mens
3691 4550 3792 4606 quo
3826 4545 3876 4584 se
3902 4524 3955 4580 ab

2311 4629 2554 4701 strepitu
2617 4629 2951 4701 temporalis
3019 4629 3507 4702 concupiscentiis
3536 4622 3860 4699 comprimit,
3906 4630 3954 4670 eo

2311 4720 2503 4774 verius
2535 4719 2760 4774 interna
2791 4721 3125 4790 cognoscit;
3160 4728 3213 4775 et
3245 4725 3400 4776 tanto
3433 4718 3679 4775 alacrius
3699 4715 3762 4770 ad
3792 4708 3954 4765 intima

2307 4808 2531 4879 vigilat,
2565 4813 2785 4878 quanto
2818 4824 2880 4863 se
2909 4810 2978 4864 ab
3010 4811 3276 4864 exteriori
3301 4806 3700 4880 inquietudine
3729 4795 3951 4858 occultat.

2309 4897 2471 4960 Quod
2503 4897 2648 4952 bene
2680 4914 2778 4968 per
2805 4898 2984 4953 Jacob
3018 4899 3076 4952 in
3125 4899 3327 4955 itinere
3367 4898 3737 4954 dormientem
3783 4890 3955 4959 ﬁgurﬁ'

2309 4989 2404 5040 tur
2437 4987 2650 5055 (Genes.
2683 5003 2878 5052 xxvm,
2915 4988 3026 5057 11),
3059 4986 3200 5058 quid
3231 4988 3302 5042 ad
3327 4991 3505 5058 caput
3526 4984 3761 5054 lapidem
3780 4971 3949 5047 posuit,

2309 5079 2368 5131 et
2397 5075 2748 5131 obdormivit
2783 5093 2794 5129 :
2830 5094 2862 5131 a
2891 5084 3039 5132 terra
3070 5077 3286 5132 scalam
3320 5075 3459 5131 caalo
3492 5073 3856 5129 inhaerentem,
3882 5060 3951 5114 in-

2310 5164 2507 5219 nixum
2542 5164 2706 5219 scalas
2739 5164 3074 5230 Dominum,
3127 5165 3509 5222 ascendentes
3558 5172 3771 5233 quoque
3807 5155 3854 5208 et
3880 5147 3952 5201 d9-

2308 5407 2650 5478 Compend.,
2683 5408 2850 5464 Corb.
2885 5410 3098 5477 Germ.,
3145 5408 3330 5475 Colb.,
3383 5406 3546 5479 Reg,
3595 5399 3710 5458 Val.
3754 5395 3948 5458 01..ηο-

2309 5480 2490 5534 lumus
2525 5495 2629 5533 ros.
2667 5480 2725 5534 In
2761 5481 2953 5536 Graeco
2983 5485 3141 5536 textu
3169 5481 3240 5536 ad
3281 5480 3416 5543 litt.,
3451 5478 3571 5532 nolo
3602 5490 3726 5546 vos;
3790 5536 3834 5546 Μ

2381 5551 2453 5623 (e)
2487 5551 2569 5605 Ita
2598 5550 2765 5605 Corb.
2803 5552 3020 5618 Germ.,
3057 5554 3215 5623 lteg.,
3249 5538 3746 5623 Norm.,_Ya_l.__Ql;
3788 5538 3948 5623 εἰσῇξε

2308 5593 2516 5676 melius
2566 5595 3020 5692 reprmsentatur’
3043 5593 3219 5694 huius
3252 5621 3420 5694 sacri,
3454 5593 3593 5694 libri
3631 5593 3950 5694 limuls,

2308 5693 2564 5759 hasirim,
2599 5677 3472 5752 Clanticumﬂcanticb'rttmjliditi
3503 5688 3728 5756 habent,
3755 5681 3807 5736 in
3841 5677 3949 5732 Can-

2308 5767 2427 5823 ticis
2455 5768 2814 5823 canticorum.
