4134 6174
235 233 344 293 709

1167 229 1577 295 MORALIUM
1624 228 1773 290 LIB.
1820 229 1893 289 V.
1944 260 2017 274 —
2062 229 2137 288 IN
2184 229 2357 290 CAP.
2405 229 2484 290 IV
2528 231 2595 292 Β.
2643 233 2808 293 JOB.

3624 244 3742 307 710

227 370 572 428 scandentes
603 368 841 442 angelos
870 369 1033 427 vidit.
1058 370 1119 427 In
1153 368 1360 426 itinere
1405 367 1619 442 quippe
1652 365 1929 431 dormire,
1963 365 2012 431 Α
2044 380 2171 435 quae
2203 365 2457 423 exterius
2507 366 2813 441 implicant
2868 370 3128 429 studiose
3158 374 3560 435 subtrahatur.
3596 379 3743 437 lIinc

224 466 307 516 est
340 460 398 516 in
431 459 542 516 hoc
574 459 879 530 praesentis
908 459 1035 515 vitm
1066 459 1316 515 transitu
1349 475 1382 514 a
1416 473 1607 514 rerum
1639 460 1930 528 tempora-

219 549 362 605 lium
397 565 595 606 amore
625 550 943 621 quiescere.
980 549 1044 604 In
1077 548 1282 605 itinere
1314 548 1588 618 dormire,
1622 545 1789 602 estin
1813 544 1931 600 die-

221 655 351 695 rum
384 638 706 695 labentium
740 655 919 695 cursu
951 640 1023 694 ab
1053 638 1311 710 appetitu
1364 636 1686 693 visibilium
1715 634 1930 691 mentis

222 728 420 784 oculos
465 728 782 784 claudere:
842 743 991 799 quos
1037 727 1242 799 primis
1290 726 1626 783 hominibus
1667 726 1933 781 seductor

223 817 469 887 aperuit,
505 816 605 888 qui
637 817 783 872 dixit
816 835 828 872 :
865 816 977 872 Scit
1007 820 1154 873 enim
1183 817 1316 871 Deus
1347 816 1487 888 quod
1514 816 1573 871 in
1608 829 1929 886 quocunque

224 906 308 964 die
335 907 682 964 comeden'tis
721 924 794 962 ea:
840 924 920 975 eo,
969 910 1288 979 aperientur
1334 907 1477 962 oculi
1527 907 1687 961 vestri
1717 903 1926 972 (Genes.

226 1014 314 1065 ιιι,
344 999 398 1056 5,
433 1000 503 1051 6t.
539 995 701 1051 Unde
730 1000 787 1051 et
811 996 981 1067 paulo
1006 1000 1135 1068 post
1156 996 1427 1052 subditur
1450 1013 1462 1050 :
1489 995 1629 1050 Tulit
1650 994 1716 1050 de
1741 995 1932 1064 fructu

226 1088 405 1153 illius,
453 1094 508 1141 et
535 1086 806 1155 comedit;
857 1085 1106 1158 deditque
1162 1088 1274 1141 viro
1316 1102 1435 1154 suo,
1467 1088 1566 1157 qui
1593 1084 1847 1153 comedit,
1879 1091 1930 1140 et

225 1178 411 1249 aperti
434 1180 562 1231 sunt
586 1174 738 1231 oculi
766 1176 1068 1235 amborum.
1093 1175 1275 1248 Culpa
1304 1176 1523 1248 quippe
1562 1174 1762 1232 oculos
1793 1189 1933 1230 con-

225 1266 602 1339 cupiscentiae
633 1265 879 1336 aperuit,
903 1281 1051 1337 quos
1074 1264 1404 1321 innocentia
1427 1265 1656 1321 clausos
1676 1263 1929 1320 tenebat.

222 1356 481 1429 Angelos
528 1370 661 1411 vero
710 1356 1090 1411 ascendentes
1130 1358 1186 1411 et
1218 1355 1631 1412 descendentes
1676 1369 1931 1422 cernere,

222 1448 314 1501 est
353 1445 507 1501 cives
554 1459 818 1515 superna
875 1444 1073 1516 patriae
1122 1442 1523 1514 contemplari,
1578 1442 1667 1499 vel
1716 1446 1933 1514 quanto

220 1550 420 1591 amore
450 1534 765 1603 (a)auclori
815 1550 921 1590 suo
956 1550 1132 1605 super
1187 1533 1534 1605 semetipsos
1592 1532 1935 1601 inhaereant,

220 1624 314 1680 vel
359 1627 576 1696 quanta
608 1623 1017 1696 compassione
1051 1622 1353 1679 cbaritatis
1384 1622 1603 1679 nostris
1627 1621 1938 1678 inﬁrmita-

223 1714 392 1770 tibus
420 1714 907 1771 condescendant.

300 1804 390 1860 55.
425 1803 502 1859 Ad
535 1804 1041 1874 contemplationem
1081 1818 1191 1859 non
1220 1802 1423 1874 sufﬁcit
1472 1819 1511 1859 α
1540 1801 1735 1858 mundi
1762 1806 1934 1858 actio-

222 1894 391 1949 nibus
449 1896 744 1965 quiescere,
804 1897 919 1949 nisi
972 1901 1024 1949 et
1071 1896 1303 1949 virtutes
1349 1902 1729 1950 exerceantur.
1768 1925 1835 1934 —
1866 1893 1937 1948 Et

224 1985 558 2042 notandum
581 1984 745 2040 valde
775 1990 864 2041 est
892 1985 1044 2055 quod
1079 1984 1174 2040 ille
1204 1985 1499 2041 dormiens
1528 1984 1767 2056 angelos
1798 2001 1937 2040 con-

223 2074 427 2146 spicit,
460 2073 559 2146 qui
588 2073 647 2129 in
678 2073 868 2145 lapide
898 2078 1073 2145 caput
1104 2074 1264 2144 ponit
1298 2094 1311 2143 ;
1339 2073 1475 2146 quia
1507 2073 1787 2150 n'ynirum
1812 2074 1937 2144 ipse

220 2164 303 2221 ab
333 2163 721 2221 exterioribus
751 2164 1029 2236 operibus
1069 2181 1331 2231 cessans,
1374 2165 1606 2221 interna
1655 2169 1935 2237 penetrat.

217 2254 331 2325 qui
354 2253 576 2309 intenta
599 2256 811 2320 mente,
836 2270 961 2325 quas
986 2254 1303 2325 principale
1325 2258 1413 2309 est
1432 2254 1717 2325 [Grzcem‘i
1740 2255 1938 2327 ἡγεμο-

212 2364 242 2396 ν
265 2342 401 2415 ιχὸν]
425 2342 704 2410 hominis,
734 2342 1113 2398 imitationem
1139 2342 1227 2398 sui
1248 2343 1626 2413 redemptoris
1650 2343 1935 2402 observat.

217 2433 416 2503 Caput
471 2431 690 2503 quippe
721 2432 779 2486 in
830 2431 1023 2504 lapide
1054 2447 1288 2502 ponere,
1349 2440 1433 2488 est
1487 2436 1681 2488 mente
1711 2434 1938 2491 Christo

219 2521 539 2577 inhaerere.
574 2522 681 2587 Qui
714 2519 868 2577 enim
905 2538 937 2577 a
968 2520 1272 2593 praesentis
1302 2522 1428 2577 vita
1475 2522 1700 2578 actione
1731 2524 1941 2580 remoti

220 2616 399 2677 sunt,
418 2612 515 2667 sed
548 2612 617 2667 ad
650 2626 901 2683 superna
933 2612 1093 2667 nullo
1117 2629 1314 2668 amore
1337 2613 1664 2683 rapiuntur,
1689 2614 1940 2670 dormire

224 2708 505 2775 possunt,
529 2701 626 2755 sed
658 2699 851 2756 videre
880 2701 1120 2771 angelos
1154 2710 1488 2771 nequeunt;
1522 2703 1657 2773 quia
1688 2710 1858 2775 caput
1881 2704 1941 2759 in

216 2790 437 2858 lapide
483 2793 676 2845 tenere
725 2793 1122 2845 contemnunt.
1157 2791 1309 2862 [Vet.
1350 2792 1531 2862 XXII.j
1570 2792 1715 2847 Sunt
1772 2808 1939 2847 nam-

220 2895 352 2951 que
383 2878 646 2934 nonnulli
674 2879 770 2950 qui
794 2879 999 2934 mundi
1024 2880 1260 2951 quidem
1286 2882 1544 2936 actiones
1564 2882 1817 2953 fugiunt,
1840 2883 1940 2938 sed

221 2968 416 3027 nullis
437 2967 749 3024 virtutibus
773 2975 1131 3025 exercentur.
1153 2970 1221 3025 Hi
1246 2970 1522 3026 nimirum
1547 2976 1798 3043 torpore,
1824 2989 1940 3030 non

2039 460 2128 511 est
2156 456 2309 511 enim
2343 458 2496 528 quod
2532 474 2635 529 per
2664 459 3037 531 semetipsam
3084 463 3312 523 Veritas
3361 467 3503 523 dicit
3540 470 3743 528 :Nemo

2036 552 2210 616 potest
2267 545 2473 602 duobus
2508 546 2747 604 dominis
2793 550 3000 607 servire
3030 552 3252 624 (Matth.
3310 572 3386 624 vr,
3434 558 3549 629 24).
3604 560 3745 618 Hinc

2040 632 2254 691 Paulus
2304 634 2422 690 ait:
2468 636 2631 694 Nemo
2680 639 2926 694 militans
2973 642 3100 709 Deo,
3134 645 3383 716 implicat
3411 663 3468 703 se
3515 652 3748 720 negotiis

2038 724 2415 795 saecularibus,
2448 732 2511 779 ut
2540 728 2591 782 ei
2634 727 2869 798 placeat,
2909 732 2998 785 cui
3026 747 3081 787 se
3125 734 3377 803 probavit
3414 738 3496 807 (II
3523 737 3658 795 Tim.
3683 756 3745 807 ιι,

2041 814 2118 884 lt).
2152 814 2295 869 Hinc
2328 830 2429 886 per
2461 814 2806 886 Prophetam
2873 819 3154 877 Dominus
3205 823 3527 882 admonens
3556 828 3697 886 dicit
3730 845 3745 890 :

2050 903 2263 973 Vacate,
2316 911 2365 958 et
2402 903 2603 971 videte,
2632 909 2891 975 quoniam
2918 923 3013 979 ego
3055 925 3175 965 sum
3220 914 3362 968 Deus
3405 916 3576 985 (Psal.
3621 935 3746 987 XLV,

2044 992 2153 1063 11).
2183 992 2330 1057 Quia
2350 992 2530 1064 igitur
2546 1009 2916 1066 nequaquam
2944 998 3153 1056 notitia
3179 1000 3407 1058 interna
3428 1004 3502 1075 (ὁ)
3526 1008 3752 1077 conspi-

2043 1080 2215 1149 citur,
2268 1081 2383 1136 nisi
2415 1082 2487 1136 ab
2519 1088 2755 1139 externa
2817 1084 3219 1154 implicatione
3263 1095 3544 1162 cessatur,
3598 1100 3750 1152 recte

2044 1187 2201 1225 nunc
2236 1170 2396 1226 verbi
2428 1171 2756 1228 absconditi
2805 1178 2863 1231 et
2902 1175 3081 1232 divini
3118 1181 3364 1237 susurrii
3396 1189 3626 1256 tempus
3654 1200 3750 1241 ex-

2045 1260 2341 1333 primitur,
2375 1277 2502 1317 cum
2533 1263 2743 1319 dicitur
2776 1280 2788 1318 :
2826 1266 2884 1319 in
2915 1266 3141 1325 horrore
3170 1272 3392 1326 visionis
3436 1276 3747 1345 nocturnae,

2043 1353 2258 1425 quando
2307 1354 2441 1410 solet
2488 1370 2647 1426 sopor
2694 1371 2955 1428 occupare
2987 1359 3252 1426 homines,
3303 1363 3441 1433 quia
3471 1365 3751 1423 nimirum

2046 1459 2212 1498 mens
2245 1447 2444 1499 nostra
2469 1444 2630 1500 nullo
2665 1446 2836 1501 modo
2869 1447 2939 1501 ad
2973 1448 3087 1503 vim
3123 1449 3346 1506 intimae
3396 1455 3752 1526 contempla-

2046 1533 2224 1589 tionis
2253 1534 2497 1605 rapitur,
2532 1534 2643 1589 nisi
2678 1534 2938 1592 studiose
2968 1537 3133 1609 prius
3154 1556 3185 1595 a
3206 1543 3568 1599 terrenorum
3600 1545 3750 1600 desi-

2047 1623 2341 1679 deriorum
2403 1624 2661 1680 tumultu
2695 1625 2975 1696 sopiatur.
3009 1629 3117 1683 Sed
3164 1628 3460 1687 humanus
3518 1633 3751 1692 animus

1966 1697 2016 1763 B
2047 1713 2298 1783 quadam
2333 1729 2447 1768 suae
2500 1713 3018 1785 contemplationis
3078 1718 3356 1775 machina.
3385 1720 3752 1793 sublevatus,

2051 1818 2166 1874 qua
2197 1818 2372 1871 super
2402 1819 2463 1858 se
2495 1801 2701 1859 altiora
2732 1804 3039 1876 conspicit,
3072 1821 3137 1861 eo
3169 1807 3226 1861 in
3250 1811 3563 1881 semetipso
3592 1812 3753 1870 terri-

2046 1889 2222 1945 bilius
2249 1890 2665 1948 contremiscit.
2699 1891 2862 1947 Unde
2893 1897 2946 1949 et
2977 1899 3108 1965 apte
3138 1896 3413 1952 subditur
3444 1914 3457 1952 :

2454 1980 2684 2037 CAPUT
2716 1981 2919 2038 XXXII
2954 1984 3095 2055 [nec
3128 1986 3342 2058 XXIII].

2120 2069 2292 2126 Vsas.
2338 2069 2420 2125 14.
2456 2101 2524 2112 —-
2554 2072 2733 2126 Pavor
2772 2076 2953 2128 tenuit
2982 2089 3087 2143 me,
3122 2080 3174 2128 et
3206 2081 3429 2146 tremor,
3467 2085 3519 2134 et
3569 2084 3753 2138 omnia

2048 2176 2167 2216 ossa
2194 2177 2314 2217 mea
2342 2164 2640 2232 perterrita
2661 2168 2810 2217 sunt.

2119 2250 2206 2304 56.
2244 2252 2357 2319 Quo
2387 2251 2561 2306 altius
2598 2254 2695 2307 Dei
2722 2252 3107 2309 rectitudinem
3127 2256 3584 2329 contemplamur,
3608 2276 3669 2316 eo
3690 2261 3754 2319 de

2050 2347 2238 2395 nostra
2297 2341 2469 2412 magis
2520 2340 2906 2412 formidamus.
2962 2375 3029 2384 —-
3086 2344 3230 2409 Quid
3293 2361 3395 2417 per
3451 2363 3604 2417 ossa,
3639 2350 3754 2407 nisi

2048 2432 2221 2487 fortia
2253 2435 2380 2487 acta
2410 2431 2723 2502 signantur
2750 2432 2777 2486 ?
2808 2434 2887 2489 De
2919 2434 3134 2505 quibus
3165 2439 3225 2492 et
3257 2452 3356 2509 per
3403 2437 3752 2509 PrOpbetam

2051 2520 2268 2576 dicitur
2300 2538 2312 2575 :
2350 2522 2608 2577 Dominus
2651 2522 2884 2577 custodit
2937 2528 3119 2578 omnia
3176 2540 3300 2581 ossa
3354 2542 3543 2583 eorum
3583 2531 3755 2594 (Psal.

2050 2626 2248 2679 χχχιιι,
2278 2612 2390 2678 2t).
2427 2614 2492 2663 Et
2521 2626 2673 2682 saepe
2695 2626 2761 2666 ea
2798 2626 2921 2682 quis
2954 2617 3136 2684 agunt
3165 2613 3452 2685 homines,
3485 2633 3609 2674 esse
3653 2618 3755 2674 ali-

2050 2700 2220 2769 cujus
2252 2699 2531 2754 momenti
2562 2699 2877 2767 aestimant,
2920 2701 3061 2772 quia
3119 2702 3502 2761 districtionis
3532 2706 3752 2763 intima:

2051 2813 2227 2869 quam
2262 2797 2338 2852 sit
2376 2796 2591 2852 subtile
2628 2797 2918 2867 judicium
2981 2798 3270 2870 ignorant.
3328 2803 3435 2858 Sed
3487 2820 3623 2860 cum
3651 2821 3756 2877 per

2053 2885 2606 2957 contemplationem
2641 2887 2791 2957 rapti
2822 2902 3071 2959 superna
3101 2889 3491 2962 conspiciunt,
3525 2893 3595 2948 ab
3628 2894 3755 2966 ipsa

2058 2977 2252 3047 aliquo
2276 2976 2443 3031 modo
2458 2992 2640 3047 presu
2653 2976 2930 3049 mptionis
2948 2994 3064 3033 suae
3079 2979 3390 3037 securitate
3411 2980 3753 3053 liqueﬁunt:

212 3059 425 3117 studio
458 3059 759 3115 dormiunt
792 3076 805 3126 ;
839 3067 893 3115 et
924 3060 1386 3116 idcircointerna
1406 3079 1519 3117 non
1544 3062 1930 3134 conspiciunt,
1966 3071 2010 3139 ί]
2049 3072 2105 3124 et
2135 3070 2297 3121 tanto
2330 3067 2511 3137 magis
2534 3067 2592 3121 in
2625 3066 2819 3123 divino
2843 3072 3154 3140 conspectu
3178 3070 3492 3141 trepidant,
3536 3078 3755 3143 quanto

215 3150 369 3223 quia
400 3153 575 3220 caput
605 3165 719 3204 non
752 3150 809 3203 in
842 3149 1031 3219 lapide
1050 3152 1149 3205 sed
1172 3150 1231 3206 in
1257 3156 1407 3207 terra
1428 3157 1766 3223 posuerunt.
1798 3155 1934 3218 Qui-

211 3238 341 3294 bus
375 3237 722 3308 plerumque
747 3238 1037 3311 contingit
1060 3245 1122 3295 ut
1144 3245 1362 3311 quanto
1382 3242 1649 3297 securius
1668 3243 1739 3297 ab
1762 3248 1941 3299 exter-

213 3328 317 3383 nis
350 3327 683 3383 actionibus
715 3338 964 3400 cessant,
999 3333 1161 3385 tanto
1194 3330 1369 3387 latius
1416 3331 1474 3386 in
1525 3348 1587 3388 se
1618 3332 1938 3389 immunda:

220 3417 609 3490 cogitationis
647 3418 955 3488 strepitum
1008 3435 1106 3490 per
1152 3421 1335 3476 otium
1386 3427 1725 3493 congerunt.
1779 3422 1942 3479 Unde

221 3508 344 3564 sub
366 3508 579 3565 Iudaeae
608 3510 801 3580 specie
834 3526 932 3579 per
962 3509 1308 3581 Prophetam
1342 3516 1580 3583 torpens
1602 3513 1717 3569 otio
1749 3514 1944 3569 anima

224 3602 511 3669 deﬂetur,
544 3618 675 3656 eum
708 3600 919 3657 dicitur
952 3619 965 3658 :
1007 3603 1268 3658 Viderunt
1296 3619 1416 3658 eam
1446 3606 1640 3673 hostes,
1661 3605 1943 3661 eldeiise-

219 3698 370 3748 runt
428 3691 665 3747 Sabbata
722 3693 839 3760 ejus
878 3694 1093 3761 (Thren.
1151 3711 1189 3762 ι,
1250 3694 1327 3766 7).
1385 3694 1670 3765 Pracepto
1726 3694 1941 3751 etenim

220 3782 383 3853 legis
415 3782 487 3837 ab
518 3783 779 3839 exteriori
833 3799 1001 3854 opere
1038 3784 1097 3839 in
1133 3784 1371 3840 sabbato
1412 3788 1696 3842 cessatur.
1732 3786 1943 3843 Hostes

218 3888 372 3944 ergo
405 3872 647 3927 sabbata
671 3872 933 3929 videntes
964 3873 1232 3947 irrident,
1263 3890 1394 3930 cum
1428 3875 1666 3947 maligni
1699 3875 1942 3948 spiritus

222 3964 365 4036 ipsa
396 3961 717 4017 vacationis
757 3963 874 4019 otia
906 3964 976 4019 ad
1031 3965 1407 4035 cogitationes
1454 3965 1687 4023 illicitas
1720 3970 1940 4038 pertra-

224 4053 384 4109 hunt
419 4056 521 4118 ;ut
551 4068 910 4125 unaquaeque
942 4056 1133 4110 anima
1166 4071 1280 4126 quo
1312 4061 1536 4111 remota
1567 4057 1639 4112 ab
1691 4058 1943 4113 externis

223 4140 567 4199 actionibus
588 4140 803 4197 servire
838 4143 952 4198 Deo
983 4144 1255 4207 creditur,
1289 4160 1354 4199 eo
1388 4145 1577 4217 magis
1609 4161 1809 4202 eorum
1859 4151 1944 4219 ty-

221 4229 472 4286 rannidi
506 4228 706 4285 illicita
764 4232 1072 4302 cogitando
1121 4233 1456 4289 famulatur.
1510 4234 1711 4291 Sancti
1746 4241 1943 4293 autem

222 4319 365 4387 viri,
397 4318 497 4390 qui
530 4335 563 4373 a
596 4320 799 4374 mundi
830 4320 1104 4392 operibus
1137 4339 1251 4378 non
1284 4326 1534 4395 torpore,
1581 4325 1683 4381 sed
1733 4324 1946 4382 virtute

2046 3172 2151 3212 nec
2176 3156 2327 3211 bona
2358 3170 2467 3210 sua
2497 3156 2675 3227 digna
2697 3156 2825 3227 ejus
2849 3158 3137 3225 examine,
3163 3174 3336 3229 quem
3363 3160 3755 3233 conspiciunt,

2046 3248 2314 3318 pensant.
2352 3244 2497 3300 Hinc
2526 3248 2615 3300 est
2635 3245 2851 3301 etenim
2878 3247 3028 3317 quod
3054 3247 3104 3302 is
3133 3248 3232 3318 qui
3264 3248 3434 3303 fortia
3465 3252 3757 3321 operando

2046 3335 2391 3408 profecerat,
2415 3350 2517 3406 per
2541 3334 2813 3407 spiritum
2839 3335 3179 3393 sublevatus
3202 3337 3493 3395 clamabat
3519 3355 3533 3395 :
3561 3339 3758 3396 Omnia

2046 3441 2165 3482 ossa
2193 3441 2318 3482 mea
2373 3424 2597 3480 dicent:
2659 3426 2905 3495 Domine,
2963 3429 3085 3498 quis
3140 3427 3344 3483 similis
3376 3428 3479 3484 tibi
3525 3431 3754 3497 (Psalm.

2044 3532 2236 3582 xxxrv,
2273 3514 2355 3583 10)
2387 3515 2415 3568 ?
2475 3520 2555 3570 Ac
2587 3515 2635 3569 si
2697 3515 2915 3570 diceret
2946 3530 2958 3568 :
2994 3516 3209 3572 Carnes
3240 3532 3378 3573 mea:
3422 3519 3598 3574 verba
3639 3536 3755 3576 non

2053 3604 2284 3670 habent,
2320 3603 2456 3674 quia
2487 3603 2720 3657 inﬁrma
2761 3619 2890 3657 mea
2921 3607 3070 3675 apud
3119 3608 3175 3660 te
3234 3606 3498 3663 funditus
3529 3608 3699 3664 silent
3735 3626 3749 3676 ;

2049 3710 2184 3752 ossa
2235 3697 2428 3749 autem
2480 3708 2608 3747 mea
2640 3698 2751 3748 tute
2796 3693 3215 3762 magnitudinis
3245 3695 3479 3752 laudem
3532 3699 3754 3769 dicunt,

2051 3784 2186 3858 quia
2218 3783 2345 3855 ipsa
2375 3796 2626 3853 quoque,
2659 3798 2786 3852 quae
2825 3796 2950 3837 esse
2974 3782 3033 3838 in
3066 3798 3157 3837 me
3192 3783 3357 3840 fortia
3387 3788 3627 3851 credidi,
3661 3795 3759 3843 tua

2051 3872 2516 3931 consideratione
2546 3870 3028 3926 contremiscunt.
3058 3871 3206 3927 Hinc
3232 3875 3500 3944 estquod
3526 3881 3755 3945 Manus,

2050 3964 2172 4018 viso
2196 3961 2403 4033 angelo
2428 3960 2861 4030 pertimescens,
2888 3959 3058 4015 dicit:
3086 3964 3265 4016 Morte
3291 3961 3756 4033 moriemur,quia

2050 4053 2287 4110 vidimus
2307 4050 2600 4107 Dominum
2630 4048 2787 4121 (Jud.
2820 4066 2945 4118 xm,
2975 4049 3090 4121 22).
3116 4052 3296 4115 Quem
3322 4067 3468 4106 uxor
3490 4051 3756 4121 protinus

2052 4141 2411 4209 consolatur,
2445 4140 2645 4195 dicens
2674 4156 2688 4197 :
2722 4138 2780 4194 Si
2803 4137 3064 4195 Dominus
3094 4154 3190 4194 nos
3214 4139 3375 4195 vellet
3394 4141 3667 4207 occidere,
3692 4141 3760 4195 de

2050 4236 2301 4290 manibus
2329 4232 2534 4287 nostris
2592 4228 2968 4285 holocaustum
3017 4232 3065 4284 et
3097 4229 3395 4285 libamenta
3436 4244 3547 4286 non
3574 4246 3754 4287 susce-

2048 4326 2211 4396 pisset
2241 4321 2421 4393 (Ibid.,
2450 4320 2566 4389 23).
2611 4318 2756 4383 Quid
2792 4323 2879 4373 est
2926 4322 3121 4375 autem
3157 4320 3311 4390 quod
3366 4321 3434 4375 ad
3476 4320 3758 4378 visionem

227 4407 569 4479 sapiuntur,
600 4406 954 4465 laboriosius
985 4411 1302 4482 dormiunt,
1344 4428 1520 4483 quam
1570 4414 1811 4485 vigilare
1844 4432 1942 4485 po-
1976 4409 2024 4478 D
2055 4412 2244 4485 angeli
2276 4411 2363 4466 vir
2395 4410 2459 4464 fit
2488 4407 2754 4476 timidus,
2786 4412 2841 4463 et
2872 4406 3086 4463 mulier
3106 4408 3315 4475 audax,
3343 4408 3454 4465 nisi
3481 4411 3635 4483 quod
3662 4426 3762 4468 no-

230 4500 505 4563 tuerunt,
540 4497 677 4568 quia
706 4497 763 4551 in
797 4514 863 4554 eo
895 4500 1050 4570 quod
1080 4501 1334 4557 actiones
1358 4502 1534 4572 hujus
1556 4502 1751 4560 seaculi
1782 4505 1948 4561 dese-

228 4590 440 4644 rentes
492 4591 793 4658 supcrant,
856 4589 1096 4645 robusto
1128 4591 1399 4647 conﬂictu
1434 4592 1695 4663 quotidie
1748 4598 1952 4650 contra

228 4676 587 4746 semetipsos
619 4683 893 4748 pugnant,
928 4694 1000 4735 ne
1031 4695 1193 4736 mens
1242 4698 1342 4751 per
1374 4682 1786 4754 negligentiam
1821 4688 1948 4740 tor—

231 4769 397 4838 peat,
432 4781 504 4821 ne
533 4766 771 4822 subacta
802 4767 916 4824 otio
938 4771 1004 4823 ad
1023 4769 1310 4826 desideria
1332 4771 1639 4828 immunda
1662 4773 1949 4847 frigescat,

231 4870 314 4913 ne
335 4855 398 4909 in
420 4853 569 4926 ipsis
593 4855 761 4912 bonis
783 4856 1089 4914 desideriis
1113 4858 1730 4931 plusjustoinferveal,
1748 4879 1821 4919 ne
1844 4862 1951 4918 sub

236 4946 406 5001 164
439 4944 811 5001 discretionis
869 4949 1062 5019 specie
1121 4950 1353 5008 sibimet
1408 4954 1716 5023 parcendo,
1750 4970 1783 5007 a
1832 4968 1957 5023 per-

239 5035 497 5091 fectione
549 5034 904 5105 languescat.
967 5039 1096 5111 Agit
1150 5040 1297 5107 haec,
1327 5049 1382 5097 et
1433 5043 1505 5099 ab
1538 5043 1715 5114 hujus
1749 5043 1953 5099 mundi

236 5123 509 5195 inquieta
538 5125 1012 5197 concupiscentia
1046 5144 1107 5185 se
1138 5130 1371 5201 penitus
1403 5132 1718 5203 subtrahit,
1752 5149 1817 5188 ac
1841 5136 1952 5189 ter-

240 5228 528 5270 renarum
562 5214 860 5270 actionum
892 5217 1203 5291 strepitum
1238 5220 1469 5291 deserit,
1505 5225 1561 5277 et
1611 5238 1713 5293 per
1742 5223 1958 5295 quietis

241 5302 514 5359 studium
543 5302 857 5362 virtutibus
900 5307 1143 5377 intenta,
1198 5309 1442 5383 vigilans
1494 5312 1728 5371 dormit.
1762 5316 1958 5386 Neque

241 5392 409 5449 enim
441 5392 514 5447 ad
536 5394 988 5465 contemplanda
1008 5397 1236 5454 interna
1256 5400 1612 5471 perducitur,
1639 5402 1751 5459 nisi
1775 5404 1847 5458 ab
1866 5403 1957 5459 his

330 5561 407 5650 tu)
441 5560 525 5616 Ita
544 5574 750 5650 omnes
770 5561 1116 5650 nostri‘Mss.
1142 5566 1198 5650 et
1227 5573 1332 5620 vet.
1371 5566 1466 5650 Ed:
1490 5566 1713 5650 coenet
1743 5572 1958 5650 recent.

246 5635 432 5697 Edit.,
468 5635 683 5685 auctori
709 5647 804 5687 suo
832 5637 1137 5704 semetipsos
1170 5640 1601 5694 transcendendo
1624 5640 1959 5700 inhaereant.

339 5704 413 5773 (ὁ)
441 5704 506 5757 In
540 5700 691 5773 plur.
726 5702 1223 5778 Mss.,concipitur.
1258 5708 1318 5764 In
1349 5709 1470 5767 Val.
1504 5709 1586 5765 Cl.
1620 5713 1957 5781 concupitur.

2061 4503 2151 4559 bis
2183 4499 2407 4572 quoties
2438 4497 2699 4555 coelestia
2729 4497 3224 4566 demonstrantur,
3258 4498 3504 4568 spiritus
3531 4499 3763 4570 quidem

2060 4606 2300 4665 pravore
2330 4604 2391 4645 se
2414 4588 2687 4656 concutit,
2713 4587 2813 4642 sed
2849 4590 3061 4640 tamem
3087 4602 3223 4657 spes
3246 4587 3596 4657 praesumit?
3623 4589 3766 4647 Inde

2061 4695 2312 4751 namque
2342 4694 2478 4750 spes
2508 4677 2578 4731 ad
2614 4676 2833 4745 majora
2864 4674 2931 4745 (ε)
2955 4674 3218 4729 audenda
3240 4689 3366 4729 sese
3396 4674 3588 4746 erigit,
3610 4678 3765 4732 unde

2061 4770 2332 4826 turbatur
2364 4766 2632 4837 spiritus,
2665 4764 2800 4835 quia
2817 4780 2881 4820 ea
2903 4780 3029 4835 quae
3049 4779 3302 4832 superna
3322 4768 3483 4833 sunt,
3506 4764 3665 4835 prior
3683 4766 3764 4821 vi-

2063 4860 2176 4915 det.
2213 4858 2347 4929 [Vet.
2406 4855 2608 4927 ΧΧΗΙ.]
2666 4853 2813 4920 Quia
2843 4852 3022 4926 igitur
3078 4868 3209 4907 cum
3270 4851 3476 4907 altiora
3506 4859 3758 4909 secreto-

2064 4965 2195 5004 rum
2228 4945 2544 5003 cmlestium
2579 4942 2875 5000 sublevata
2910 4957 3069 4999 mens
3102 4940 3764 5012 conspicit,cunctahu-

2066 5053 2374 5095 manarum
2402 5035 2609 5091 virium
2662 5033 2927 5091 soliditas
2975 5030 3390 5097 contremiscit,
3425 5036 3578 5090 recte
3608 5050 3765 5091 nunc

2066 5130 2280 5186 dicitur
2312 5144 2325 5184 :
2350 5130 2525 5184 Pavor
2554 5127 2729 5181 lenuit
2754 5139 2858 5192 me,
2891 5129 2945 5177 et
2977 5126 3200 5188 tremor,
3223 5127 3279 5174 et
3301 5124 3486 5176 omnia
3506 5139 3626 5179 ossa
3646 5141 3764 5182 mea

2063 5222 2359 5295 perterrita
2387 5224 2531 5275 sunt.
2565 5217 2642 5269 Ac
2673 5214 2721 5268 si
2770 5214 2966 5283 aperte
3014 5210 3305 5266 diceretur
3354 5226 3367 5265 :
3418 5211 3766 5273 Subtilitatis

2066 5314 2287 5370 intimas
2318 5323 2529 5367 arcana
2554 5301 2901 5377 percipiens,
2935 5301 3091 5359 unde
3125 5315 3216 5357 me
3248 5302 3401 5372 apud
3434 5318 3527 5359 me
3558 5304 3765 5362 fortem

2068 5400 2456 5466 credidi,ante
2479 5397 2853 5467 conspectum
2875 5390 3089 5462 judicis
3110 5390 3247 5447 inde
3268 5390 3533 5450 titubavi.
3560 5393 3767 5452 Distri-

2069 5565 2130 5619 In
2164 5561 2329 5618 Corb.
2366 5561 2583 5625 Germ.,
2618 5558 2780 5629 Reg.,
2809 5554 2994 5623 Colb.,
3023 5552 3205 5624 prima
3258 5568 3460 5615 manu,
3499 5559 3764 5629 conspici-

2070 5600 2379 5706 llirrq’uam
2412 5631 2538 5706 lect.
2570 5600 2957 5700 praefulimus.
2984 5600 3053 5706 ’ἱ
3302 5695 3341 5706 μ

2140 5695 2410 5779 (efﬂorb.
2443 5695 2659 5769 Germ.,
2696 5716 2832 5758 cum
2864 5715 2980 5757 uno
3012 5698 3173 5770 Reg,
3206 5695 3500 5754 audienda.
