4134 6174
407 267 519 333 711

1671 245 1948 311 SANCTI
1995 240 2362 306 GREGORII
2406 247 2622 312 MAGN
2628 251 2651 311 Ι
3774 259 3868 319 712

405 408 657 466 οιίοηθω
680 399 888 474 quippe
920 396 1127 454 divinas
1141 392 1387 467 justitim
1429 387 1908 462 contemplantes,
1932 381 2106 474 etiam
2131 376 2186 445 Α
2217 379 2362 474 vitas
2392 401 2597 444 omnes
2629 387 2777 461 pilos
2808 387 3000 446 carnis
3034 389 3254 457 radere,
3287 391 3430 461 quia
3459 390 3508 446 is
3538 390 3629 463 qui
3662 392 3714 448 in
3739 393 3873 453 obse-

406 502 477 556 de
508 493 655 568 ipsis
679 471 950 562 ope-ribus
972 487 1107 558 jure
1140 481 1633 557 pertimescimus,
1670 494 1793 549 quae
1821 491 1928 530 nos
1951 471 2121 528 fortia

411 588 605 661 egisse
638 581 1012 655 putabamus.
1045 576 1228 632 Ducta
1261 587 1515 642 namque
1544 568 2120 661 abginternamrcgu-

409 653 527 736 lam
559 653 759 731 nostra
800 669 1106 732 rectitude,
1156 665 1203 720 si
1249 664 1399 719 165
1464 659 1793 716 districtum
1825 653 2118 727 judicium

410 762 655 826 invenit,
688 758 893 815 multis
924 753 1329 810 fortitudinum
1361 764 1599 804 suarum
1633 744 1860 801 sinibus
1900 742 1960 797 in
1983 740 2119 796 inti-

407 870 565 911 mam
596 846 1007 905 rectitudinem
1039 840 1329 912 impingit.
1364 838 1528 894 Unde
1574 837 1720 891 bene
1737 832 1954 889 Paulus
1982 846 2115 886 cum

408 948 466 1001 et
494 943 775 999 virtutum
807 951 938 991 ossa
968 933 1184 988 habere
1215 946 1275 985 se
1294 932 1571 996 cerneret,
1598 930 1653 981 et
1673 929 1869 980 tamen
1894 921 2003 977 sub
2037 920 2119 973 di-

410 1034 615 1091 stricto
638 1027 903 1085 examine
928 1025 1043 1079 haec
1066 1023 1268 1078 eadem
1296 1022 1422 1090 ejus
1443 1034 1577 1073 ossa
1600 1015 1984 1086 trepidarent,
2006 1010 2113 1065 ait:

410 1123 559 1181 Mihi
585 1137 683 1194 pro
714 1120 950 1174 minimo
981 1120 1079 1184 est,
1112 1120 1225 1169 uta
1251 1114 1392 1168 vobis
1415 1110 1642 1180 iudicer,
1666 1104 1851 1161 aulab
1873 1104 2118 1194 humano

411 1215 517 1269 die.
550 1188 653 1268 Sed
681 1224 856 1280 neque
888 1222 974 1262 me
1004 1207 1187 1271 ipsum
1226 1202 1300 1272 (a)
1340 1199 1516 1267 judico
1550 1214 1562 1252 :
1602 1195 1747 1251 nihil
1794 1194 1946 1248 enim
1974 1188 2118 1246 mihi

408 1304 655 1360 conscius
710 1314 833 1354 sum
882 1298 933 1366 (Ι
988 1296 1111 1350 Cor.
1174 1310 1249 1360 1v,
1284 1292 1357 1361 3).
1392 1289 1500 1345 Sed
1535 1286 1673 1359 quia
1704 1283 1921 1339 auditis
1951 1280 2114 1336 venis

409 1392 591 1451 divini
620 1388 890 1456 susurrii,
924 1386 1045 1441 haec
1073 1382 1273 1439 eadem
1300 1382 1427 1451 ejus
1451 1396 1583 1434 ossa
1614 1375 2113 1437 contremuerunt,

405 1485 563 1541 illico
594 1480 863 1552 adjunxit
895 1496 907 1534 :
945 1476 1047 1533 Sed
1079 1491 1187 1531 non
1216 1477 1275 1528 in
1304 1474 1401 1527 hoc
1440 1470 1783 1543 justi/iratus
1817 1483 1939 1521 sum
1971 1482 1987 1518 :
2019 1466 2117 1535 qui

408 1582 592 1632 autem
628 1569 845 1644 judicat
887 1583 994 1631 me,
1048 1566 1311 1621 Dominus
1342 1566 1436 1617 est.
1472 1562 1551 1614 Ac
1583 1558 1629 1613 si
1659 1558 1876 1611 diceret
1910 1570 1922 1609 :
1957 1560 2116 1609 recta

410 1662 600 1735 egisse
631 1675 723 1714 me
756 1654 968 1720 recolo,
995 1658 1051 1708 et
1082 1656 1276 1707 tamen
1310 1651 1381 1704 de
1412 1647 1635 1703 meritis
1659 1661 1773 1699 non
1798 1657 2110 1714 praesumo,

2229 471 2381 541 quiis
2422 474 2635 532 divinis
2693 477 3039 544 assumitur,
3092 477 3259 534 debet
3317 483 3456 534 ante
3509 479 3603 534 Dei
3650 482 3869 538 oculosa

2227 564 2452 620 cunctis
2484 566 2675 622 carnis
2722 567 3174 638 cogitationibus
3204 568 3457 624 mundus
3501 586 3772 641 apparere,
3812 587 3870 627 ne

2228 652 2460 710 illicitas
2518 657 2901 729 cogitationes
2958 675 3121 714 mens
3180 660 3445 727 proferat,
3505 666 3558 714 et
3612 659 3875 730 pulchram

2228 745 2435 799 animae
2454 746 2703 816 speciem
2722 748 2890 819 quasi
2916 748 3050 819 pilis
3070 748 3149 820 (b)
3174 749 3577 805 fruticantibus
3599 751 3875 806 deformem

2227 834 2449 889 reddat.
2483 836 2590 891 Sed
2626 837 3004 908 quantalibet,
3040 842 3103 892 ut
3134 838 3408 901 diximus,
3434 840 3751 911 quempiam
3788 842 3877 897 vir-

2225 925 2323 976 tus
2355 928 2565 979 sanctae
2623 926 3077 982 conversationis
3125 927 3392 994 evexerit,
3426 927 3609 982 adhuc
3639 932 3814 984 tamen
3836 930 3876 985 ei

2226 1009 2299 1065 de
2327 1016 2618 1068 vetustate
2646 1015 2776 1069 vitai
2827 1016 3090 1071 nascitur
3138 1016 3294 1086 quod
3346 1014 3636 1073 toleratur.
3665 1017 3809 1073 Unde
3833 1022 3877 1074 et

2227 1098 2341 1171 ipsi
2375 1102 2695 1158 Levitarum
2756 1104 2856 1175 pili
2914 1104 3038 1159 radi
3071 1106 3337 1175 praecepti
3386 1110 3545 1175 sunt,
3578 1122 3683 1161 non
3725 1106 3878 1163 evelli.

2226 1190 2388 1246 Rasis
2418 1192 2630 1247 etenim
2690 1192 2822 1264 pilis
2874 1193 2930 1248 in
2994 1210 3165 1250 carne
3214 1194 3438 1250 radices
3496 1204 3795 1264 remanent,
3838 1202 3884 1253 et

2225 1286 2497 1336 crescunt
2521 1281 2733 1338 iterum
2767 1286 2831 1337 ut
2861 1283 3213 1350 recidantur,
3246 1284 3385 1355 quia
3430 1301 3634 1357 magno
3680 1285 3881 1356 quidem

2225 1371 2423 1426 studio
2454 1373 2757 1444 superﬂuae
2790 1374 3173 1445 cogitationes
3223 1376 3585 1445 amputandae
3628 1380 3770 1443 sunt,
3798 1377 3880 1432 sed

2225 1463 2424 1515 tamen
2458 1461 2741 1533 amputari
2776 1462 3044 1517 funditus
3076 1479 3448 1535 nequaquam
3474 1469 3725 1534 possunt.
3747 1465 3885 1519 Sem-

2225 1565 2328 1620 per
2356 1551 2511 1605 enim
2547 1567 2675 1607 caro
2706 1556 2999 1623 superﬂua
3020 1561 3257 1623 generat
3287 1569 3419 1625 quae
3437 1569 3657 1624 semper
3687 1554 3887 1626 spiritus

2226 1637 2373 1694 ferro
2401 1639 2816 1695 sollicitudinis
2865 1639 3103 1696 recidat.
3146 1640 3261 1696 Sed
3292 1646 3491 1697 tamen
3524 1642 3638 1697 hazc
3666 1642 3720 1696 in
3749 1640 3885 1697 nobis

408 1728 544 1825 quia
573 1751 642 1806 ad
674 1750 801 1817 ejus
831 1761 1071 1802 examen
1105 1742 1223 1797 vita
1270 1745 1470 1796 nostra
1518 1737 1773 1803 ducitur,
1839 1734 1946 1790 sub
2001 1748 2116 1803 quo
2144 1742 2195 1808 Β
2230 1734 2365 1783 tunc
2397 1728 2676 1784 subtilius
2704 1728 3115 1799 conspicimus,
3147 1747 3280 1786 cum
3312 1731 3723 1802 speculationis
3762 1732 3886 1787 166

410 1846 620 1901 nostras
651 1836 1013 1896 fortitudinis
1045 1839 1102 1890 et
1131 1849 1267 1888 ossa
1296 1831 1630 1886 turbantur.

476 1933 566 1987 57.
599 1923 1092 1997 Contemplationis
1126 1924 1307 1991 gratia
1335 1936 1443 1975 non
1474 1922 1553 1974 est
1580 1919 1869 1972 diuturna.
1901 1942 1971 1955 —
2004 1912 2115 1967 Sed

406 2037 542 2079 cum
576 2036 740 2076 mens
766 2018 825 2072 in
870 2011 1359 2083 contemplatione
1392 2006 1793 2079 suspenditur,
1826 2018 1955 2058 cum
1982 2018 2113 2057 car-

408 2111 503 2166 nis
521 2106 822 2178 angustias
845 2117 1152 2172 superans,
1172 2116 1274 2169 per
1292 2094 1711 2169 speculationis
1725 2092 1839 2147 vim
1860 2092 1929 2146 de
1947 2090 2118 2146 liber-

408 2204 528 2256 tatc
559 2197 779 2269 aliquid
814 2194 1029 2249 intima:
1060 2189 1389 2246 securitatis
1421 2188 1683 2253 rimatur,
1708 2189 1861 2240 stare
1884 2183 1983 2238 diu
2016 2198 2117 2237 su-

406 2304 509 2364 per
538 2288 907 2357 semetipsam
940 2298 1056 2338 non
1081 2283 1272 2351 potest
1301 2294 1313 2344 ;
1355 2276 1488 2348 quia
1518 2274 1627 2331 etsi
1676 2274 1822 2364 banc
1873 2271 2117 2343 spiritus

412 2362 480 2435 ad
514 2390 747 2433 summa
778 2371 992 2439 evehit,
1050 2385 1182 2425 caro
1242 2372 1437 2422 tamen
1488 2365 1614 2433 ipso
1648 2362 1841 2419 adhuc
1871 2377 2114 2431 corrup-

408 2467 591 2525 tionis
621 2481 738 2521 suee
798 2461 1052 2534 pondere
1110 2459 1385 2514 deorsum
1427 2453 1659 2526 premit.
1696 2452 1859 2507 Unde
1891 2454 1948 2505 et
1974 2448 2114 2505 sub-

417 2558 577 2613 ditur
609 2571 623 2611 :

1005 2637 1234 2694 CAPUT
1259 2633 1521 2691 XXXIII.

374 2772 393 2785 ι
477 2737 650 2792 Vens.
677 2733 763 2789 15.
796 2760 865 2771 -
886 2731 959 2786 Et
988 2744 1110 2784 cum
1139 2726 1367 2797 spiritus
1398 2739 1485 2779 me
1513 2723 1786 2793 praesente
1833 2718 2117 2785 transiret,

409 2827 801 2885 inhorruerunt
832 2821 939 2891 pili
965 2820 1149 2874 carnis
1177 2830 1330 2871 meae.

476 2918 567 2972 58.
602 2912 913 2970 Invisibilia
968 2908 1193 2980 quidem
1221 2905 1611 2975 cognoscimus,
1668 2901 1761 2957 sed
1792 2902 2018 2972 raptim.
2051 2927 2121 2939 —-

412 3005 592 3062 Nobis
616 3000 994 3074 prasentibus
1016 2995 1258 3067 spiritus
1286 2993 1523 3056 transit,
1549 2991 1779 3063 quando
1801 2986 2120 3044 invisibilia

2230 1817 2341 1873 alta
2368 1824 2767 1890 penetramus.
2801 1819 2963 1875 Unde
2994 1824 3146 1876 recte
3176 1837 3332 1876 nunc
3365 1820 3577 1877 dicitur
3609 1838 3621 1875 :
3654 1823 3770 1878 Cum
3794 1822 3888 1891 spi-

2224 1908 2367 1961 ritus
2397 1922 2486 1962 me
2513 1911 2790 1978 praesente
2820 1909 3109 1978 transiret,
3168 1908 3573 1965 inhorruerunt
3614 1909 3711 1981 pili
3737 1911 3890 1964 carnis

2224 2012 2381 2053 meae.

2296 2088 2433 2158 [Vet.
2468 2087 2664 2158 XXIV.J
2710 2088 2801 2142 60.
2861 2090 2984 2145 Hac
3037 2088 3338 2145 sollicitius
3394 2096 3603 2146 resecat
3628 2105 3759 2145 mens
3782 2104 3886 2144 con-

2228 2176 2578 2246 templationi
2606 2175 2806 2244 dedita,
2843 2176 3031 2248 sicque
3076 2178 3351 2247 Spiritum
3380 2194 3518 2249 pene
3548 2178 3675 2250 ﬁgit,
3704 2192 3786 2232 nec
3811 2185 3887 2232 ta-

2225 2281 2353 2320 men
2382 2266 2480 2322 diu
2511 2274 2673 2325 tenet.
2706 2299 2773 2308 —
2812 2268 3079 2324 Humana
3106 2269 3324 2325 etenim
3384 2286 3546 2325 mens
3574 2270 3629 2326 in
3654 2272 3885 2326 contem-

2226 2354 2510 2427 plationis
2540 2373 2670 2413 arce
2702 2357 3018 2425 sublevate,
3055 2362 3212 2413 tanto
3239 2360 3613 2431 semetipsam
3634 2357 3816 2413 durius
3834 2358 3889 2412 de

2228 2445 2546 2516 superfluis
2594 2446 2838 2514 cruciat,
2885 2452 3105 2518 quanto
3156 2447 3333 2503 nimis
3392 2448 3598 2504 subtile
3639 2447 3889 2518 conspicit

2225 2550 2353 2590 esse
2385 2536 2541 2606 quod
2573 2541 2767 2604 amat;
2802 2541 2858 2591 et
2879 2553 3007 2592 cum
3034 2536 3344 2608 pulchram
3375 2537 3629 2594 intuetur
3645 2537 3743 2593 hoc
3764 2536 3890 2608 quod

2227 2641 2405 2697 super
2456 2641 2518 2680 se
2550 2627 2790 2697 appetit,
2850 2625 3111 2682 districts
3153 2626 3388 2696 judicat
3446 2627 3715 2700 quidquid
3752 2627 3800 2681 in
3845 2640 3892 2680 se

2224 2715 2529 2772 inﬁrmum
2562 2716 2724 2786 prius
2751 2715 3066 2787 tranquille
3087 2716 3402 2773 tolerabat.
3431 2723 3763 2774 Transeunte
3784 2731 3891 2787 ergo

2227 2805 2436 2877 spiritu
2488 2804 2591 2877 pili
2623 2806 3067 2875 pertimescunt,
3109 2807 3248 2877 quia
3287 2812 3430 2864 ante
3467 2805 3893 2878 compunctionis

2224 2895 2339 2950 vim
2374 2894 2753 2965 cogitationes
2785 2898 3091 2965 superﬂuae
3124 2895 3384 2966 fugiunt,
3423 2904 3481 2951 ut
3512 2894 3651 2951 nihil
3680 2894 3887 2962 ﬂuxum,

2228 2982 2515 3054 nihiljam
2551 2983 2863 3039 remissum
2897 2982 3093 3053 libeat,
3117 2984 3253 3053 quia
3283 2985 3364 3056 (ε)
3394 2986 3639 3041 efﬂatam
3672 2988 3886 3039 mentem

411 3073 841 3167 cognoscimus,
872 3094 928 3145 et
956 3096 1153 3144 tamen
1185 3085 1307 3139 haec
1358 3100 1472 3138 non
1527 3082 1731 3149 solide,
1761 3081 1861 3136 sed
1905 3080 2110 3148 raptim
2145 3091 2187 3159 ρ
2227 3075 2403 3129 etiam
2435 3077 2636 3128 contra
2676 3073 3051 3144 semetipsam
3109 3073 3473 3131 visitationis
3524 3074 3728 3130 intimas
3754 3088 3886 3128 seve-

410 3185 695 3241 videmus.
744 3179 943 3250 Neque
981 3176 1136 3232 enim
1167 3173 1227 3229 in
1277 3175 1556 3228 suavitate
1604 3168 2111 3238 contemplationis

414 3271 635 3329 intima:
663 3269 760 3324 diu
781 3282 945 3322 mens
970 3264 1187 3336 ﬁgitur,
1208 3262 1342 3333 quia
1364 3261 1433 3316 ad
1461 3258 1834 3329 semetipsam
1860 3257 1991 3327 ipsa
2009 3256 2115 3311 im-

422 3363 732 3418 mensitate
780 3355 1024 3413 luminis
1079 3353 1440 3408 reverberata
1498 3355 1816 3404 revocatur.
1851 3348 2115 3419 Cumque

409 3452 705 3508 internam
738 3444 1106 3502 dulcedinem
1168 3444 1457 3513 degustat,
1519 3453 1714 3493 amore
1754 3443 1981 3506 aestuat,
2032 3438 2115 3492 ire

415 3556 590 3612 super
621 3536 995 3605 semetipsam
1028 3532 1255 3600 nititur,
1277 3531 1372 3586 sed
1402 3530 1471 3583 ad
1503 3527 1864 3583 infirmitatis
1885 3543 2006 3582 suae
2028 3532 2116 3583 te-

414 3632 628 3688 nebras
659 3628 837 3682 fracta
868 3623 1147 3679 relabitur
1179 3641 1192 3690 ;
1227 3624 1284 3676 et
1315 3635 1524 3689 magna
1546 3617 1754 3673 virtute
1787 3618 2112 3689 proficiens,

415 3720 573 3775 videt
603 3715 739 3788 quia
766 3713 957 3768 videre
988 3727 1101 3766 non
1134 3708 1320 3779 possit
1350 3707 1458 3763 hoc
1487 3706 1639 3778 quod
1674 3706 1945 3761 ardenter
1973 3705 2115 3762 dili-

416 3810 519 3882 git,
555 3821 660 3862 nec
680 3808 877 3859 tamen
910 3800 1180 3856 ardenter
1196 3796 1482 3867 diligeret,
1508 3793 1619 3849 nisi
1641 3794 2011 3864 aliquatenus
2030 3796 2119 3850 vi-

418 3881 600 3952 deret.
637 3892 760 3949 Non
794 3905 930 3961 ergo
962 3891 1099 3954 stat,
1144 3887 1241 3941 sed
1302 3883 1515 3939 transit
1545 3881 1808 3953 spiritus,
1841 3882 1979 3952 quia
2022 3900 2119 3939 su-

419 4000 661 4060 pernam
694 3982 891 4037 lucem
925 3982 1123 4035 nostra
1154 3975 1325 4032 nobis
1357 3973 1767 4044 contemplatio
1798 3977 1855 4029 et
1892 3973 2120 4028 inhian-

418 4077 576 4133 tibus
607 4071 811 4143 aperit,
845 4073 899 4125 et
931 4064 1515 4125 moxinfirmantibus
1542 4062 1865 4118 abscondit.
1887 4063 1953 4117 Et
1984 4063 2123 4134 quia

422 4167 482 4222 in
516 4165 624 4219 hac
654 4161 769 4217 vita
800 4157 1166 4231 quantalibet
1194 4156 1408 4210 virtute
1435 4152 1566 4224 quis
1589 4151 2121 4224 profeceril,adhue

423 4259 621 4311 tamen
673 4247 1064 4320 corruptionis
1121 4261 1243 4300 suae
1299 4240 1605 4298 stimulum
1665 4240 1881 4297 sentit:
1920 4242 2124 4310 Corpus

2226 3164 2367 3219 ritas
2399 3163 2747 3219 inﬂammat.
2784 3163 3047 3234 Cumque
3078 3162 3209 3230 hoc,
3269 3166 3435 3234 quod
3468 3166 3524 3221 in
3556 3165 3716 3220 corde
3743 3162 3889 3218 illici-

2224 3261 2349 3313 tum
2386 3257 2665 3322 nascitur,
2699 3255 2975 3311 continua
3001 3255 3370 3315 districtione
3393 3257 3767 3323 resecatur,fit
3792 3253 3888 3327 ple-

2225 3360 2476 3416 rumque
2525 3347 2587 3398 ut
2633 3347 2895 3415 vegetata
2952 3359 3120 3400 mens
3162 3344 3335 3412 paulo
3400 3345 3575 3403 latius
3605 3345 3745 3401 radio
3787 3358 3882 3398 sua

2226 3432 2640 3507 speculationis
2686 3433 2982 3501 inhereat,
3043 3439 3100 3489 et
3156 3450 3298 3505 pene
3332 3436 3475 3509 figat
3522 3436 3765 3507 spiritum
3800 3431 3879 3503 qui

2226 3523 2531 3581 transibat.
2564 3522 2679 3579 Nec
2709 3526 2907 3578 tamen
2940 3522 3062 3579 haec
3088 3522 3214 3594 ipsa
3234 3523 3733 3597 contemplationis
3755 3534 3884 3577 mora

2227 3612 2564 3669 Divinitatis
2588 3613 2702 3666 vim
2736 3611 2903 3682 plene
2968 3612 3170 3683 aperit,
3203 3612 3338 3684 quia
3403 3615 3527 3685 ejus
3566 3610 3883 3669 immensitas

2227 3703 2515 3758 humanas
2572 3701 2720 3757 vires
2779 3705 2979 3758 auctas
3045 3701 3497 3776 sublevatasque
3548 3698 3879 3761 transcendit.

2228 3793 2389 3849 Unde
2418 3799 2472 3849 et
2500 3794 2647 3849 bene
2674 3791 2946 3848 subditur
2978 3809 2993 3850 :

2648 3881 2874 3938 CAPUT
2904 3882 3140 3938 XXXIV
3171 3884 3313 3955 meo.
3350 3886 3518 3957 XXV].

2300 3973 2478 4029 Vens.
2513 3973 2599 4027 16.
2634 4004 2701 4012 —
2729 3971 2892 4027 Stetit
2942 3973 3195 4044 quidam,
3248 3976 3414 4046 cuius
3445 3992 3552 4032 non
3580 3971 3882 4046 agnoscebam

2230 4064 2464 4119 vultum.

2299 4151 2387 4205 61.
2425 4151 2591 4205 Homo
2620 4166 2718 4221 per
2766 4154 3047 4220 peccatum
3105 4158 3247 4208 totus
3299 4154 3552 4211 carnalis
3586 4156 3770 4225 lactus,
3800 4161 3887 4200 non

2227 4242 2430 4308 cogitat
2459 4240 2579 4293 sine
2635 4239 2968 4310 imaginibus
3021 4257 3325 4312 corporum.
3373 4245 3481 4309 Qui
3506 4247 3619 4298 sine
3663 4241 3739 4295 his
3786 4236 3887 4290 ani-

426 4345 650 4415 quippe,
710 4338 855 4410 quod
901 4336 1294 4405 corrumpitur,
1354 4334 1621 4402 aggravat
1648 4330 1919 4399 animam,
1951 4335 1999 4386 et
2040 4332 2130 4387 de-
2158 4346 2205 4413 Ι)
2235 4344 2381 4384 mam
2428 4343 2604 4396 suam,
2655 4343 2717 4382 ac
2772 4327 2969 4383 deinde
3022 4331 3194 4386 Deum
3248 4332 3541 4403 percipiat.
3590 4361 3653 4371 —
3682 4325 3884 4415 Quidam

421 4431 626 4505 primit
656 4436 880 4484 terrena
928 4424 1256 4481 inhabitatio
1305 4439 1524 4479 sensum
1570 4422 1746 4479 multa
1792 4425 2123 4494 cogitantem

424 4520 579 4591 (Sap.
613 4533 694 4582 ιχ,
728 4516 840 4585 15),
872 4522 1022 4570 recte
1054 4512 1326 4568 subditur
1357 4528 1370 4567 :
1407 4510 1808 4567 lnhorruerunt
1844 4512 1950 4584 pili
1991 4528 2124 4566 car-

423 4612 513 4667 nis
544 4621 699 4664 meae.

498 4700 644 4771 [Rea
706 4693 895 4764 XXIV.]
930 4693 1020 4747 59.
1080 4691 1243 4747 Nemo
1303 4690 1395 4746 hic
1438 4694 1515 4745 ita
1560 4693 1851 4763 perfectus,
1899 4694 2122 4749 cuinon

422 4792 685 4847 nascatur
712 4800 921 4855 semper
949 4780 1088 4855 quod
1117 4783 1403 4837 resecetur.
1434 4811 1502 4819 —
1559 4780 1663 4835 Pili
1693 4782 1904 4837 etenim
1937 4783 2127 4838 carnis

424 4885 568 4938 sunt
598 4876 870 4951 quaelibet
898 4871 1193 4944 superﬂua
1248 4870 1517 4926 humanae
1565 4872 1971 4941 corruptionis.
2016 4872 2125 4928 Pili

425 4970 619 5031 carnis
670 4971 807 5024 sunt
862 4964 992 5019 vitm
1050 4960 1261 5017 veteris
1314 4959 1717 5031 cogitationes,
1772 4977 1921 5031 quas
1979 4962 2127 5017 sica

426 5064 621 5118 mente
650 5055 991 5122 incidimus,
1022 5054 1088 5106 ut
1116 5048 1187 5106 de
1218 5048 1534 5105 amissione
1574 5064 1775 5104 earum
1819 5048 1975 5106 nullo
2016 5053 2129 5107 do-

426 5150 545 5208 lore
594 5148 929 5216 fatigamur.
974 5141 1127 5198 Bene
1166 5143 1361 5195 autem
1420 5153 1523 5208 per
1572 5137 1808 5210 Moysen
1860 5138 2120 5196 dicitur:

426 5238 626 5293 Levites
658 5236 855 5290 radunt
883 5246 1069 5290 omnes
1095 5229 1241 5303 pilos
1297 5229 1482 5284 carnis
1510 5242 1629 5285 sua:
1656 5228 1837 5299 (Num.
1880 5246 2003 5297 vm,
2046 5234 2123 5299 7).

428 5325 622 5382 Levita
654 5324 869 5396 quippe
896 5326 1239 5393 assumptus
1268 5322 1521 5378 vocatur.
1573 5318 1814 5391 Oportet
1851 5334 1986 5391 ergo
2024 5321 2125 5377 Le-

501 5570 580 5641 (a)
614 5566 1211 5641 CompendLet‘Cogb.
1247 5566 1746 5641 Germ.._dijudico.

2238 4433 2492 4489 namque
2515 4433 2629 4472 non
2662 4415 2934 4484 dicimus,
2960 4417 3070 4473 nisi
3091 4420 3161 4474 de
3190 4435 3255 4475 eo
3289 4421 3520 4494 utique,
3546 4434 3705 4492 quem
3726 4412 3888 4485 expri-

2236 4524 2393 4562 mere
2433 4510 2533 4561 aut
2563 4506 2862 4574 nolumus,
2884 4512 2983 4563 aut
3013 4525 3129 4564 non
3162 4508 3452 4566 valemus.
3479 4511 3585 4567 Sed
3606 4524 3714 4581 qua
3734 4505 3889 4560 mente

2235 4598 2342 4654 hoc
2373 4597 2497 4653 loco
2536 4596 2751 4652 dicitur
2809 4596 3055 4670 quidam,
3112 4598 3384 4655 videlicet
3432 4603 3737 4671 exponitur,
3781 4605 3888 4648 cum

2236 4689 2496 4759 protinus
2527 4687 2886 4743 subinfertur
2917 4705 2930 4743 :
2968 4690 3136 4754 Cuius
3166 4706 3275 4747 non
3306 4691 3663 4763 agnoscebam
3691 4685 3887 4741 vultum.

2234 4778 2503 4833 Humana
2534 4777 2748 4848 quippe
2780 4777 2989 4843 anima,
3038 4778 3359 4850 primorum
3394 4780 3686 4836 hominum
3716 4772 3831 4828 vitio
3863 4784 3890 4821 a

2235 4867 2487 4939 paradisi
2514 4867 2743 4938 gaudiis
2764 4868 3030 4939 expulsa,
3049 4868 3237 4925 lucem
3255 4869 3634 4925 invisibilium
3654 4858 3888 4937 perdidit,

2234 4960 2291 5011 et
2320 4960 2494 5012 totam
2527 4972 2590 5011 se
2620 4955 2678 5011 in
2700 4972 2959 5013 amorem
2990 4957 3307 5014 visibilium
3335 4960 3484 5013 fudit
3508 4976 3521 5026 ;
3549 4959 3802 5023 tantoque
3828 4945 3886 5001 ab

2234 5046 2465 5101 interna
2497 5044 2891 5115 speculatione
2923 5051 3136 5102 cmcata
3166 5054 3276 5113 est,
3308 5052 3525 5119 quanto
3553 5046 3697 5102 foras
3736 5036 3889 5095 defor-

2233 5135 2403 5193 miter
2429 5152 2635 5207 sparsa
2668 5151 2681 5190 :
2717 5136 2871 5192 unde
2896 5136 2960 5191 ﬁt
2990 5140 3055 5192 ut
3085 5136 3247 5193 nulla
3299 5138 3523 5194 noverit
3553 5133 3659 5191 nisi
3703 5147 3762 5187 ea
3786 5139 3885 5197 qua

2232 5224 2520 5294 corporeis
2551 5222 2754 5294 oculis,
2788 5229 2854 5280 ut
2884 5224 2967 5281 ita
2996 5225 3257 5295 dixerim,
3291 5224 3579 5299 palpando
3610 5213 3885 5294 cognoscit.

2232 5310 2413 5368 Homo
2444 5311 2622 5380 enim,
2681 5312 2784 5383 qui
2845 5312 2894 5369 si
2948 5317 3301 5386 praeceptum
3351 5328 3574 5372 servare
3625 5306 3885 5368 voluisset,

2300 5581 2371 5649 (c)
2408 5578 2496 5634 Ita
2526 5593 2733 5635 omnes
2766 5583 2898 5635 Mss.
2958 5579 3161 5635 nostri.
3194 5580 3256 5636 In
3287 5578 3455 5637 editis
3479 5577 3602 5650 lego
3630 5574 3885 5646 afﬂictam-

502 5636 577 5714 (b)
617 5636 1310 5714 lta_AMss._C_or_b._Germ.
1344 5644 1401 5693 et
1433 5636 1760 5714 "Normam,
1793 5642 1954 5713 quasi
1986 5643 2122 5714 pilis
2227 5636 2490 5708 mentem.

430 5707 849 5790 fruticantibus.
882 5707 1054 5770 Editi,
1086 5708 1562 5775 fructiﬁcantibus.
