4134 6174
267 282 387 354 7ιὸ

1210 296 1623 362 MORALIUM
1671 298 1815 363 LIB.
1865 303 1938 363 ν.
1984 334 2064 348 -
2105 299 2183 364 ΙΝ
2230 302 2399 363 CAP.
2447 298 2524 360 IV
2566 299 2637 359 B.
2683 298 2843 360 JOB.

3664 300 3783 361 714

265 424 438 483 etiam
468 440 642 481 carne
672 424 955 497 spiritalis
1004 426 1236 485 futurus
1267 434 1408 498 erat,
1442 433 1733 503 peccando
1780 434 1966 491 factus
1994 439 2045 504 Α
2079 440 2464 508 perseverant.
2513 435 2676 489 Stare
2740 447 2900 504 ergo,
2947 429 3129 488 solius
3186 431 3465 489 creatoris
3513 437 3625 502 est,
3683 450 3786 507 per

262 520 348 573 est
378 515 555 571 etiam
589 518 783 572 mente
816 515 1068 574 carnalis
1092 522 1157 574 ut
1184 518 1307 574 sola
1326 516 1558 591 cogitet,
1592 538 1717 593 quae
1739 523 1812 579 ad
1834 525 1960 580 ani.

261 622 423 661 mum
451 621 548 677 per
579 604 869 677 imagines
903 623 1210 677 corporum
1244 609 1445 666 trahit.
1479 610 1701 683 Corpus
1747 615 1962 686 quippe

260 700 345 751 est
375 694 525 759 cmli,
549 698 737 762 terrae,
768 711 1073 767 aquarum,
1094 696 1460 765 animalium,
1497 706 1962 775 cunctarumque

257 800 450 841 rerum
508 782 848 851 visibilium,
910 800 1055 856 quas
1111 786 1506 844 indesinenter
1562 790 1840 861 intuetur,
1901 793 1961 847 in

256 874 470 946 quibus
527 873 667 928 dum
728 878 908 929 totam
959 890 1020 930 se
1070 874 1350 932 delectata
1384 894 1547 934 mens
1599 880 1854 951 proiicit,
1888 882 1960 938 ab

255 963 497 1020 interna:
551 961 951 1035 intelligentia
980 964 1304 1021 subtilitate
1352 968 1665 1038 grossescit
1697 988 1711 1036 ;
1746 974 1802 1024 et
1827 969 1963 1041 quia

251 1053 367 1124 jam
417 1051 637 1126 erigere
684 1053 757 1108 ad
799 1070 1035 1109 summa
1074 1070 1136 1111 se
1166 1072 1278 1111 non
1314 1056 1483 1126 valet,
1513 1057 1574 1113 in
1604 1057 1697 1114 his
1728 1058 1962 1115 inﬁrma

253 1141 497 1197 libenter
545 1144 722 1214 jacet.
782 1142 927 1199 Cum
985 1160 1118 1200 vero
1180 1145 1348 1202 miris
1405 1146 1713 1205 conatibus
1765 1149 1836 1204 ab
1870 1149 1961 1205 his

254 1247 563 1304 exsurgere
614 1231 842 1303 nititur,
902 1250 1179 1307 magnum
1211 1236 1374 1292 valde
1430 1240 1541 1306 est,
1574 1238 1624 1293 si
1653 1239 1724 1293 ad
1757 1239 1957 1308 cogni-

251 1321 467 1378 tionem
500 1337 692 1389 suam,
727 1338 994 1394 repressa
1032 1324 1314 1396 corporali
1346 1327 1563 1398 specie,
1594 1329 1795 1383 anima
1822 1344 1959 1400 per-

252 1411 536 1481 ducatur;
573 1415 638 1467 ut
666 1412 1041 1485 semetipsam
1076 1415 1203 1471 sine
1253 1431 1535 1486 corporea
1566 1416 1823 1489 imagine
1860 1434 1958 1475 co.

252 1500 414 1573 gitet,
447 1505 503 1557 et
534 1501 843 1573 cogitando
874 1518 957 1572 se,
990 1503 1142 1558 viam
1192 1503 1305 1560 sibi
1341 1522 1527 1576 usque
1556 1505 1628 1562 ad
1690 1507 1957 1563 conside-

249 1590 495 1645 randam
526 1589 862 1646 aeternitatis
893 1592 1285 1649 substantiam
1320 1599 1500 1665 paret.

325 1681 481 1751 [Vet.
512 1682 701 1752 XXV.)
733 1681 822 1735 62.
884 1683 1088 1738 Anima
1143 1684 1386 1741 humana
1442 1693 1713 1756 quantum
1780 1704 1815 1741 a
1870 1688 1959 1742 di-

250 1774 386 1826 vina
414 1770 723 1827 substantia
778 1772 965 1828 distet.
996 1775 1057 1830 Si
1086 1775 1314 1830 necdum
1350 1776 1486 1848 quid
1511 1780 1654 1833 Deus
1683 1780 1776 1847 sit,
1818 1785 1961 1833 certe
1995 1804 2037 1868 Β

250 1861 391 1932 quid
443 1877 551 1916 non
607 1864 678 1916 sit
726 1864 990 1933 percipit.
1052 1893 1118 1905 —
1168 1863 1283 1919 Hoc
1336 1870 1527 1921 autem
1569 1868 1737 1923 modo
1788 1867 1960 1939 quasi

248 1949 570 2021 quamdam
601 1950 815 2007 scalam
841 1951 953 2007 sibi
976 1952 1203 2008 exhibet
1236 1954 1634 2026 semetipsam,
1652 1972 1753 2027 per
1782 1972 1958 2028 quam

246 2040 316 2095 ab
376 2040 765 2096 exterioribus
822 2042 1189 2098 ascendendo
1242 2042 1302 2098 in
1362 2060 1425 2100 se
1482 2048 1763 2114 transeat,
1817 2049 1873 2101 et
1929 2062 1963 2101 a

247 2143 307 2184 se
340 2127 405 2184 in
449 2132 747 2185 auctorem
796 2131 1016 2187 tendat.
1070 2131 1215 2187 Cum
1265 2132 1417 2189 enim
1467 2150 1775 2207 corporeae
1816 2135 1960 2191 ima-

243 2215 417 2288 gines
476 2216 711 2284 deserit,
760 2218 821 2273 in
866 2219 1241 2290 semetipsam
1301 2236 1466 2277 mens
1527 2223 1783 2290 veniens,
1843 2239 1958 2279 non

240 2304 542 2362 modicum
566 2306 847 2362 ascendit.
863 2307 976 2363 Sed
1007 2308 1260 2378 quamvis
1282 2308 1618 2380 incorporea
1640 2311 1716 2366 sit
1741 2312 1958 2375 anima,

239 2395 388 2467 quia
420 2398 616 2451 tamen
646 2395 874 2468 corpori
909 2397 1171 2466 inhwret,
1196 2414 1264 2453 ex
1296 2398 1424 2468 ipsa
1453 2399 1544 2455 sui
1577 2399 1859 2471 qualitate
1880 2400 1960 2471 (a)

238 2484 608 2558 agnoscitur,
663 2502 789 2558 quae
845 2487 1037 2542 carnis
1094 2487 1219 2544 loco
1277 2489 1579 2545 retinetur.
1622 2492 1757 2556 Qua)
1814 2491 1955 2546 dum

238 2573 613 2631 obliviscitur
637 2576 804 2642 scita,
828 2576 1125 2648 cognoscit
1165 2578 1481 2651 incognita,
1516 2579 1779 2636 meminit
1810 2579 1954 2636 obli-

238 2663 409 2720 vioni
442 2664 737 2734 mandata,
780 2664 1076 2722 hilarescit
1105 2671 1235 2736 post
1262 2667 1470 2736 tristia,
1504 2668 1795 2725 addicitur
1825 2672 1958 2741 post

240 2750 381 2807 laeta
411 2769 425 2806 :
460 2751 585 2822 ipsa
625 2752 713 2808 sui
767 2752 1101 2810 diversitate
1144 2755 1365 2811 indicat
1413 2763 1695 2827 quantum
1745 2773 1779 2812 a
1816 2757 1956 2813 sub-

240 2840 472 2898 stantia
491 2846 715 2897 aeterne
737 2842 1339 2899 incommutabilitatis
1356 2844 1428 2916 (d)
1444 2845 1644 2914 distat,
1663 2862 1787 2917 quae
1808 2862 1959 2902 sem-

243 2945 375 3001 per,
413 2934 478 2984 ut
499 2935 605 2994 est,
639 2930 794 2987 idem
826 2935 944 2987 est:
968 2932 1186 3004 ubique
1216 2949 1488 3004 praesens,
1515 2933 1730 3005 ubique
1753 2934 1958 2990 invisi-

240 3018 407 3086 bilis,
441 3018 659 3090 ubique
723 3024 869 3088 tota,
926 3021 1142 3092 ubique
1189 3022 1797 3089 incomprehensibilis
1857 3039 1959 3095 per

238 3108 573 3164 inhiantem
620 3113 874 3165 mentem
930 3110 1055 3166 sine
1099 3115 1336 3182 aspectu
1376 3111 1521 3168 167
1572 3113 1851 3181 cernitur,
1884 3114 1954 3184 (c)

2076 540 2249 597 quem
2299 526 2504 579 cuncta
2536 537 2653 578 non
2684 525 3091 579 transeuntem
3144 524 3469 589 transeunt,
3494 526 3550 578 et
3580 522 3637 579 in
3669 540 3785 594 quo

2069 613 2285 685 aliqua,
2320 628 2392 668 ne
2418 616 2742 677 transeant,
2773 610 3124 667 retinentur.
3169 612 3330 667 Unde
3359 615 3415 667 et
3436 611 3788 683 Redemptor

2070 708 2293 770 noster,
2340 702 2477 774 quia
2506 700 2830 757 divinitatis
2872 703 3003 772 ejus
3048 706 3235 758 status
3266 702 3395 774 capi
3426 703 3499 758 ad
3531 702 3785 759 humana

2071 796 2266 848 mente
2296 807 2411 848 non
2444 792 2651 862 potuit,
2685 790 2841 846 hunc
2890 790 3059 847 nobis
3090 792 3161 846 ad
3194 806 3301 847 nos
3334 791 3599 859 veniens,
3633 807 3787 847 crea-

2069 884 2185 947 tus,
2232 883 2426 947 natus,
2481 884 2771 945 mortuus,
2812 879 3102 949 sepultus,
3135 895 3466 952 resurgens,
3498 884 3676 953 atque
3708 883 3779 937 ad

2072 968 2331 1026 coelestia
2355 969 2606 1037 rediens,
2630 970 2799 1040 quasi
2829 970 3190 1025 transeundo
3222 970 3590 1028 monstravit.
3612 957 3776 1036 Quo:l

2068 1058 2217 1113 bene
2250 1074 2350 1129 per
2378 1057 2754 1129 Evangelium
2787 1058 3117 1114 illuminato
3147 1073 3297 1115 caeo
3328 1059 3399 1130 (ε)
3433 1058 3650 1129 innuit,
3684 1060 3781 1115 cui

2069 1147 2366 1203 transiens
2385 1148 2647 1203 auditum
2667 1148 2932 1218 praebuit,
2952 1148 3051 1203 sed
3074 1152 3239 1204 stans
3264 1147 3462 1204 oculos
3494 1148 3783 1218 reparavit

2070 1236 2292 1307 (Matth.
2350 1254 2428 1303 ix,
2461 1237 2561 1305 27;
2620 1253 2716 1305 xx,
2748 1237 2845 1304 30;
2905 1238 3081 1293 Marc.
3114 1254 3240 1306 vm,
3268 1237 3367 1305 22;
3436 1240 3568 1295 Luc.
3620 1253 3779 1304 xvm,

2067 1328 2177 1393 35;
2230 1329 2395 1382 Joan.
2456 1343 2534 1395 ix,
2594 1327 2667 1397 1).
2756 1329 2865 1381 Per
2941 1325 3321 1383 humanitatis
3378 1326 3593 1399 quippe
3667 1326 3785 1381 dis-

2069 1415 2472 1488 pensationem
2524 1415 2773 1471 transire
2822 1414 3069 1482 habuit;
3122 1432 3223 1486 per
3270 1415 3594 1472 divinitatis
3643 1431 3777 1471 vero

2070 1505 2414 1576 potentiam,
2465 1505 2605 1577 quia
2660 1505 2879 1576 ubique
2927 1520 3182 1575 praesens
3229 1513 3338 1574 est,
3369 1508 3549 1561 stare.
3597 1503 3782 1561 Voces

2068 1593 2250 1667 igitur
2274 1594 2545 1650 cecitatis
2577 1602 2783 1651 nostrae
2813 1594 3091 1650 Dominus
3129 1594 3330 1651 audire
3373 1593 3668 1651 transiens
3697 1594 3784 1649 di-

2069 1684 2241 1750 citur,
2275 1684 2411 1756 quia
2442 1684 2716 1740 humanm
2750 1684 2995 1740 miseriae
3028 1685 3217 1740 factus
3240 1684 3415 1741 homo
3447 1684 3776 1740 miseretur.

2070 1776 2241 1827 Stans
2270 1777 2464 1828 autem
2497 1772 2688 1829 lucem
2727 1777 2978 1845 reparat,
3012 1774 3155 1844 quia
3181 1772 3541 1828 inﬁrmitatis
3570 1776 3778 1828 nostra:

2072 1862 2340 1916 tenebras
2372 1878 2440 1916 ex
2487 1861 2698 1918 virtute
2729 1862 3053 1917 divinitatis
3102 1860 3382 1917 illustrat.
3425 1860 3579 1916 Bene
3616 1875 3779 1933 ergo,

2070 1954 2380 2020 postquam
2412 1950 2633 2005 dictum
2671 1953 2760 2006 est
2793 1965 2806 2003 :
2842 1951 2975 2005 Cum
3026 1952 3257 2021 Spiritus
3287 1950 3357 2021 (l)
3385 1966 3467 2005 me
3507 1957 3780 2020 praesente

2070 2040 2639 2107 transiret,subditur
2673 2056 2685 2093 :
2719 2039 2887 2095 Stetit
2916 2040 3164 2111 quidam,
3187 2042 3346 2110 cujus
3378 2056 3489 2095 non
3521 2056 3784 2110 agnosce-

2071 2129 2193 2183 bam
2222 2129 2452 2183 vultum.
2487 2132 2568 2184 Ac
2607 2128 2657 2183 si
2708 2133 2905 2198 aperte
2954 2129 3283 2184 diceretur:
3316 2129 3387 2198 (g)
3414 2128 3559 2184 Eum
3601 2144 3776 2201 quem

2069 2234 2172 2290 per
2202 2219 2510 2274 transitum
2562 2218 2744 2287 sensi,
2778 2236 2892 2274 non
2939 2219 3191 2275 transire
3238 2218 3615 2289 deprehendi.
3649 2221 3779 2290 Ipse

2067 2312 2156 2363 est
2184 2324 2315 2377 ergo
2348 2307 2449 2377 qui
2484 2306 2713 2376 transit,
2746 2308 2869 2378 ipse
2900 2308 3000 2378 qui
3031 2313 3167 2363 stat.
3190 2306 3779 2379 Transit‘enim,quia

2065 2397 2250 2452 teneri
2281 2397 2553 2469 cognitus
2585 2414 2698 2453 non
2730 2397 2914 2464 valet;
2950 2402 3066 2453 stat
3095 2401 3312 2465 autem,
3337 2397 3473 2469 quia
3503 2398 3563 2453 in
3594 2414 3781 2468 quan-

2069 2490 2191 2541 tum
2223 2486 2611 2557 cognoscitur,
2646 2485 3147 2542 incommutabilis
3175 2490 3431 2558 apparet.
3464 2485 3609 2551 Quia
3637 2500 3776 2557 ergo

2066 2573 2279 2646 raptim
2311 2576 2363 2630 is
2394 2574 2496 2646 qui
2528 2589 2759 2646 semper
2792 2575 2945 2630 idem
2976 2580 3067 2631 est
3104 2574 3383 2645 cernitur,
3413 2573 3591 2631 simul
3623 2577 3777 2630 Deus

2066 2670 2156 2720 est
2199 2664 2491 2721 transiens
2537 2672 2596 2720 et
2637 2669 2798 2720 stans
2847 2664 3091 2721 videtur.
3130 2664 3225 2721 Vel
3272 2669 3427 2721 certe
3459 2668 3616 2719 stare
3646 2664 3777 2733 ejus

2064 2758 2154 2809 est
2191 2754 2353 2809 nulla
2384 2753 2706 2809 mutatione
2725 2752 2960 2820 variari,
2979 2753 3146 2819 sicut,
3171 2754 3241 2809 ad
3265 2754 3500 2825 Moysen
3528 2753 3771 2809 dicitur:

2064 2844 2179 2913 Ego
2211 2858 2329 2898 sum
2357 2845 2457 2913 qui
2479 2858 2596 2898 sum
2626 2842 2823 2913 (Exod.
2857 2858 2942 2911 ιιι,
2975 2842 3085 2913 14).
3121 2842 3190 2896 Et
3218 2843 3370 2897 sicut
3418 2841 3574 2898 hunc
3602 2843 3776 2898 Jaco-

2064 2932 2177 2988 hus
2205 2932 2487 2995 insinuat,
2515 2931 2717 2987 dicens
2752 2948 2765 2986 :
2797 2932 2966 3002 Apud
2995 2948 3155 3002 quem
3186 2947 3298 2987 non
3319 2938 3399 2987 est
3433 2937 3781 2987 transmuta-

2067 3025 2165 3090 tio,
2210 3037 2309 3076 nec
2363 3020 2748 3076 vicissitudinis
2806 3022 3152 3076 obumbratio
3200 3020 3342 3092 (Jac.
3385 3037 3425 3085 ι,
3459 3021 3568 3091 17).
3630 3018 3779 3085 Quia

2072 3126 2206 3166 vero
2237 3110 2506 3181 quisquis
2527 3110 2650 3179 jam
2678 3109 2900 3183 aliquid
2932 3110 3004 3166 de
3032 3108 3523 3182 contemplatione
3553 3109 3782 3165 aeterni-

243 3158 573 3164 v—~-“~~-—
620 3158 874 3165 -η-ν*
931 3158 1053 3166 --ην
1099 3158 1336 3182 --ι-ννη
1379 3158 1413 3166 -
1436 3158 1515 3168 ν-
1574 3158 1851 3181 unum.
1884 3158 1953 3184 \v,
2083 3158 2203 3166 -νη
2240 3158 2649 3181 ἰ-·*“ι“·’⁷ι1““-
2678 3158 2900 3183 ν--·-ι---
2935 3158 3001 3166 -ν
3034 3158 3521 3182 η-η-ι-ν-ν-ην
3555 3158 3754 3165 www-

239 3198 372 3253 sine
425 3196 607 3253 dubio
657 3198 909 3266 auditur,
940 3200 1065 3254 sine
1096 3204 1255 3255 motu
1299 3201 1639 3271 suscipitur,
1672 3201 1799 3257 sine
1829 3218 1955 3257 cor-
1989 3158 2033 3226 ϐ
2072 3199 2205 3256 tatis
2235 3198 2639 3271 apprehendit,
2677 3199 2825 3255 hanc
2856 3215 2957 3271 per
2986 3208 3330 3256 coaternam
3363 3199 3494 3269 ejus
3526 3198 3779 3269 speciem

242 3302 387 3358 pore
427 3288 706 3357 tangitur,
760 3288 887 3344 sine
931 3287 1057 3344 loco
1120 3290 1415 3346 retinetur.
1466 3290 1627 3346 Hanc
1675 3290 1954 3346 nimirum

238 3374 638 3431 substantiam
668 3391 802 3432 cum
834 3376 1067 3432 animus
1099 3378 1309 3447 cogitat
1329 3388 1601 3434 assuetus
1632 3380 1806 3435 rebus
1833 3395 1958 3435 cor-

236 3463 573 3534 poralibus,
605 3465 962 3521 diversarum
988 3466 1307 3536 imaginum
1341 3467 1756 3539 phantasmata
1788 3469 1956 3525 susti-

235 3559 361 3609 net.
404 3554 541 3619 Quai
572 3552 713 3609 dum
739 3555 812 3610 ab
844 3554 1187 3612 intentionis
1218 3573 1337 3612 suae
1363 3556 1551 3613 oculis
1573 3557 1756 3629 abigit
1777 3573 1954 3613 manu

237 3643 645 3714 discretionis,
668 3649 1025 3716 postponens
1057 3647 1109 3701 ei
1131 3646 1494 3718 omnia,jam
1542 3646 1695 3702 hanc
1724 3648 1953 3719 aliqua-

232 3734 416 3790 tenus
442 3733 745 3805 conspicit.
779 3736 962 3800 Quam
992 3735 1043 3792 si
1074 3736 1319 3791 necdum
1352 3736 1490 3807 quid
1523 3736 1598 3791 sit
1628 3736 1955 3808 apprehen-

233 3824 338 3892 dit,
366 3825 615 3895 agnovit
647 3828 798 3880 certe
838 3825 971 3895 quid
1007 3841 1123 3880 non
1155 3825 1252 3881 sit.
1288 3825 1431 3890 Quia
1462 3841 1599 3897 ergo
1628 3828 1701 3881 ad
1733 3826 1955 3883 insueta

232 3928 407 3969 mens
446 3914 695 3985 rapitur,
760 3930 896 3970 cum
948 3912 1270 3970 divinitatis
1314 3915 1631 3971 essentiam
1682 3915 1952 3983 rimatur,

228 4011 383 4057 recte
420 4017 577 4057 nunc
606 4002 821 4058 dicitur
854 4020 866 4056 :
898 4003 1064 4059 Stetit
1103 4003 1354 4075 quidam,
1395 4004 1556 4074 cujus
1596 4020 1711 4060 non
1752 4020 1951 4074 agnos-

228 4091 428 4147 cebam
458 4092 691 4147 vultum.

293 4183 402 4244 63.
438 4215 505 4225 —
537 4183 698 4238 Stare
724 4183 889 4238 solius
920 4183 1020 4238 Dei
1039 4188 1136 4237 est.
1154 4212 1221 4223 -—
1242 4182 1393 4239 Bene
1415 4186 1607 4239 autem
1626 4183 1841 4240 dictum
1865 4191 1955 4242 est

229 4281 414 4335 stetit.
447 4273 653 4331 Omnis
687 4273 903 4343 quippe
943 4276 1229 4341 creatura,
1279 4272 1411 4343 quia
1450 4288 1519 4327 ex
1570 4272 1753 4329 nihilo
1801 4274 1953 4331 facta

230 4376 339 4434 est,
372 4369 438 4422 et
469 4380 568 4437 per
608 4361 979 4430 semetipsum
1011 4360 1081 4414 ad
1129 4360 1379 4416 nihilum
1411 4361 1616 4431 tendit,
1652 4379 1767 4419 non
1799 4368 1954 4418 stare

225 4455 432 4523 habet,
468 4453 569 4509 sed
594 4451 867 4507 deﬂuere.
894 4449 1218 4507 Rationalis
1248 4466 1380 4507 vero
1402 4456 1672 4507 creatura
1700 4469 1765 4508 eo
1799 4452 1949 4524 ipso,

2062 3290 2371 3361 conspicit.
2415 3293 2567 3345 recte
2597 3289 2816 3361 subjun
2834 3289 3033 3362 gitur:

2671 3387 2903 3444 CAPUT
2944 3387 3170 3443 XXXV.

2140 3467 2283 3524 IBID.
2314 3497 2384 3508 —
2406 3468 2596 3537 Imago
2626 3484 2814 3524 coram
2844 3470 3016 3524 oculis
3044 3471 3194 3525 meis.

2134 3558 2226 3614 64.
2268 3558 2548 3628 Quidquid
2576 3558 2644 3612 de
2691 3564 2859 3629 patre
2884 3561 3242 3629 percipimus,
3267 3574 3373 3629 per
3424 3560 3599 3629 ﬁlium
3629 3559 3785 3614 vide-

2064 3662 2202 3702 mus.
2234 3675 2302 3687 -—
2344 3646 2542 3717 Imago
2589 3644 2808 3717 quippe
2852 3647 3057 3715 Patris,
3102 3646 3305 3703 Filiius
3352 3652 3463 3715 est,
3516 3648 3671 3703 sicut
3711 3648 3781 3703 de

2064 3734 2298 3791 condito
2356 3733 2594 3790 homine
2650 3734 2886 3807 Moyses.
2926 3734 3209 3805 insinuat,
3261 3736 3513 3792 dicens:
3554 3736 3781 3792 Creavit

2063 3826 2209 3879 Deus
2260 3826 2551 3893 hominem,
2583 3825 2657 3879 ad
2712 3827 3008 3894 imaginem
3040 3826 3133 3879 Dei
3142 3828 3275 3893 fecit
3301 3826 3459 3880 illum
3489 3826 3700 3897 (Genes.
3735 3843 3775 3895 1,

2060 3913 2175 3982 27).
2210 3913 2279 3966 Et
2309 3911 2464 3967 sicut
2502 3928 2602 3982 per
2651 3911 3079 3983 expressionem
3129 3912 3437 3982 Sapientiae
3466 3915 3539 3968 de
3569 3914 3773 3968 eodem

2061 3999 2207 4057 Filio
2251 4001 2489 4071 quidam
2540 4000 2774 4073 sapiens
2832 4000 3017 4057 dicit:
3080 4001 3302 4057 Candor
3330 4008 3411 4057 est
3461 4003 3608 4057 enim
3639 4002 3779 4058 lucis

2059 4098 2273 4147 arterna
2303 4092 2461 4163 (Sap.
2494 4106 2595 4159 vn,
2627 4091 2740 4163 26).
2770 4089 2931 4148 168
2966 4090 3031 4146 Et
3079 4091 3230 4147 sicut
3259 4090 3476 4147 Paulus
3508 4090 3591 4147 ait
3620 4108 3635 4147 :
3673 4092 3780 4155 Qui

2061 4198 2185 4239 cum
2247 4184 2321 4235 sit
2348 4181 2611 4253 splendor
2665 4181 2880 4251 gloriae,
2921 4197 2985 4236 ac
3041 4185 3226 4251 figura
3280 4180 3605 4236 substantia
3658 4181 3780 4251 ejus

2064 4273 2217 4341 (Heb.
2249 4288 2289 4338 ι,
2321 4272 2399 4343 3).
2432 4272 2573 4327 Cum
2605 4287 2743 4343 ergo
2772 4272 3065 4327 aeternitas
3120 4270 3250 4341 ejus
3281 4270 3562 4341 cernitur,
3599 4275 3777 4340 prout

2060 4361 2422 4417 inﬁrmitatis
2454 4365 2665 4417 nostra:
2696 4359 3057 4431 possibilitas
3087 4360 3369 4427 admittit,
3415 4360 3611 4432 imago
3643 4360 3779 4431 ejus

2063 4450 2271 4505 mentis
2302 4456 2513 4505 nostra
2543 4448 2729 4505 oculis
2788 4448 3117 4505 antefertur
3150 4465 3163 4514 ;
3198 4449 3335 4520 quia
3363 4462 3500 4505 cum
3546 4464 3681 4505 vere
3713 4449 3776 4506 in

227 4562 345 4619 quo
378 4545 458 4601 ad
494 4540 806 4611 imaginem
852 4540 1106 4596 auctoris
1136 4545 1225 4596 est
1280 4540 1539 4609 condita,
1572 4557 1642 4597 ne
1674 4541 1745 4597 ad
1794 4541 1951 4598 nihi-
1985 4530 2028 4594 D
2062 4538 2288 4594 Patrem
2347 4538 2732 4607 intendimus,
2777 4538 2935 4596 hunc
2966 4542 3257 4611 quantum
3286 4539 3638 4611 accipimus,
3672 4555 3778 4611 per

224 4633 351 4689 lum
385 4633 673 4696 transeat,
708 4627 943 4699 figitur;
973 4627 1326 4683 irrationalis
1345 4632 1539 4683 autem
1575 4643 1950 4701 nequaquam

227 4722 457 4795 (igitur,
492 4718 592 4774 sed
616 4718 802 4772 donec
833 4716 1074 4772 visionis
1105 4733 1223 4771 suae
1245 4716 1567 4773 ministerio
1600 4718 1947 4774 universita-

223 4812 298 4868 tis
357 4809 622 4883 speciem
654 4806 915 4877 impleat,
950 4809 1307 4863 transeundo
1339 4807 1628 4864 tardatur.
1653 4807 1797 4864 Nam
1838 4809 1947 4865 etsi

227 4904 446 4959 coelum
481 4915 547 4955 ac
579 4901 734 4953 terra
764 4901 898 4968 post
936 4897 995 4952 in
1037 4902 1317 4953 aeternum
1349 4903 1697 4970 permanent
1727 4914 1796 4954 ex
1846 4915 1945 4956 se-

228 4990 502 5063 metipsis
530 4991 725 5043 tamen
758 5002 915 5042 nunc
945 4986 1015 5043 ad
1052 4986 1301 5043 nihilum
1334 4992 1667 5058 properant,
1701 4988 1802 5043 sed
1842 5006 1947 5060 pro

228 5095 435 5137 eorum
487 5092 593 5134 usu
646 5075 863 5146 quibus
916 5075 1179 5132 serviunt
1226 5077 1282 5131 in
1318 5075 1529 5132 melius
1561 5076 1637 5149 (d)
1671 5079 1947 5134 mutanda

298 5266 381 5337 (a)
416 5264 479 5319 In
537 5260 744 5337 Editis,
778 5263 908 5337 post
938 5259 1077 5337 Mss.
1126 5260 1285 5337 Colb.
1332 5262 1523 5318 locatis
1554 5267 1944 5334 cognoscitur;

226 5332 403 5395 deest
433 5337 627 5390 autem
664 5333 854 5389 Iocalis
884 5332 943 5386 in
976 5332 1196 5387 ceteris
1229 5333 1368 5389 Mss.
1405 5332 1640 5391 nostris}

297 5408 381 5479 (ὸ)
413 5406 582 5472 Editi,
607 5409 873 5479 quantum
898 5404 1269 5479 asusbtantiq
1287 5412 1505 5479 aeterna:
1533 5409 1945 5464 incommutabi-

224 5474 415 5535 litat'is
444 5474 845 5555 naturadistat
876 5474 1027 5555 ;.sed
1058 5476 1368 5555 superfluit
1394 5476 1663 5555 h_aac_vox
1714 5486 1941 5547 natura,

224 5566 414 5622 quam
446 5550 504 5622 in
532 5547 711 5622 pullis
741 5550 871 5622 Mss.
906 5547 1157 5622 invenio,
1192 5548 1303 5603 nisi
1337 5548 1394 5622 in
1419 5550 1584 5622 Corb.
1618 5555 1815 5607 Germ.

240 5618 258 5622 ⁷
295 5623 379 5693 (c)
411 5618 499 5674 Sic
532 5618 1065 5686 Floriac.,Turon.,
1089 5620 1436 5689 Compend.,
1459 5621 1941 5689 Vindoc.,Corb.,

228 5695 465 5749 Germ..
497 5692 613 5745 duo
662 5688 824 5749 Reg”
859 5689 1071 5749 Germ.,
1106 5692 1298 5747 Norm.
1356 5693 1414 5746 In
1462 5692 1621 5748 Colb.
1684 5694 1941 5749 iugulato

228 5704 465 5759 Germ.,
497 5704 613 5745 ouo
664 5704 824 5759 rteg.,
859 5704 1071 5757 uerm.,
1106 5704 1298 5747 norm.
1356 5704 1414 5746 ιιι
1462 5704 1621 5748 υοιι).
1672 5704 1935 5763 jugulata

220 5763 409 5822 dubio
441 5781 459 5831 ,'
490 5778 641 5819 nunc
672 5760 878 5831 legitur
909 5762 1024 5814 sine
1047 5777 1181 5817 sono
1207 5780 1227 5829 ;
1259 5763 1416 5835 quod
1446 5764 1670 5821 accedit
1701 5765 1773 5820 ad
1804 5767 1935 5823 lect.

556 5861 817 5926 Parnm.
863 5858 1095 5925 LXXV.

2061 4642 2231 4683 suam
2263 4627 2603 4698 imaginem,
2634 4625 2690 4680 id
2723 4630 2829 4692 est,
2863 4643 2966 4698 per
3000 4627 3212 4684 Filium
3240 4626 3548 4695 videmus;
3580 4632 3640 4684 et
3670 4644 3773 4699 per

2058 4732 2185 4773 eam
2232 4716 2509 4787 speciem,
2542 4732 2669 4787 quia
2700 4716 2771 4772 de
2800 4716 2923 4786 ipso
2954 4718 3082 4774 sine
3119 4716 3285 4772 initio
3320 4721 3459 4773 nata
3496 4720 3607 4782 est,
3636 4732 3770 4773 eum

2055 4805 2251 4878 aliquo
2305 4807 2477 4863 modo
2535 4821 2790 4873 cernere,
2850 4808 2952 4879 qui
3011 4823 3115 4863 nec
3173 4806 3364 4879 coepit,
3398 4822 3503 4863 nec
3552 4806 3772 4863 desinit

2057 4912 2361 4953 conamur.
2397 4895 2559 4953 Unde
2611 4900 2669 4952 et
2699 4896 2819 4953 hac
2865 4898 3069 4953 eadem
3102 4895 3328 4952 Veritas
3362 4896 3421 4951 in
3453 4893 3766 4966 Evangelia

2055 4986 2201 5043 dicit
2232 5001 2246 5040 :
2281 4987 2444 5042 Nemo
2473 4988 2622 5043 venit
2650 4986 2724 5043 ad
2768 4989 3011 5056 Patrem,
3046 4988 3155 5043 nisi
3175 5001 3281 5057 per
3300 5001 3385 5041 me
3413 4984 3601 5056 (Joan.
3642 4999 3760 5053 xxv,

2053 5077 2131 5150 6).
2160 5080 2311 5133 Bene
2343 5086 2537 5133 autem
2572 5077 2842 5133 subditur
2873 5094 2886 5132 :

2054 5263 2381 5332 Editorum,
2415 5267 2531 5321 sine
2557 5281 2709 5320 voce.

2125 5336 2203 5409 (d)
2236 5336 2397 5392 Unus
2432 5337 2568 5392 Cod.
2604 5337 2737 5407 Reg.
2764 5350 2895 5390 cum
2924 5334 3117 5403 Corb.,
3138 5333 3329 5391 Germ.
3352 5334 3411 5389 et
3439 5332 3622 5407 Colb.,
3648 5352 3770 5391 mu-

2055 5413 2197 5463 tata.

2120 5483 2189 5549 (e)
2225 5479 2310 5534 Ita
2339 5478 2505 5533 Corb.
2526 5478 2745 5544 Germ.,
2768 5475 3138 5550 Co_lb.,Reg.,
3169 5477 3368 5550 Norm.
3388 5482 3445 5534 et
3476 5477 3761 5550 plerique,

2052 5565 2154 5621 pro
2186 5567 2325 5605 caeco
2358 5551 2617 5621 inno_tuit,
2651 5550 2805 5621 quod
2838 5548 3055 5620 legitur
3079 5548 3139 5603 in
3179 5548 3330 5604 Edit.

2122 5621 2191 5689 (Γ)
2222 5621 2453 5675 Primus
2470 5619 2811 5689 Compend.,
2841 5619 2925 5675 me
2948 5627 3274 5691 praesentem
3295 5623 3580 5680 transiret.

2120 5693 2202 5765 (ο)
2235 5692 2503 5762 Vindoc.,
2533 5708 2653 5748 eum
2665 5708 2771 5764 per
2793 5708 2949 5763 quem
2982 5695 3280 5751 transitum
3308 5694 3471 5750 sensi.

3349 5862 3426 5922 23
