4134 6174
324 220 439 280 715

739 355 976 413 CAPUT
1006 357 1172 416 xxvr
1204 361 1356 433 [ace
1387 366 1614 431 XXVI].

391 494 535 550 Isto.
568 525 638 534 —
678 495 745 549 Et
772 510 953 551 vocem
984 499 1146 568 quasi
1175 514 1326 555 aurae
1356 502 1493 556 lenis
1522 501 1731 557 audivi.

387 629 476 683 65.
509 630 749 699 Spiritus
780 632 972 687 Sancti
1000 649 1106 688 vos:
1150 641 1203 688 et
1233 651 1374 691 aura
1403 636 1541 692 lenis
1579 644 1630 691 et
1669 637 1899 707 spiritus
1928 650 2019 688 ve-

316 718 554 774 hemens.
584 749 653 759 —
686 720 832 783 Quid
891 720 1043 775 enim
1100 738 1201 793 per
1231 739 1430 779 vocem
1486 741 1640 779 aura
1699 724 1867 790 lenis,
1901 720 2015 778 nisi

315 808 566 880 cognitio
626 810 811 864 sancti
871 810 1122 880 Spiritus
1182 813 1541 884 designatur,
1583 813 1683 886 qui
1728 814 1799 869 de
1849 816 2018 868 Patre

315 899 654 969 procedens,
686 903 743 953 et
782 899 855 953 de
883 915 949 954 eo
979 902 1132 971 quod
1165 906 1251 957 est
1299 903 1429 957 Filii
1459 904 1772 975 accipiens,
1805 911 2018 957 nostra:

312 987 567 1042 tenuiter
612 987 832 1043 notitiae
875 988 1229 1046 inﬁrmitatis
1277 991 1653 1048 infunditur?
1682 992 1789 1059 Qui
1820 996 2013 1047 tamen

313 1093 489 1148 super
520 1078 814 1148 apostolos
842 1079 1103 1150 veniens,
1140 1098 1240 1152 per
1269 1084 1608 1139 exteriorem
1640 1100 1843 1139 sonum
1886 1088 2016 1139 tan-

311 1182 488 1237 quam
521 1182 623 1238 per
662 1167 1063 1225 vehementem
1096 1172 1363 1242 spiritum
1395 1174 1847 1242 demonstratur,
1880 1190 2012 1228 cum

311 1256 529 1312 dicitur
562 1274 576 1312 :
606 1260 911 1331 Pactusque
941 1268 1019 1316 est
1041 1269 1266 1332 repente
1294 1264 1362 1318 de
1401 1266 1532 1319 aceto
1552 1281 1715 1319 sonus
1747 1271 2015 1335 tanquam

310 1346 652 1403 advenientis
696 1352 927 1419 spiritus
972 1351 1303 1407 vehementis
1347 1354 1495 1423 (Act.
1556 1371 1617 1422 ιι,
1650 1355 1727 1425 2).
1770 1356 2014 1410 Sanctus

308 1435 466 1491 enim
498 1436 752 1505 Spiritus
774 1454 903 1495 cum
934 1455 995 1494 se
1017 1439 1233 1495 notitiae
1257 1441 1527 1496 humanas
1552 1442 1910 1497 inﬁrmitatis
1932 1443 2015 1497 in-

309 1523 529 1595 sinuat,
562 1530 621 1582 et
658 1526 854 1583 sonitu
902 1529 1263 1585 vehementis
1312 1530 1573 1601 spiritus,
1611 1536 1667 1587 et
1697 1548 1831 1587 voce
1860 1548 2013 1587 aurai

304 1612 458 1671 lenis
488 1616 865 1686 exprimitur;
886 1620 1024 1690 quia
1053 1618 1316 1677 videlicet
1345 1623 1605 1686 veniens,
1626 1626 1681 1678 et
1700 1623 2015 1679 vehemens

306 1710 389 1759 est
416 1711 470 1759 et
495 1703 645 1803 lenis
678 1722 691 1761 :
726 1706 896 1773 lenis,
929 1708 1065 1803 quia
1097 1710 1356 1765 notitiam
1380 1726 1568 1777 suam,
1595 1717 1886 1783 quatenus
1920 1730 2010 1767 co-
2053 1739 2098 1803 Β

305 1793 538 1863 gnoscit
568 1797 863 1866 utcunque
894 1795 1102 1858 valeat,
1127 1799 1346 1854 nostris
1378 1801 1650 1857 sensibus
1698 1806 2011 1872 temperat;

304 1881 642 1946 vehemens,
701 1885 836 1955 quia
892 1886 1317 1956 quantumlibet
1375 1887 1524 1945 hanc
1568 1894 1868 1960 temperet,
1910 1891 2013 1945 ad-

305 1974 483 2026 ventu
515 1978 705 2027 tamen
737 1989 844 2029 suo
883 1974 1246 2033 inﬁrmitatis
1277 1982 1490 2034 nostra;
1521 1978 1840 2035 caecitatem
1871 1980 2014 2036 illu-

304 2060 587 2117 minando
614 2064 932 2133 perturbat.
953 2064 1345 2123 Illustratione
1369 2068 1525 2124 enim
1551 2086 1658 2124 sua
1682 2087 1787 2127 nos
1804 2069 2013 2126 leniter

300 2150 507 2219 tangit,
540 2153 637 2207 sed
672 2151 933 2224 inopiam
960 2155 1300 2212 immaniter
1330 2159 1605 2213 concutit.

372 2240 463 2294 66.
483 2242 641 2296 Aura
677 2244 813 2298 lenis
842 2247 976 2313 quia
1018 2262 1073 2301 se
1103 2249 1507 2317 quantumlibet
1536 2252 1741 2305 sanctis
1772 2252 1862 2305 hic
1891 2268 2010 2307 mo-

302 2328 481 2384 dicum
516 2334 715 2402 aperit.
750 2334 816 2386 In
864 2336 1332 2405 contemplatione
1362 2339 1637 2409 quidquid
1682 2356 1833 2397 mens
1869 2357 2011 2410 per-

298 2422 441 2488 fecte
469 2423 616 2479 valet
654 2427 991 2495 conspicere,
1024 2442 1138 2480 non
1185 2434 1265 2481 est
1295 2430 1458 2485 Deus.
1493 2460 1559 2471 -—
1589 2431 1711 2488 Vox
1740 2447 1873 2503 ergo
1907 2432 2009 2487 Dei

302 2510 470 2581 quasi
503 2528 657 2567 auras
686 2512 835 2569 leuis
864 2514 1119 2581 auditur,
1144 2515 1277 2587 quia
1310 2518 1371 2574 in
1402 2518 1509 2575 hac
1535 2519 1727 2577 adhuc
1759 2521 1875 2577 vita
1908 2538 2010 2592 po-

302 2599 427 2656 sitis
458 2603 1021 2675 contemplatoribus
1052 2606 1199 2671 suis,
1232 2623 1600 2680 nequaquam
1635 2627 1698 2667 se
1728 2611 2010 2669 Divinitas

300 2688 452 2746 sicut
469 2698 554 2747 est
577 2691 861 2760 insinuat,
879 2694 977 2748 sed
1004 2693 1384 2767 lippientibus
1407 2700 1622 2755 mentis
1649 2707 1858 2757 nostra;
1875 2716 2010 2758 ocu'

298 2775 373 2831 lis
407 2778 725 2836 claritatem
767 2797 935 2837 suam
968 2785 1226 2839 tenuiter
1254 2785 1633 2844 demonstrat.
1667 2788 1830 2853 Quod
1863 2790 2010 2847 bene

300 2866 433 2937 ipsa
470 2867 613 2937 legis
672 2871 1007 2941 acceptione
1064 2872 1353 2944 signatur,
1411 2891 1547 2931 cum
1606 2876 1837 2947 dicitur,
1870 2878 2009 2950 quia

298 2955 522 3026 Moyses
554 2959 836 3025 ascendit,
870 2964 925 3014 et
952 2960 1232 3017 Dominus
1265 2965 1343 3035 (a)
1374 2964 1432 3019 in
1482 2970 1678 3022 monte
1707 2968 2010 3027 descendit

1584 229 1863 291 SANCTI
1908 223 2282 287 GBEGORII
2326 227 2573 292 MAGNI

3718 230 3838 290 ’116

2055 359 2107 427 Α
2131 361 2314 429 ignem
2343 363 2540 421 sibilus
2590 380 2743 421 aurae
2772 363 2948 421 tenuis
2987 362 3061 435 (ἀ)
3105 362 3214 437 (ΙΙΙ
3266 363 3399 434 Reg.
3429 379 3545 431 χιχ,
3599 364 3686 435 11,
3723 364 3839 434 12).

2130 449 2376 518 Spiritus
2431 454 2645 527 quippe
2690 459 2822 510 ante
2873 454 3181 509 Dominum
3233 453 3434 509 evertit
3477 461 3729 519 montes,
3779 459 3842 510 et

2130 549 2324 609 petras
2382 542 2541 599 169
2601 545 2885 605 conterit:
2941 542 3079 616 quia
3110 560 3303 615 pavor,
3338 544 3435 613 qui
3483 561 3550 600 ex
3582 545 3837 600 adventu

2129 627 2256 696 ejus
2286 630 2476 695 irruit,
2503 638 2558 687 et
2588 632 2950 688 altitudinem
2981 631 3175 686 cordis
3196 634 3380 686 nostri
3407 632 3625 701 deiicit,
3654 633 3841 688 etdn-

2129 716 2319 773 ritiam
2369 719 2688 792 liquefacit.
2740 722 2854 777 Sed
2904 721 3133 791 spiritui
3174 720 3585 776 commotionis
3616 728 3673 776 et
3712 722 3835 793 igni

2127 821 2241 861 non
2274 807 2466 865 inesse
2514 810 2794 866 Dominus
2816 810 3052 877 dicitur,
3074 826 3201 865 esse
3233 826 3367 864 vero
3400 810 3456 864 in
3477 809 3645 865 sibilo
3676 828 3833 867 aura

2125 898 2317 954 tenuis
2368 918 2481 956 non
2529 910 2806 972 negatur;
2867 902 3006 973 quia
3056 902 3333 956 nimirum
3386 917 3544 957 mens
3593 918 3728 957 cum
3773 903 3833 958 in

2126 989 2632 1059 contemplationis
2683 990 3048 1046 sublimitate
3092 991 3494 1061 suspenditur,
3547 991 3831 1063 quidquid

2124 1076 2374 1147 perfecte
2432 1080 2766 1151 conspicere
2820 1079 3109 1151 praevalet,
3159 1078 3315 1134 Deus
3364 1096 3479 1134 non
3512 1084 3646 1136 est:
3696 1097 3832 1136 cum

2127 1182 2255 1222 vero
2306 1169 2518 1224 subtile
2568 1171 2789 1241 aliquid
2839 1172 3144 1240 conspicit,
3182 1171 3286 1226 hoc
3334 1176 3421 1226 est
3451 1172 3603 1244 quod
3638 1172 3709 1226 de
3739 1172 3837 1227 in-

2125 1259 2637 1327 comprehensibili
2699 1260 3029 1315 substantia
3058 1260 3397 1316 aeternitatis
3438 1261 3623 1315 audit.
3657 1262 3832 1327 Quasi

2123 1347 2279 1401 enim
2312 1347 2551 1404 sibilum
2583 1350 2780 1404 tenuis
2818 1366 2974 1405 aurai
2999 1351 3379 1421 percipimus.
3409 1367 3531 1406 cum
3561 1367 3831 1422 saporem

2123 1434 2648 1509 incircumscriptae
2699 1438 2957 1494 veritatis
2997 1438 3575 1509 contemplatione(e)
3635 1438 3837 1494 subita

2122 1523 2413 1580 subtiliter
2442 1526 2843 1598 degustamus.
2872 1526 3032 1581 Tunc
3063 1542 3199 1598 ergo
3220 1542 3422 1582 verum
3450 1532 3536 1582 est
3568 1527 3725 1598 quod
3761 1527 3834 1583 de

2121 1612 2239 1668 Deo
2296 1616 2733 1686 cognoscimus,
2793 1632 2927 1671 cum
2989 1615 3156 1687 plene
3185 1632 3289 1671 nos
3346 1616 3570 1687 aliquid
3599 1616 3671 1671 de
3730 1615 3831 1672 illo

2123 1717 2473 1773 cognoscere
2532 1721 2647 1761 non
2706 1721 2875 1775 posse
2923 1705 3233 1760 sentimus.
3298 1705 3455 1761 Unde
3511 1705 3660 1760 bene
3708 1704 3835 1763 illic

2124 1791 2401 1847 subditur
2433 1810 2446 1847 :
2510 1795 2664 1857 Quod
2707 1812 2829 1850 cum
2877 1795 3119 1850 audisset
3158 1796 3328 1862 Elias,
3362 1798 3580 1865 operuit
3618 1797 3834 1851 vultum

2123 1896 2285 1935 suum
2337 1885 2544 1953 pallio,
2594 1892 2645 1938 et
2697 1886 2974 1954 ingressus
3037 1887 3186 1939 stetit
3242 1886 3301 1937 in
3365 1887 3504 1940 ostio
3561 1885 3836 1956 speluncae

2116 1969 2331 2038 (Ibid).
2366 1973 2505 2026 Post
2532 1988 2683 2028 aura
2714 1973 2909 2029 tenuis
2940 1973 3198 2037 sibilum,
3226 1972 3454 2030 vultum
3487 1990 3662 2030 suum
3695 1990 3834 2046 pro-

2119 2058 2296 2130 pheta
2326 2061 2502 2132 pallio
2556 2064 2764 2134 operit,
2801 2065 2938 2135 quia
2997 2063 3055 2119 in
3090 2064 3216 2135 ipsa
3268 2063 3661 2120 subtilissima
3689 2081 3836 2120 con-

2119 2151 2495 2223 temptatione
2526 2155 2806 2224 veritatis,
2841 2160 3063 2226 quanta
3095 2155 3426 2226 ignorantia
3467 2156 3639 2211 homo
3671 2160 3835 2227 tega-

2118 2242 2232 2310 tur,
2281 2243 2561 2313 agnoscit.
2614 2243 2817 2298 Vultui
2852 2260 3103 2314 namque
3152 2244 3397 2314 pallium
3443 2243 3828 2315 superducere

2118 2337 2224 2395 est,
2258 2346 2332 2385 ne
2377 2329 2586 2386 altiora
2636 2349 2801 2388 mens
2827 2350 3080 2402 quaerere
3128 2333 3361 2401 audeat,
3398 2333 3544 2388 hanc
3588 2349 3657 2388 ex
3686 2349 3837 2388 con-

2118 2419 2463 2476 sideratione
2521 2422 2765 2493 proprias
2815 2422 3175 2477 inﬁrmitatis
3232 2421 3459 2488 velare;
3514 2426 3575 2477 ut
3604 2439 3835 2493 nequa-

2118 2525 2294 2581 quam
2354 2509 2758 2582 intelligentize
2807 2509 3007 2566 oculos
3067 2510 3222 2566 ultra
3273 2527 3332 2565 se
3393 2511 3833 2583 praecipitanter

2117 2600 2359 2671 aperiat,
2410 2601 2509 2655 sed
2544 2600 2615 2655 ad
2674 2601 2782 2656 hoc
2813 2603 2966 2671 quod
3022 2600 3457 2672 apprehendere
3498 2618 3613 2656 non
3648 2603 3833 2669 valet,

2118 2693 2443 2744 reverenter
2472 2690 2721 2743 claudat.
2747 2688 2853 2751 Qui
2885 2688 3006 2743 haec
3037 2705 3235 2760 agens,
3260 2688 3317 2743 in
3351 2689 3643 2760 speluncae
3674 2691 3830 2746 ostio

2117 2777 2349 2833 stetisse
2407 2778 2777 2834 describitur.
2827 2778 2977 2843 Quid
3034 2795 3288 2850 namque
3316 2778 3593 2849 spelunca
3624 2787 3832 2837 nostra

2120 2872 2226 2934 est,
2262 2868 2375 2923 nisi
2406 2866 2525 2923 hch
2557 2868 2946 2940 corruptionis
2974 2869 3275 2937 habitatio,
3308 2869 3366 2924 in
3400 2886 3517 2941 qua
3539 2870 3738 2927 adhuc
3761 2888 3832 2928 ex

2119 2962 2402 3013 vetustate
2453 2959 2816 3013 retinemur‘?
2844 2959 2954 3014 Sed
3008 2976 3141 3014 cum
3174 2958 3393 3031 aliquid
3426 2961 3725 3032 percipere
3758 2963 3833 3017 de

300 3044 496 3111 (Exod.
529 3062 686 3114 xxxv,
718 3047 768 3102 1.
803 3047 952 3121 [γει.
996 3051 1223 3122 XXVI.)
1272 3033 1440 3108 Mons
1480 3056 1695 3125 quippe
1743 3063 1833 3112 est
1882 3058 2010 3130 ipsa
2042 3033 2092 3101 C
2124 3048 2452 3117 cognitione
2501 3048 2834 3104 Divinitatis
2875 3048 3214 3118 incipimus,
3247 3050 3561 3121 quasijam
3592 3049 3652 3104 in
3692 3067 3832 3121 spe-

294 3138 499 3189 nostra
547 3138 985 3206 contemplatio,
1037 3139 1094 3193 in
1128 3156 1296 3209 quam
1347 3158 1451 3197 nos
1502 3145 1891 3213 ascendimus,
1944 3155 2007 3205 ut

295 3222 367 3277 ad
426 3238 493 3279 ea
550 3240 672 3295 quas
733 3225 888 3280 ultra
952 3227 1357 3289 inﬁrmitatem
1419 3236 1673 3288 nostram
1723 3240 1859 3289 sunt
1918 3237 2001 3290 vi-

297 3312 489 3367 denda
518 3312 911 3371 sublevemur.
946 3315 1053 3370 Sed
1090 3316 1146 3371 in
1180 3316 1329 3372 hanc
1361 3320 1647 3375 Dominus
1679 3322 2003 3396 descendit,

296 3400 432 3472 quia
491 3401 659 3457 nobis
721 3402 969 3460 multum
1006 3406 1445 3476 proﬁcientibus
1476 3425 1679 3479 parum
1711 3412 1781 3467 de
1804 3429 1864 3468 se
1895 3413 2001 3469 ali-

292 3491 430 3561 quid
465 3490 676 3547 nostris
709 3492 982 3550 sensibus
1014 3495 1198 3566 aperit
1222 3497 1301 3562 ;si
1337 3502 1532 3554 tamen
1565 3500 1680 3554 dici
1710 3501 1769 3557 in
1793 3501 1890 3558 illo
1913 3503 1998 3558 vel

290 3595 520 3651 parum,
551 3581 639 3636 vel
668 3581 888 3654 aliquid
940 3589 1148 3655 potest,
1182 3587 1282 3658 qui
1316 3604 1467 3643 unus
1498 3605 1724 3661 semper
1750 3596 1807 3647 et
1844 3591 1999 3651 idem

291 3685 665 3742 permanens,
686 3670 933 3744 intelligi
956 3674 1035 3745 (b)
1059 3675 1344 3746 partiliter
1369 3694 1481 3733 non
1502 3684 1715 3751 potest,
1734 3688 1785 3736 et
1804 3685 2000 3740 tamen

290 3774 324 3815 a
353 3758 478 3814 suis
508 3759 781 3816 ﬁdelibus
813 3762 1144 3835 participari
1177 3764 1408 3835 dicitur,
1441 3783 1575 3823 cum
1611 3771 1667 3823 in
1704 3770 1829 3840 ejus
1860 3772 1999 3827 sub-

288 3848 507 3904 stantia
554 3866 690 3921 pars
747 3850 1085 3908 nullatenus
1115 3856 1482 3911 admittatur.
1532 3858 1641 3913 Sed
1674 3860 1812 3930 quia
1840 3860 1999 3918 hunc

287 3938 614 4010 exprimere
645 3941 900 4012 perfecto
950 3958 1220 3999 sermone
1270 3962 1386 4000 non
1424 3962 1756 4016 possumus,
1785 3950 2000 4006 huma-

287 4029 488 4085 nitatis
546 4034 754 4086 nostra;
787 4031 1047 4101 modulo,
1108 4036 1270 4105 quasi
1301 4037 1558 4092 infantia;
1591 4038 1996 4098 imbecillitate

288 4118 605 4191 praepediti,
638 4136 769 4176 eum
804 4120 1176 4194 aliquatenus
1217 4124 1595 4182 balbutiendo
1626 4144 1995 4189 resonamus.

289 4206 437 4270 Quia
464 4224 598 4263 vero
628 4218 680 4263 et
700 4208 760 4263 in
775 4224 992 4283 magna
1022 4212 1512 4282 contemplatione
1532 4215 1838 4286 sublevati,
1857 4222 1997 4275 sub-

286 4295 390 4352 tile
418 4296 559 4367 quid
591 4301 661 4351 de
691 4300 1033 4356 eternitatis
1061 4301 1393 4372 cognitione
1435 4305 1838 4377 pertingimus,
1890 4326 1994 4367 sa-

2116 3135 2301 3190 luncaa
2353 3140 2567 3190 nostrae
2598 3136 2717 3191 otio
2746 3141 2995 3191 stamus.
3029 3136 3175 3199 Quia
3206 3136 3360 3190 enim
3396 3137 3663 3208 progredi
3698 3154 3836 3208 per-

2118 3227 2256 3280 tecte
2288 3241 2403 3279 non
2438 3241 2777 3295 possumus,
2813 3226 2883 3280 ad
2919 3227 3308 3296 cognitionem
3344 3236 3532 3281 tamen
3566 3226 3834 3282 veritatis

2117 3314 2434 3382 inhiantes,
2479 3315 2602 3384 jam
2638 3313 2853 3386 aliquid
2892 3315 2961 3369 de
3005 3314 3289 3369 libertatis
3318 3331 3461 3369 aura
3490 3318 3829 3387 captamus.

2116 3404 2179 3459 In
2214 3404 2482 3476 ingressu
2533 3420 2669 3476 ergo
2708 3402 2995 3474 spelunca
3049 3410 3223 3471 stare,
3275 3408 3363 3458 est
3405 3420 3668 3474 represso
3716 3421 3830 3460 no-

2112 3498 2247 3549 stris
2280 3495 2669 3564 corruptionis
2694 3493 3020 3558 obstaculo,
3040 3494 3110 3548 ad
3143 3493 3531 3565 cognitionem
3558 3494 3830 3552 veritatis

2113 3582 2367 3654 incipere
2416 3581 2589 3637 exire.
2625 3581 2786 3637 Unde
2829 3587 2883 3636 et
2934 3581 3087 3636 nube
3118 3582 3175 3635 in
3224 3582 3663 3637 tabernaculum
3697 3584 3835 3639 des-

2112 3673 2387 3726 cendente
2425 3669 2700 3725 Israelita
2740 3686 2770 3724 e
2803 3668 3126 3739 longinquo
3150 3675 3474 3733 cernentes,
3496 3668 3556 3724 in
3582 3670 3833 3741 papilio-

2112 3776 2254 3815 num
2313 3776 2552 3815 suorum
2604 3759 2772 3814 ostiis
2843 3759 3076 3813 stetisse
3136 3763 3535 3815 memorantur
3595 3759 3832 3831 (E.rod.,

2109 3867 2303 3917 χχχιιι,
2336 3850 2393 3921 9)
2425 3849 2559 3921 quia
2590 3850 2650 3919 ii,
2680 3848 2781 3920 qui
2815 3850 3123 3903 adventum
3153 3847 3485 3902 Divinitatis
3520 3854 3830 3921 utcunque

2109 3941 2501 4010 conspiciunt,
2555 3941 2718 4011 quasi
2746 3938 2868 4008 jam
2901 3954 2969 3992 ex
3021 3936 3354 3992 habitaculo
3386 3937 3577 3993 carnis
3611 3955 3826 4010 proce-

2108 4028 2272 4084 dunt.
2292 4029 2436 4094 Quia
2469 4029 2648 4099 igitur
2674 4028 2931 4082 humana
2958 4043 3119 4082 mens
3152 4025 3508 4097 quantalibet
3530 4043 3592 4082 se
3611 4027 3827 4085 virtute

2107 4118 2437 4183 tetenderit,
2488 4118 2581 4173 vix
2630 4118 2699 4172 de
2731 4118 2956 4172 intimis
3005 4121 3266 4172 extrema
3313 4116 3635 4188 cognoscit,
3669 4124 3829 4176 recte

2108 4223 2264 4263 nunc
2295 4207 2506 4262 dicitur
2534 4224 2544 4260 :
2578 4208 2645 4262 Et
2694 4223 2875 4261 vocem
2903 4209 3062 4276 quasi
3091 4222 3242 4260 aure
3285 4206 3419 4261 lenis
3461 4206 3667 4260 audivi.
3706 4208 3824 4264 Sed

2108 4295 2384 4367 quoniam
2410 4311 2539 4351 cum
2565 4296 2635 4350 de
2656 4312 2717 4351 se
2741 4295 2947 4351 saltem
2977 4311 3180 4367 parum
3208 4294 3377 4349 nobis
3404 4293 3604 4350 divina
3627 4296 3831 4366 cogni-

291 4399 401 4439 crae
458 4384 717 4440 historias
774 4388 966 4444 verbis
1015 4392 1366 4461 ostenditur,
1399 4409 1534 4451 cum
1566 4396 1638 4451 de
1668 4399 1999 4469 cognitione
2027 4406 2073 4469 D
2106 4391 2186 4445 tio
2217 4389 2470 4456 exhibet,
2504 4389 2859 4445 inﬁrmitatis
2892 4396 3103 4443 nostrae
3142 4387 3528 4456 ignorantiam
3562 4390 3830 4460 perfecte

292 4472 390 4528 Dei
418 4473 699 4544 propheta
717 4476 795 4547 (ο)
813 4479 1027 4535 nobilis
1048 4480 1197 4537 Elias
1210 4484 1501 4541 edocetur.
1522 4485 1625 4542 Cui
1648 4501 1780 4544 cum
1806 4494 1999 4547 trans-

292 4564 511 4620 iturum
564 4569 698 4621 ante
754 4584 887 4624 eum
920 4585 981 4624 se
1010 4569 1297 4628 Dominus
1329 4577 1713 4647 promitteret,
1755 4580 1954 4636 dicens
1983 4596 1997 4636 :

291 4657 426 4710 Ecce
474 4655 737 4711 Dominus
776 4660 998 4723 transit,
1031 4662 1262 4728 spiritus
1316 4665 1550 4732 grandis
1577 4672 1629 4721 et
1657 4668 1845 4734 fortis,
1868 4671 2000 4725 sub-

292 4752 510 4800 vertens
564 4752 772 4801 montes
805 4753 857 4801 et
900 4754 1189 4805 conterens
1232 4758 1425 4821 petras
1483 4763 1615 4809 ante
1659 4759 1947 4815 Dominum
1974 4779 1997 4826 ,-

292 4836 450 4893 illico
481 4835 751 4907 adjunxit
784 4854 795 4892 :
829 4840 957 4893 Non
998 4841 1059 4894 in
1084 4844 1288 4910 spiritu
1316 4846 1580 4901 Dominus
1604 4866 1622 4911 ;
1654 4854 1707 4903 et
1728 4860 1848 4919 post
1875 4855 1998 4923 Spi-

296 4932 463 4983 ritum
504 4930 809 4996 commotio,
842 4944 957 4984 non
986 4932 1043 4983 in
1074 4934 1432 4988 commotione
1464 4936 1722 4992 Dominus
1742 4954 1765 5004 ;
1793 4946 1844 4993 et
1872 4950 1996 5010 post

294 5021 710 5074 commotionem
766 5021 929 5088 ignis,
980 5036 1093 5075 non
1151 5024 1209 5074 in
1246 5024 1377 5091 igne
1426 5026 1729 5093 Dominus;
1777 5035 1830 5083 et
1868 5038 1997 5101 post

367 5202 442 5271 (a)
476 5204 562 5276 Ita
594 5204 757 5276 Mss,
783 5220 883 5272 pro
906 5207 965 5260 in
993 5212 1253 5276 montem,
1287 5212 1350 5262 ut
1382 5222 1449 5264 ex
1479 5209 1777 5265 Editorum
1806 5227 1996 5267 corre-

295 5271 482 5351 qtiene
518 5274 749 5351 _legitur
779 5271 874 5333 hic
918 5282 976 5351 et
1021 5278 1159 5351 alibi
1193 5271 1364 5351 saepe,
1401 5297 1514 5337 non
1567 5284 1994 5339 attendentium

294 5344 635 5421 Gregorium
677 5350 1064 5421 grammatica:
1100 5344 1289 5421 leges"
1313 5344 1519 5421 parum
1552 5354 1910 5421 observasse,
1936 5360 1999 5412 ut

294 5415 421 5495 ipse
470 5419 717 5472 testatur
747 5417 805 5472 in
846 5421 1012 5488 epist.
1045 5422 1115 5476 ad
1158 5415 1492 5481 Lean-drum
1542 5424 1706 5481 libris
1740 5425 1829 5483 his
1860 5415 1997 5498 prae-

295 5500 493 5543 UllSSd.

367 5556 443 5627 (b)
464 5555 534 5636 _1n
570 5555 941 5636 quibusdam,
974 5563 1214 5633 intelligi
1232 5568 1691 5636 particulariter;
1724 5569 1839 5626 duo
1855 5569 1998 5626 Vin-

297 5630 436 5710 doc.‘
455 5627 949 5710 intellig‘i'pariterh.

372 5699 441 5768 (ο)
492 5698 617 5756 Duo
666 5698 863 5766 Vind.,
911 5702 1075 5759 Corb.
1126 5703 1343 5776 Germ.,
1394 5723 1545 5765 unus
1600 5711 1762 5783 Reg,
1809 5711 1993 5783 Colb.,

2110 4482 2297 4548 docet,
2329 4482 2423 4550 qui
2463 4498 2658 4537 vocem
2707 4497 2860 4535 aura
2896 4480 3043 4534 lenis
3087 4478 3331 4549 audivit,
3385 4478 3541 4534 dicat
3589 4495 3721 4550 quas
3755 4496 3829 4537 ex

2108 4570 2232 4642 ipsa
2263 4570 2371 4627 hac
2403 4570 2701 4626 auditione
2732 4570 3019 4626 didicerit.
3054 4570 3334 4640 Sequitur
3370 4585 3383 4622 :

2473 4660 2707 4716 CAPUT
2738 4658 2985 4715 xxxvu
3023 4660 3175 4730 meo.
3215 4657 3469 4729 XXVII].

2176 4749 2345 4805 Vana.
2382 4750 2467 4805 17.
2499 4780 2565 4791 -
2588 4749 2851 4819 Nunquid
2890 4749 3047 4803 homo
3070 4750 3168 4803 Dei
3211 4748 3627 4817 comparatione
3646 4748 3818 4816 justi-

2102 4841 2380 4908 ficabitur,
2414 4846 2514 4895 aut
2532 4843 2748 4909 factore
2776 4855 2874 4895 suo
2897 4842 3098 4909 purior
3118 4842 3222 4893 erit
3252 4840 3339 4891 vir
3368 4840 3396 4891 Σ)

2178 4931 2264 4984 67.
2315 4932 2541 4985 Iustitia
2577 4930 2821 4984 humana
2874 4930 3071 4983 divina
3118 4934 3465 4997 comparata,
3528 4928 3822 4995 injustitia

2104 5026 2203 5077 est.
2248 5020 2351 5089 Qui
2380 5017 2777 5090 compescenda:
2805 5018 2869 5073 de
2901 5020 2997 5074 Dei
3019 5018 3255 5086 ﬂagellis
3285 5017 3542 5087 querelae.
3574 5046 3645 5056 —
3688 5014 3820 5071 Hu-

2098 5206 2578 5281 prophetaﬁnobis.

2176 5273 2251 5353 (It)
2285 5280 2481 5353 lnEd.
2532 5276 2945 5353 additur_eti_bi
2990 5275 3439 5353 Dominamque:
3489 5273 3706 5353 desunt
3755 5273 3819 5331 in

2108 5345 2328 5419 Norm.,
2361 5349 2605 5416 Belvac.,
2636 5347 2836 5413 Vind.,
2868 5347 3183 5414 Compend.
3217 5353 3325 5400 etc.
3348 5345 3654 5419 Servanda
3672 5362 3817 5417 quo-

2105 5442 2217 5497 que
2248 5418 2541 5499 essenon
2576 5420 2928 5499 persuadent
2957 5434 3079 5487 qua:
3113 5426 3312 5499 postea
3342 5418 3621 5499 leguntur
3656 5432 3668 5469 :
3702 5433 3819 5499 esse

2104 5493 2229 5552 uero
2262 5499 2318 5550 in
2346 5494 2504 5550 sibilo
2534 5510 2686 5548 aura:
2716 5493 2915 5557 tenuis,
2950 5506 3060 5546 non
3092 5496 3350 5560 negatur.
3386 5493 3532 5544 Nam
3560 5504 3681 5544 non
3710 5493 3816 5555 ait,

2105 5572 2527 5711 “fagina”
2560 5636 3025 5705 contemplatione
3054 5632 3362 5690 subtilitate
3390 5632 3773 5701 degustamus.
