4134 6174
318 281 440 343 ’117

1252 280 1675 343 MOHALIUM
1723 281 1867 343 LIB.
1918 280 1990 340 V.
2038 310 2111 324 —
2158 277 2246 343 ΙΝ
2289 283 2463 344 CAP.
2511 287 2589 348 IV
2633 289 2705 349 B.
2752 288 2916 351 JOB.

3722 298 3839 360 718

312 430 485 471 mana
533 414 761 487 justitia
808 412 1016 470 divinas
1049 411 1296 484 justitiae
1340 418 1693 484 comparata,
1725 410 2102 484 injustitiaA
2135 414 2541 475 mutabilitatis
2572 436 2693 477 suae
2743 422 2999 479 motibus
3030 423 3313 495 subjacet.
3345 427 3476 486 Sola
3508 432 3699 489 autem
3731 449 3844 489 nar

311 506 402 559 est
427 519 440 558 :
463 506 600 575 quia
629 504 947 559 etlucerna
974 502 1031 556 in
1062 499 1322 557 tenebris
1356 500 1571 570 fulgere
1610 500 1888 568 cernitur,
1923 499 2026 555 sed

310 594 374 651 in
406 594 546 651 solis
574 596 734 651 radio
765 593 952 667 posita
983 593 1057 666 (a)
1091 593 1442 649 tenebratur.
1466 591 1613 658 Quid
1634 607 1768 665 ergo
1791 590 2027 659 Eliphaz

314 690 521 757 raptus
553 686 611 741 in
644 685 1135 757 contemplatione
1164 683 1449 755 cognovit,
1487 683 1598 739 nisi
1631 682 2027 755 quodjustiﬁ-

312 777 437 832 cari
466 776 637 833 homo
664 776 759 832 Dei
790 775 1223 847 comparatione
1254 791 1367 830 non
1401 773 1623 845 possit?
1653 773 1828 829 Recta
1859 788 2025 827 nam-

310 884 421 940 que
471 869 765 925 credimus
795 885 923 939 quae
967 869 1219 923 exterius
1250 881 1583 938 operemur,
1615 865 1711 920 sed
1746 880 1880 920 cum
1912 863 2025 919 mi-

311 959 472 1016 nime
492 959 723 1016 interna
744 959 1173 1032 cognoscimus,
1202 957 1277 1029 (ὁ)
1302 972 1449 1029 quas
1481 956 1537 1011 in
1570 954 1712 1011 solis
1735 955 1897 1010 radio
1921 970 2023 1026 po-

312 1049 411 1106 siti
444 1048 789 1121 caligamus.
822 1049 968 1103 Cum
1016 1063 1148 1104 vero
1186 1046 1285 1102 illa
1318 1049 1614 1115 utcunque
1644 1042 2019 1115 percipimus,

312 1139 425 1195 ista
486 1155 602 1195 non
651 1143 946 1205 utcunque
986 1138 1344 1209 judicamus,
1395 1134 1532 1206 quia
1574 1142 1730 1190 tanto
1776 1133 2023 1205 quisque

306 1229 589 1288 subtilius
612 1230 683 1286 de
711 1228 964 1286 tenebris
977 1228 1227 1299 judicat,
1250 1231 1465 1298 quanto
1488 1225 1540 1281 ei
1561 1224 1754 1281 verius
1786 1223 2022 1281 claritas

304 1320 455 1376 lucis
487 1324 735 1375 constat.
771 1318 878 1386 Qui
910 1319 1066 1373 enim
1098 1317 1289 1372 lucem
1322 1316 1497 1383 videt,
1529 1314 1637 1370 scit
1668 1313 1806 1385 quid
1840 1315 1908 1368 de
1938 1320 2020 1368 te-

306 1408 505 1466 nebris
540 1409 802 1464 aestimet.
849 1408 991 1465 Nam
1027 1406 1125 1478 qui
1160 1406 1469 1462 candorem
1504 1403 1651 1459 lucis
1682 1402 1933 1475 ignorat,
1966 1408 2022 1458 et

303 1499 553 1554 obscura
578 1514 678 1568 pro
710 1497 922 1553 lucidis
951 1495 1255 1568 approbat.
1290 1495 1442 1549 Bene
1472 1499 1667 1549 autem
1709 1492 2014 1548 subditur:

300 1592 342 1644 1
359 1589 810 1655 70Autfactore
829 1604 925 1642 suo
940 1586 1355 1657 purioreritvir
1376 1590 1401 1637 Ρ
1416 1581 1691 1653 Quisquis
1705 1583 1777 1653 (ο)
1795 1582 1864 1637 de
1887 1598 2014 1652 per-

302 1678 569 1734 cussione
584 1681 924 1744 murmurat,
938 1675 1077 1747 quid
1092 1673 1249 1730 aliud
1265 1672 1471 1745 quamj
1484 1671 1743 1727 ustitiam
1760 1669 2016 1727 ferientis

2138 506 2269 557 tura
2301 504 2909 576 incomprehensibilis
2939 530 2971 568 a
3019 518 3174 569 statu
3226 532 3332 573 suo
3382 520 3567 576 nescit
3607 521 3843 589 moveri,

2134 608 2261 662 quae
2292 594 2364 650 ab
2395 612 2461 652 eo
2492 600 2645 669 quod
2687 617 2914 672 semper
2946 602 3100 658 idem
3132 610 3237 673 est,
3285 609 3471 663 nescit
3518 609 3843 669 immutari.

2134 683 2280 739 Nam
2318 686 2363 741 si
2389 688 2723 759 angelorum
2773 692 3103 749 substantia
3141 714 3173 750 a
3220 698 3622 757 mulabilitatis
3686 706 3845 757 motu

2134 770 2340 828 fuisset
2387 775 2597 845 aliena,
2650 779 2795 835 bene
2826 780 2897 835 ab
2930 786 3165 839 auctore
3196 786 3450 855 condita,
3482 800 3845 858 nequaquam

2133 859 2191 914 in
2223 863 2484 932 reprobis
2508 866 2811 937 spiritibus
2842 886 2876 924 a
2902 871 3281 929 beatitudinis
3303 892 3420 930 suae
3453 893 3583 934 arce
3603 877 3846 933 cecidis-

2133 956 2239 1005 set.
2258 952 2604 1011 Mireautem
2621 958 2990 1030 omnipotens
3021 961 3175 1018 Deus
3197 968 3464 1021 naturam
3489 968 3559 1037 (e)
3582 983 3846 1023 summo-

2132 1057 2260 1097 rum
2294 1044 2566 1115 spiritum
2605 1047 2842 1115 bonam,
2884 1050 2983 1104 sed
3038 1052 3377 1109 mutabilem
3402 1056 3680 1124 condidit,
3709 1060 3771 1111 ut
3793 1064 3851 1111 et

2132 1131 2230 1203 qui
2264 1148 2600 1201 permanere
2643 1137 2880 1207 nollent,
2918 1145 3170 1210 ruerent,
3202 1146 3260 1197 et
3291 1143 3390 1214 qui
3418 1144 3478 1199 in
3509 1145 3846 1201 conditione

2132 1222 2530 1291 persisterent,
2579 1231 2736 1282 tanto
2784 1229 2841 1284 in
2884 1245 2954 1285 ea
2991 1231 3117 1300 jam
3151 1232 3406 1305 dignius,
3441 1238 3659 1306 quanto
3690 1238 3747 1291 et
3778 1251 3849 1290 ex

2129 1311 2367 1370 arbitrio
2392 1320 2612 1372 starent
2638 1322 2727 1384 ;et
2757 1334 2822 1374 eo
2850 1321 3085 1390 majoris
3127 1323 3282 1394 apud
3317 1324 3495 1380 Deum
3536 1324 3721 1380 meriti
3749 1324 3848 1381 ﬁe-

2131 1406 2259 1458 rent
2281 1422 2294 1473 ;
2313 1420 2428 1474 quo
2446 1405 2852 1463 mulabilitatis
2876 1426 2994 1464 sua:
3016 1414 3235 1467 motum
3255 1412 3567 1468 voluntatis
3590 1413 3845 1469 statione

2129 1492 2411 1547 fixissent.
2444 1494 2591 1557 Quia
2619 1512 2754 1568 ergo
2786 1497 2914 1569 ipsa
2946 1514 3179 1571 quoque
3228 1509 3434 1556 natura
3461 1502 3726 1575 angelica
3758 1511 3852 1559 est

2128 1582 2186 1636 in
2208 1582 2519 1653 semetipsa
2540 1586 2861 1652 mutabilis,
2886 1604 3064 1658 quam
3091 1588 3355 1646 videlicet
3385 1592 3843 1648 mutabilitatem

2126 1670 2264 1725 vicit
2294 1688 2394 1741 per
2424 1672 2551 1739 hoc,
2596 1675 2749 1744 quod
2792 1676 2842 1731 ei
2876 1678 2976 1747 qui
3023 1694 3249 1748 semper
3282 1679 3432 1734 idem
3463 1685 3552 1735 est
3591 1680 3844 1736 vinculis

301 1776 525 1824 accusat
553 1767 579 1822 ?
604 1767 905 1824 Puriorem
939 1782 1000 1822 sc
1029 1780 1166 1837 ergo
1198 1763 1285 1818 vir
1316 1763 1529 1819 factore
1560 1778 1665 1819 suo
1695 1761 2014 1827 existimat,
2050 1787 2099 1854 Β
2129 1760 2344 1815 amoris
2377 1760 2662 1832 illigatur,
2716 1769 2867 1820 recte
2909 1782 3063 1820 nunc
3115 1767 3326 1822 dicitur
3361 1784 3373 1821 :
3422 1771 3560 1824 Ecce
3612 1772 3704 1841 qui
3731 1786 3851 1825 scr—

302 1857 353 1913 si
407 1862 610 1913 contra
658 1854 953 1928 flagellum
1001 1853 1294 1927 querelam
1347 1856 1550 1924 parat;
1600 1866 1852 1922 eumque
1904 1849 2017 1905 sibi

299 1946 504 2020 procul
559 1947 737 2003 dubia
783 1948 1101 2018 postponit,
1139 1944 1311 2015 cujus
1348 1942 1634 2011 judicium
1686 1941 1757 1997 de
1803 1956 1909 1996 sua
1943 1939 2025 1995 af-

306 2038 564 2093 ﬂictione
595 2034 905 2108 redarguit.
940 2034 1014 2090 Ut
1060 2049 1193 2103 ergo
1224 2032 1400 2088 homo
1448 2029 1874 2101 reprehendere
1906 2045 2022 2084 non

308 2130 520 2185 audeat
549 2127 811 2199 judicem
835 2125 1039 2197 culpes,
1063 2124 1217 2180 hunc
1247 2121 1548 2178 humiliter
1576 2121 1788 2192 cogitet
1818 2126 2024 2175 aucto-

312 2233 435 2274 rem
470 2221 719 2281 naturas,
744 2215 882 2287 quia
910 2214 1012 2286 qui
1047 2215 1187 2270 mire
1225 2229 1294 2268 ex
1324 2211 1507 2267 nihilo
1538 2209 1833 2267 hominem
1870 2207 2019 2275 fecit,

316 2309 540 2363 factum
572 2306 748 2377 impie
769 2321 881 2361 non
916 2303 1143 2375 afﬂigit.
1174 2302 1335 2367 Quod
1361 2307 1498 2357 tunc
1540 2298 1770 2371 Eliphaz
1800 2296 2026 2367 didicit,

317 2414 452 2453 cum
485 2413 681 2454 vocem
726 2397 894 2468 quasi
927 2412 1078 2451 aurai
1128 2394 1273 2450 lenis
1311 2392 1551 2449 audivit.
1586 2392 1652 2446 In
1692 2389 2027 2445 considera-

315 2488 473 2543 tione
524 2502 774 2558 namque
830 2486 1039 2541 divinre
1087 2482 1509 2556 magnitudinis
1562 2480 1803 2536 discitur
1847 2492 2025 2547 quam

313 2577 618 2632 humiliter
663 2577 722 2632 in
774 2594 878 2632 sua
925 2574 1429 2631 animadversione
1477 2571 1773 2627 timeatur.
1824 2568 1892 2623 Et
1923 2566 2023 2637 qui

311 2683 568 2739 superna
588 2667 875 2738 degustat,
900 2665 1173 2720 inferiora
1198 2660 1602 2734 aequanimiter
1631 2658 1856 2727 tolerat,
1884 2656 2024 2728 quia

312 2758 482 2829 plene
512 2757 670 2813 intus
692 2754 997 2827 conspicit,
1025 2754 1225 2826 quanti
1255 2752 1503 2808 aestimet
1524 2749 1679 2821 quod
1713 2748 1851 2807 foris
1882 2747 2019 2818 agit.

308 2847 455 2903 Male
511 2846 668 2902 enim
716 2860 776 2900 se
823 2848 1043 2900 rectum
1095 2846 1275 2914 putat,
1324 2841 1424 2911 qui
1473 2838 1734 2912 regulam
1773 2852 2020 2894 summa

308 2934 678 2992 rectitudinis
697 2934 920 3004 ignorat
947 2949 960 2998 ;
984 2938 1041 2988 et
1071 2948 1220 3001 sape
1250 2932 1473 3001 lignum
1498 2936 1712 2984 rectum
1737 2927 2014 2991 creditur,

306 3027 357 3082 si
390 3028 461 3081 ad
485 3026 744 3096 regulam
762 3040 877 3079 non
900 3024 1178 3090 ducatur;
1205 3022 1303 3077 sed
1337 3037 1461 3075 cum
1495 3020 1706 3091 regulae
1726 3018 2013 3091 jungitur,

2130 1851 2287 1903 ciunt
2324 1852 2391 1917 ei,
2426 1868 2534 1905 non
2565 1859 2696 1906 sunt
2732 1854 2970 1910 stabiles.
3022 1858 3206 1926 Atque
3264 1858 3527 1926 ejusdem
3578 1860 3849 1929 protinus

2130 1938 2545 1997 documentum
2588 1943 2997 1999 mutabilitatis
3036 1947 3399 2017 adjungitur,
3434 1964 3566 2004 cum
3610 1950 3678 2005 de
3710 1966 3845 2020 apo-

2132 2031 2299 2086 statis
2328 2032 2633 2103 spiritibus
2664 2034 3027 2090 subinfertur
3059 2054 3070 2091 :
3107 2039 3175 2092 Et
3208 2040 3265 2091 in
3297 2039 3509 2107 angelis
3550 2041 3660 2095 suis
3690 2057 3847 2110 repe-

2130 2123 2207 2175 rit
2231 2124 2587 2191 pravitatem.
2621 2124 2692 2195 (f)
2742 2128 2808 2179 Et
2836 2142 3078 2194 quorum
3111 2142 3246 2182 casu
3293 2128 3441 2183 bene
3481 2129 3848 2187 infirmitatis

2133 2209 2401 2264 humana:
2441 2213 2960 2269 considerationem
3000 2214 3239 2286 colligit,
3272 2232 3403 2271 cum
3437 2216 3590 2273 illico
3617 2219 3841 2273 subne-

2134 2299 2231 2354 ctit
2267 2317 2279 2354 :
2311 2302 2528 2365 Quanto
2554 2305 2728 2371 magis
2758 2303 2835 2368 hi,
2868 2306 2965 2373 qui
2994 2305 3251 2359 habitant
3281 2305 3466 2361 domos
3507 2308 3699 2376 luteas,
3747 2310 3845 2378 qui

2133 2396 2410 2446 terrenum
2441 2392 2642 2447 habent
2668 2394 3117 2461 fundamentum,
3164 2409 3551 2451 consumen'ur
3580 2400 3727 2453 velut
3762 2402 3840 2452 ti—

2131 2484 2281 2535 nea?
2314 2482 2521 2537 Luteas
2552 2482 2768 2555 quippe
2799 2484 3004 2540 domos
3046 2486 3402 2557 habitamus,
3435 2487 3575 2558 quia
3609 2488 3667 2543 in
3709 2505 3838 2544 cor-

2134 2570 2372 2640 poribus
2392 2572 2641 2627 terrenis
2669 2572 3065 2628 subsistimus.
3091 2578 3225 2640 Quae
3244 2575 3388 2630 bene
3411 2576 3626 2632 Paulus
3650 2579 3809 2633 consi
3826 2609 3846 2620 -

2132 2662 2343 2716 derans
2383 2664 2529 2717 171
2566 2661 2680 2719 ait:
2732 2664 2999 2719 Habemus
3050 2665 3363 2720 thesaurum
3402 2670 3567 2722 istum
3615 2671 3671 2722 in
3704 2672 3843 2724 vasis

2129 2748 2386 2816 ﬁctilibus
2416 2748 2499 2819 (II
2525 2749 2649 2805 Cor.
2692 2765 2768 2815 1v,
2816 2749 2895 2820 7).
2942 2752 3004 2803 Et
3048 2767 3277 2806 rursum
3313 2768 3324 2805 :
3378 2753 3588 2808 Scimus
3636 2758 3767 2825 quia
3797 2758 3845 2809 si

2132 2839 2407 2892 terrestris
2434 2837 2625 2893 domus
2669 2846 2860 2892 nostra
2889 2840 3053 2908 hujus
3092 2839 3452 2896 habitationis
3481 2842 3839 2912 dissolvatur,

2129 2927 2279 2996 quod
2304 2927 2720 2996 aedificationem
2748 2944 2815 2982 ea:
2864 2931 2975 2982 Deo
3019 2929 3292 2998 habemus,
3334 2931 3551 2986 domum
3582 2950 3695 2987 non
3728 2950 3839 2987 ma-

2124 3020 2411 3084 nufactam
2458 3019 2537 3087 (II
2583 3017 2705 3072 Cor.
2751 3035 2806 3084 v,
2860 3019 2932 3089 1).
2979 3018 3297 3075 Terrenum
3340 3037 3573 3093 quoque
3623 3022 3834 3077 funda-

304 3133 409 3189 per
438 3087 716 3188 quantam
764 3087 1175 3169 tortitudinem’
1206 3110 1483 3167 tumescit
1526 3087 2013 3178 invenituriquia
2042 3087 2093 3154 Ο
2126 3115 2385 3162 mentum
2436 3111 2522 3162 est
2554 3087 2901 3163 substantiae
2942 3109 3152 3164 carnis.
3188 3087 3444 3174 Quod-in
3475 3087 3539 3165 se
3587 3110 3835 3167 sollicite

299 3207 580 3263 nimirum
605 3206 887 3262 rectitudo
908 3206 983 3273 (ιι)
1008 3202 1278 3259 abcidens
1307 3201 1585 3270 increpat,
1620 3201 1772 3273 quod
1804 3198 2010 3255 oculus

296 3301 574 3368 deceptus
628 3295 1003 3369 approbabat.
1048 3294 1283 3364 Eliphaz
1329 3292 1523 3363 ilaque
1572 3291 1710 3363 quia
1758 3304 2011 3359 superna

302 3389 622 3462 conspexit,
644 3385 1272 3455 districtumjudicium
1308 3384 1376 3438 de
1400 3382 1769 3438 inferioribus
1792 3381 2006 3446 exerit;

302 3486 360 3535 et
414 3478 682 3551 quamvis
743 3477 979 3531 beatum
1044 3473 1152 3529 Job
1203 3489 1315 3527 non
1375 3480 1525 3526 recte
1573 3471 1887 3542 redarguit,
1947 3469 2007 3523 in

305 3569 735 3639 comparatione
792 3569 987 3619 tamen
1032 3560 1307 3617 creatoris
1384 3560 1666 3625 omnium,
1732 3562 2006 3613 creaturas

304 3656 545 3711 modum
581 3659 731 3710 recte
760 3651 1037 3708 describit
1066 3650 1264 3704 dicens
1294 3663 1306 3701 :

421 3743 652 3800 CAPUT
682 3740 964 3799 xxxvm
996 3741 1145 3812 [Vet.
1180 3740 1404 3805 XXVII,
1443 3740 1565 3793 nec.
1598 3738 1870 3808 XXVIII].

372 3835 544 3891 Vens.
589 3835 674 3900 18,
702 3833 785 3888 19.
811 3832 1023 3886 —Ecce
1054 3832 1151 3900 qui
1177 3832 1423 3884 serviunt
1452 3831 1521 3894 ei,
1546 3843 1659 3883 non
1688 3830 1816 3882 sunt
1842 3827 2009 3881 stabi-

291 3912 387 3989 les,
421 3932 473 3981 et
498 3929 556 3979 in
582 3925 797 3993 angelis
817 3924 928 3978 suis
956 3922 1165 3990 reperit
1190 3918 1530 3990 pravitatem
1552 3935 1568 3971 :
1592 3924 1803 3988 quanto
1832 3919 2008 3986 magis

292 4019 366 4079 hi,
402 4018 501 4087 qui
531 4014 786 4068 habitant
805 4012 991 4067 domos
1017 4010 1214 4075 luteas,
1238 4010 1336 4079 qui
1360 4015 1639 4063 terrenum
1659 4006 1857 4062 habent
1878 4009 2009 4073 fun-

292 4110 632 4173 damentum,
662 4108 1052 4160 consumantur
1077 4102 1227 4155 velut
1255 4102 1446 4155 tinea?

360 4199 452 4254 68.
496 4199 712 4251 Natura
780 4194 1031 4264 angelica
1095 4209 1193 4247 cur
1248 4191 1549 4256 mutabilis,
1612 4196 1664 4243 et
1722 4189 1863 4244 unde
1909 4192 2010 4256 ﬁat

291 4286 668 4342 immutabilis.
721 4285 1060 4353 Angetorum
1117 4282 1305 4352 lapsus
1360 4281 1601 4335 homines
1640 4280 1896 4335 admonet
1943 4280 2009 4334 de

288 4394 389 4432 sua
420 4378 744 4443 infirmitate
772 4373 1042 4441 difﬁdere.
1080 4374 1269 4437 Tinea,
1302 4372 1764 4440 concupiscentia.
1799 4401 1867 4410 --
1898 4373 2007 4424 Na-

2118 3195 2426 3252 Psalmista
2473 3205 2868 3268 conspexerat,
2897 3214 3030 3253 cum
3080 3198 3351 3254 dicebat:
3389 3201 3506 3255 Non
3545 3206 3621 3255 est
3651 3203 3835 3256 occul—

2119 3292 2296 3341 tatum
2326 3302 2381 3341 os
2411 3303 2584 3341 meum
2618 3292 2744 3353 ate,
2767 3287 2917 3356 quod
2939 3289 3121 3353 fecisti
3149 3291 3207 3342 in
3238 3289 3471 3357 occulto,
3505 3297 3555 3343 et
3582 3290 3836 3345 substan-

2119 3380 2199 3431 tia
2230 3394 2349 3433 mea
2380 3379 2438 3431 in
2470 3378 2830 3444 inferioribus
2862 3386 3023 3433 terra
3064 3379 3236 3449 (Psal.
3271 3396 3543 3444 cxxxvur,
3578 3382 3689 3451 15).
3734 3381 3834 3435 Ti-

2118 3482 2227 3522 nea
2256 3472 2449 3523 autem
2482 3468 2552 3522 de
2582 3471 2740 3523 veste
2770 3468 3053 3539 nascitur,
3087 3473 3142 3523 et
3176 3470 3439 3526 eamdem
3482 3474 3726 3538 vestem,
3760 3472 3833 3527 de

2116 3572 2231 3626 qua
2275 3556 2477 3623 oritur,
2522 3557 2762 3612 oriendo
2811 3557 3152 3627 corrumpit.
3193 3557 3369 3622 Quasi
3402 3560 3667 3629 quaedam
3699 3576 3833 3615 vero

2114 3645 2291 3702 vestis
2311 3646 2519 3701 animai
2552 3663 2684 3702 caro
2715 3650 2803 3703 est
2835 3664 2848 3713 ;
2882 3648 2982 3703 sed
3033 3647 3158 3704 haec
3189 3647 3472 3704 nimirum
3516 3648 3693 3704 vestis
3728 3650 3830 3704 ha-

2117 3737 2210 3791 bet
2239 3736 2459 3790 tineam
2484 3752 2675 3803 suam,
2713 3736 2850 3808 quia
2882 3737 2952 3791 ab
2996 3736 3121 3805 ipsa
3157 3737 3410 3793 carnalis
3440 3738 3682 3794 tentatio
3714 3738 3831 3793 ori-

2118 3832 2232 3895 tur,
2265 3842 2334 3881 ex
2355 3843 2469 3897 qua
2498 3825 2806 3881 laceratur.
2832 3825 3009 3891 Quasi
3047 3826 3204 3881 enim
3233 3828 3489 3897 quadam
3540 3844 3644 3883 sua
3673 3829 3831 3883 tinea

2117 3920 2294 3975 vestis
2318 3922 2513 3974 nostra
2535 3917 2923 3984 consumitur,
2960 3933 3093 3973 cum
3118 3933 3250 3972 caro
3270 3916 3673 3987 corruptibilis
3705 3921 3831 3971 ten-

2116 4010 2397 4065 taticnem
2448 4009 2649 4081 gignit,
2683 4012 2740 4064 et
2774 4023 2873 4079 per
2922 4008 3067 4063 hanc
3097 4008 3166 4061 ad
3208 4006 3510 4061 interitum
3545 4006 3821 4075 pervenit.

2117 4099 2291 4156 Velut
2309 4098 2466 4155 tinea
2485 4099 2661 4154 homo
2690 4097 3075 4162 consumitur,
3100 4111 3232 4150 cum
3267 4096 3336 4149 de
3366 4110 3429 4149 se
3461 4094 3644 4149 oritur
3672 4094 3826 4149 unde

2118 4195 2463 4247 conteratur.
2495 4192 2573 4245 Ac
2602 4189 2653 4246 si
2674 4191 2870 4260 aperte
2899 4187 3091 4242 dicat:
3125 4185 3184 4240 Si
3216 4184 3300 4239 illi
3331 4184 3572 4255 spiritus
3600 4200 3727 4240 esse
3758 4200 3827 4239 ex

2118 4296 2180 4337 se
2209 4276 2717 4335 incommutabiles
2748 4278 3063 4345 nequeunt,
3097 4273 3193 4345 qui
3226 4272 3389 4330 nulla
3427 4274 3619 4330 carnis
3656 4274 3829 4329 infir—

2118 4370 2317 4426 mitate
2363 4369 2772 4441 deprimuntur
2803 4386 2817 4434 ;
2853 4382 2965 4437 qua
3005 4365 3331 4420 temeritate
3362 4379 3421 4418 se
3473 4363 3735 4419 homines
3768 4364 3826 4418 in

288 4458 416 4520 lora
457 4465 715 4536 angelica
792 4462 899 4519 etsi
959 4460 1457 4532 comtomplationi
1522 4461 1777 4515 auctoris
1820 4459 2004 4514 inhae—
2035 4464 2082 4530 Ι)
2114 4461 2262 4516 bono
2296 4474 2633 4530 permanere
2683 4459 3021 4513 constanter
3065 4454 3420 4519 existimant,
3470 4469 3619 4524 quos
3663 4452 3723 4507 in
3760 4467 3826 4507 eo

290 4557 493 4622 rendo,
526 4554 584 4610 in
618 4557 773 4609 statu
807 4569 913 4608 suo
945 4549 1388 4606 immutabiliter
1427 4554 1756 4621 permanet;
1788 4565 1853 4604 eo
1876 4549 2002 4620 ipso

288 4650 485 4700 tamen
516 4660 629 4712 quo
660 4645 923 4699 creatura
951 4644 1060 4709 est,
1091 4641 1151 4695 in
1183 4640 1500 4709 semetipsa
1538 4638 2005 4694 vicissitudinem

295 4732 702 4790 mutabilitatis
733 4732 926 4786 habet.
973 4729 1182 4785 Mutari
1214 4733 1431 4797 autem,
1481 4743 1550 4783 ex
1577 4727 1688 4782 alio
1727 4729 1797 4782 ad
1844 4726 2005 4782 aliud

290 4824 375 4878 ire
402 4828 514 4891 est,
552 4826 610 4877 et
638 4823 696 4876 in
747 4819 1055 4887 semetipso
1088 4818 1353 4874 stabilem
1386 4834 1498 4873 non
1536 4833 1681 4872 esse.
1719 4816 2004 4888 Unaqua-

289 4928 402 4984 que
423 4912 581 4968 enim
616 4927 705 4967 res
729 4911 897 4982 quasi
924 4914 1006 4966 tot
1032 4908 1304 4979 passibus
1334 4908 1403 4963 ad
1433 4907 1592 4962 aliud
1626 4905 1830 4971 tendit,
1865 4910 2007 4977 quot

358 5120 438 5248 Si)
472 5121 534 5176 In
595 5118 911 5192 plerisque,
964 5118 1358 5175 tenebricatur.
1394 5120 1478 5175 Ita
1525 5118 1662 5175 olim
1695 5119 1909 5176 lectum
1945 5121 2003 5177 in

288 5196 597 5350 $025892
628 5262 805 5350 verba
835 5266 1059 5350 quasi...
1097 5263 1427 5350 caligamzts,
1470 5272 1744 5350 non‘sunt
1774 5266 1836 5350 in
1865 5265 2004 5350 Υἱο-

288 5334 506 5402 decim,
556 5335 806 5402 Belvac.,
850 5334 1103 5389 Norman
1162 5341 1218 5389 et
1245 5335 1554 5405 plerisque.
1600 5337 1792 5391 Potest
1828 5336 2003 5393 etiam

288 5423 501 5462 sensus
547 5406 771 5477 integer
806 5410 1076 5461 constare
1109 5407 1199 5462 his
1233 5407 1499 5477 rejectis:
1528 5413 1757 5463 exstant
1791 5409 1845 5463 in
1883 5410 2006 5463 Col-

292 5479 441 5619 bent}
469 5549 555 5603 [ta
579 5548 773 5619 plures
798 5557 852 5603 et
885 5551 1155 5620 potiores,
1193 5566 1306 5605 non
1333 5552 1399 5604 de
1426 5555 1825 5621 persecutione,
1862 5557 1924 5607 ut
1944 5552 2002 5608 in

289 5620 478 5677 Editis
508 5624 639 5689 post
656 5619 788 5676 Coc.

361 5662 958 5777 Qfsifcaifﬁgpd”
1008 5692 1557 5777 B_elvac.,.Turon.,l
1583 5694 1751 5750 Corb.
1787 5695 2004 5777 Germ,

291 5762 504 5849 Colb.,‘
528 5762 994 5833 Gcrm.,‘Norm.
1044 5763 1490 5823 Vindocinensis
1522 5765 1602 5823 ita
1644 5780 1877 5837 quoque
1907 5765 2008 5826 ha-

2113 4551 2265 4621 quod
2291 4548 2621 4604 intellectus
2644 4547 2718 4602 ad
2744 4561 2975 4602 summa
2997 4544 3206 4609 evehit,
3230 4541 3482 4600 carnalis
3512 4542 3829 4598 infirmitas

2113 4656 2437 4711 aggravans
2470 4638 2766 4708 prapedit,
2792 4641 2855 4690 ut
2886 4651 2983 4705 per
3005 4632 3397 4705 corruptionis
3425 4632 3631 4687 vitium
3664 4632 3723 4685 in
3746 4647 3830 4685 se-

2114 4730 2376 4797 metipsis
2390 4727 2645 4782 habeant
2663 4728 2815 4782 unde
2833 4728 2906 4780 ab
2932 4724 3139 4780 intima
3163 4723 3413 4779 novitate
3430 4719 3828 4777 veterascant?

2185 4820 2328 4884 [γει.
2362 4818 2643 4888 XXVIILJ
2671 4815 2761 4871 69.
2797 4815 3005 4885 Angeli
3034 4815 3278 4869 doctores
3316 4817 3465 4877 sunt,
3507 4812 3603 4881 qui
3632 4824 3827 4880 quam-

2116 4908 2245 4964 libet
2292 4909 2492 4973 sancti,
2535 4923 2648 4961 non
2704 4911 2831 4961 sunt
2866 4906 2981 4959 sine
3019 4904 3201 4973 culpa.
3257 4904 3423 4954 Tinea
3471 4900 3589 4953 sine
3636 4898 3823 4952 sonitu

2115 5126 2211 5181 bet
2240 5124 2438 5191 ;alter,
2472 5121 2748 5179 rectitudo
2779 5117 3089 5174 abscedens.
3123 5113 3185 5169 In
3214 5112 3340 5177 Ed.,
3367 5110 3642 5167 rectitudo
3671 5122 3827 5166 acce-

2116 5198 2269 5341 dezleb).
2302 5265 2598 5341 Nonnulli,
2648 5276 3013 5341 supernorum
3056 5258 3370 5329 spirituum.
3413 5256 3475 5309 In
3514 5269 3629 5310 uno
3662 5252 3825 5326 Reg,

2118 5336 2503 5410 supernorum.
2541 5339 2604 5393 ln
2634 5336 2834 5410 altero,
2873 5347 3117 5410 επεν-ψη.

2192 5401 2261 5482 (Γ)
2297 5411 2396 5465 Hic
2426 5410 2654 5463 variant
2685 5397 2828 5462 Mss.
2850 5411 2905 5459 ct
2936 5402 3081 5482 Ε.όίῐί
3116 5397 3827 5482 ερθρυὶωιιτορτοδβίὶφῐ.

2116 5469 2271 5537 mam
2323 5482 2476 5547 lect.,
2528 5496 2654 5550 quae
2687 5482 2774 5533 est
2803 5476 3069 5550 omnium
3116 5469 3336 5550 Norjn,
3386 5469 3558 5550 unius
3607 5472 3827 5550 An_gl_i_c.

2118 5554 2424 5623 utriusque
2466 5542 2815 5621 'Co'rnpendq
2868 5546 3173 5615 Bcllovac.,
3205 5546 3371 5601 Corb.
3415 5544 3633 5623 Germ,
3666 5542 3826 5623 C_0lb.

2113 5616 2508 5679 Germ.'Editi
2558 5616 2795 5686 habent,
2848 5637 2915 5676 ea:
2957 5635 3194 5693 quorum
3242 5618 3651 5689 comparatione
3696 5616 3828 5669 bene

2113 5713 2266 5754 casus
2300 5697 2641 5770 inﬁrmitatis
2672 5694 2817 5749 hum.
