4134 6174
343 292 463 353 719

1609 285 1890 347 SANCTI
1933 287 2319 350 GREGORII
2362 290 2617 352 MAGNI

3720 304 3819 365 720

338 426 601 483 damnum
647 426 874 495 faciens,
924 424 1143 493 iniquos
1189 420 1403 476 exhibet
1437 419 1642 474 damna
1678 436 1779 474 sua
1806 436 1919 475 non
1948 427 2043 477 at—
2071 422 2124 489 Α
2160 423 2283 479 Viri
2319 428 2654 495 sanguinum
2698 432 2752 481 et
2796 427 2974 483 dolosi
3013 444 3124 484 non
3172 427 3528 486 dimidiabunt
3586 433 3690 489 dies
3722 449 3824 492 suos

342 520 641 573 tendentes.
683 548 750 557 —
784 518 1033 570 Possunt
1063 528 1295 583 quoque
1324 528 1427 582 per
1456 510 1697 581 angelos
1727 511 1909 566 sancti
1942 512 2047 566 do-

339 613 522 664 ctores
552 605 823 678 intelligi,
865 605 1020 660 sicut
1073 620 1176 675 per
1208 602 1549 673 prophetam
1597 600 1841 656 dicitur:
1876 603 2049 657 Labia

336 696 639 751 sacerdotis
679 693 995 749 custodiunt
1035 693 1339 755 scientiam,
1388 696 1441 743 et
1471 691 1641 758 legem
1670 693 1961 760 requirunt
1982 708 2050 745 ea:

337 802 432 840 ore
460 788 597 856 ejus,
631 786 764 856 quia
784 783 1011 853 angelus
1033 782 1254 836 Domini
1282 782 1619 834 exercituum
1649 786 1726 833 est
1758 780 1913 849 (Mal.
1945 796 2045 846 v11,

337 874 438 945 (1).
482 872 590 938 Qui
636 871 1000 944 quantalibet
1038 870 1249 924 virtute
1299 869 1579 939 lulgeant,
1631 883 1758 922 esse
1806 868 2046 923 omnino

338 963 466 1020 sine
494 962 668 1033 culpa
685 964 995 1032 nequeunt,
1021 958 1277 1015 cumiter
1299 957 1599 1029 prasentis
1621 957 1746 1011 vitae
1767 957 2045 1027 gradiun-

338 1058 457 1120 tur,
489 1053 626 1125 quia
657 1069 859 1109 eorum
892 1049 1171 1106 nimirum
1216 1065 1448 1119 gressus
1484 1048 1740 1119 tangitur
1786 1052 1886 1103 aut
1925 1047 2045 1103 luto

336 1140 525 1197 illiciti
554 1140 767 1213 operis,
799 1140 1153 1212 autpulvere
1185 1136 1571 1209 cogitationis.
1611 1136 1823 1192 Domos
1854 1144 2043 1192 autem

336 1229 527 1286 luteas
576 1228 865 1295 habitant,
910 1228 1010 1300 qui
1069 1228 1140 1283 de
1188 1225 1526 1282 illscebrosa
1555 1224 1665 1279 hac
1705 1225 1823 1279 vita
1852 1223 2045 1280 carnis

336 1319 650 1376 exsultant.
685 1320 845 1376 IIanc
872 1320 1112 1375 domum
1145 1316 1357 1372 luteam
1380 1314 1595 1371 Paulus
1623 1314 1885 1370 habitare
1914 1332 2045 1372 con-

337 1414 675 1480 tempserat,
727 1424 859 1464 cum
903 1407 1176 1463 dicebat:
1229 1406 1426 1460 Nostra
1475 1411 1659 1459 autem
1707 1408 2045 1460 conversatio

334 1501 396 1552 in
435 1501 579 1555 caelis
608 1506 687 1555 est
716 1500 950 1571 (Philip.
986 1514 1066 1566 Ill,
1108 1497 1201 1565 20,
1230 1496 1343 1568 21).
1380 1496 1537 1550 Dicat
1577 1510 1750 1566 ergo:
1783 1496 1920 1550 Ecce
1950 1499 2047 1567 qui

333 1594 581 1646 serviunt
602 1593 651 1645 ei
677 1606 788 1645 non
819 1596 947 1644 sunt
985 1588 1223 1654 stabiles,
1273 1593 1323 1641 et
1351 1588 1410 1639 in
1440 1586 1651 1654 angelis
1698 1588 1809 1640 suis
1838 1589 2045 1656 reperit

329 1682 663 1749 pravitatem
695 1696 714 1741 ;
746 1686 953 1749 quanto
982 1678 1158 1745 magis
1179 1677 1235 1727 hi
1264 1677 1360 1745 qui
1379 1674 1631 1727 habitant
1659 1674 1844 1728 domos
1870 1674 2044 1731 luteas

335 1771 433 1841 qui
463 1775 741 1824 terrenum
772 1766 977 1821 habent
1009 1766 1455 1834 fundamentum,
1478 1770 1867 1818 consumentur
1896 1766 2045 1818 velut

336 1861 485 1914 tinea
515 1865 541 1911 Ρ
562 1861 642 1913 Ac
674 1857 722 1912 si
755 1864 951 1929 aperte
990 1855 1143 1910 dicat
1176 1854 1273 1909 :Si
1310 1853 1614 1925 praesentis
1632 1852 1757 1906 vitae
1784 1852 1933 1907 viam
1960 1852 2045 1909 illi

335 1950 460 2005 sine
492 1947 757 2019 contagio
780 1945 1030 2002 transire
1060 1949 1381 2017 nequeunt,
1416 1946 1513 2013 qui
1544 1948 1752 1997 aeterna
1783 1943 1863 2015 (a)
1897 1960 2043 1997 nun-

332 2039 571 2107 tiantes,
600 2054 728 2095 sese
759 2041 961 2092 contra
993 2034 1330 2106 temporalia
1352 2033 1685 2105 accingunt,
1718 2050 1842 2102 quae
1874 2032 2043 2088 detri-

333 2134 532 2184 menta
561 2126 645 2182 illi
678 2128 970 2183 sustinent
999 2126 1095 2196 qui
1123 2140 1251 2180 esse
1281 2140 1340 2179 se
1371 2124 1431 2177 in
1455 2121 1700 2178 carnalis
1730 2122 2043 2177 habitatio-

330 2220 424 2275 nis
445 2218 842 2290 voluptatibus
872 2215 1176 2287 gaudent?
1201 2213 1308 2278 Qui
1341 2213 1496 2269 enim
1529 2212 1788 2267 serviunt
1818 2212 1892 2279 ei,
1928 2228 2042 2267 non

332 2312 471 2367 sunt
502 2307 766 2373 stabiles,
790 2305 929 2377 quia
958 2320 1089 2360 cum
1133 2319 1299 2358 mens
1332 2302 1403 2357 ad
1435 2301 1553 2356 alta
1585 2300 1813 2368 nititur,
1849 2302 2042 2356 carnis

330 2418 450 2459 suae
481 2398 832 2472 cogitatione
860 2397 1214 2467 dissipatur;
1241 2393 1318 2449 ita
1349 2396 1413 2448 ut
1444 2408 1593 2462 saepe
1634 2391 1868 2446 animus
1900 2392 2040 2446 dum

330 2489 557 2548 intimis
601 2486 808 2550 inhiat,
853 2485 994 2540 dum
1043 2482 1170 2538 sola
1218 2480 1477 2537 ccalestia
1519 2484 1799 2551 aspectat,
1848 2479 2043 2535 subita

330 2578 550 2637 carnali
600 2574 978 2631 delectatione
1028 2570 1354 2643 perculsus,
1406 2586 1437 2625 a
1468 2568 1780 2639 semetipso
1826 2569 2042 2623 scissus

322 2672 540 2743 jaceat,
571 2670 627 2723 et
656 2664 754 2737 qui
785 2680 849 2720 se
879 2660 1242 2717 infirmitatis
1265 2677 1382 2717 suae
1407 2658 1704 2715 molestias
1735 2675 2044 2731 superasse

328 2761 643 2835 gaudebat,
695 2755 997 2830 repentino
1026 2752 1260 2809 vulnere
1302 2755 1630 2824 prostratus
1671 2754 1879 2821 gemat.
1912 2752 2042 2805 Pra-

326 2852 475 2909 vitas
506 2864 641 2921 ergo
672 2850 729 2902 et
758 2846 816 2900 in
848 2844 1069 2915 angelis
1109 2842 1411 2913 reperitur,
1447 2842 1587 2896 dum
1621 2840 1781 2912 ipsos
1812 2856 2041 2911 quoque

327 2941 428 3015 qui
460 2940 755 2995 veritatem
790 2933 1081 3001 nuntiant,
1124 2946 1546 3001 nonnunquam
1581 2929 1880 3001 subreptio
1912 2930 2041 2985 vitta

328 3028 553 3089 fallacis
583 3032 800 3098 gravat.
834 3023 893 3077 Si
916 3038 1053 3093 ergo
1084 3022 1141 3076 hi
1173 3020 1344 3076 etiam
1382 3020 1587 3074 mundi
1619 3019 1797 3089 hujus
1830 3018 2041 3089 iniqui-

325 3128 444 3180 tate
478 3118 780 3177 feriuntur,
814 3130 964 3185 quos
990 3120 1189 3168 contra
1218 3127 1352 3166 eum
1374 3114 1575 3166 sancta
1608 3110 1850 3164 intentio
1872 3110 2042 3181 erigit

2156 511 2324 583 (Psal.
2362 531 2472 581 LIV,
2502 516 2615 585 25).
2660 515 2795 571 Dies
2845 518 3060 588 quippe
3121 517 3442 586 dimidiare,
3490 530 3572 577 est
3623 528 3822 597 tempus

2154 602 2281 656 vitae
2326 604 2477 658 male
2507 605 2565 659 in
2588 604 2984 676 voluptatibus
3015 607 3253 663 ductum
3282 608 3351 663 ad
3393 610 3724 679 poenitentiae
3754 614 3823 671 la-

2155 697 2355 747 menta
2387 693 2663 757 dividere,
2687 700 2859 765 atque
2891 694 3001 752 hoc
3031 698 3100 750 ad
3130 697 3341 753 bonum
3367 714 3531 754 usum
3566 702 3828 771 partiendo

2153 798 2431 851 reparare.
2455 785 2561 838 Sed
2587 782 2770 853 iniqui
2796 785 2920 840 dies
2948 801 3087 841 suos
3124 802 3485 856 nequaquam
3528 789 3827 860 dimidiam,

2153 870 2290 941 quia
2308 887 2632 942 perversam
2673 878 2937 928 mentem
2967 890 3071 930 nec
3103 875 3162 929 in
3192 881 3445 932 extremo
3477 884 3717 950 tempore
3744 882 3832 936 im.

2154 964 2403 1014 mutant.
2457 963 2578 1028 Quo
2625 967 2825 1017 contra
2875 964 3018 1018 bene
3058 964 3274 1019 Paulus
3315 967 3587 1023 admonet
3622 969 3827 1025 dicens:

2150 1050 2495 1106 Redimentes
2541 1058 2770 1121 tempus,
2822 1055 3085 1123 quoniam
3135 1054 3250 1109 dies
3298 1057 3429 1110 mali
3481 1064 3606 1113 sunt
3640 1058 3830 1129 (Ephes.

2149 1154 2207 1206 v,
2262 1139 2366 1210 16).
2412 1140 2667 1210 Tempus
2712 1141 2926 1211 quippe
2986 1141 3344 1211 redimimus,
3425 1147 3650 1216 quando
3686 1154 3832 1203 ante-

2150 1232 2338 1283 actam
2377 1228 2579 1295 vitam,
2632 1246 2810 1301 quam
2853 1228 3205 1287 lasciviendo
3249 1233 3622 1307 perdidimus,
3670 1236 3832 1295 ﬂendo

2150 1334 2511 1389 reparamus.
2543 1321 2817 1391 Sequitur
2841 1338 2854 1375 :

2788 1410 3019 1466 CAPUT
3049 1410 3160 1467 XL.

2224 1500 2364 1553 IBID.
2396 1527 2465 1539 -
2522 1500 2591 1553 Et
2621 1502 2753 1570 quia
2783 1501 2971 1555 nullus
3001 1502 3289 1571 intelligit,
3316 1506 3376 1557 in
3415 1511 3672 1561 aeternum
3693 1509 3832 1575 peri-

2154 1588 2311 1642 bunt.

2221 1676 2311 1731 71.
2344 1680 2495 1734 Scire
2544 1680 2833 1750 negligunt
2882 1697 3002 1752 qua:
3056 1697 3144 1737 eos
3185 1684 3483 1753 supplicia,
3533 1702 3647 1755 qua
3678 1689 3838 1757 justas

2077 1804 2123 1867 Β
2146 1770 2381 1836 praemia
2400 1777 2684 1826 maneant.
2703 1770 2991 1826 -Nullus
3013 1772 3281 1828 videlicet
3306 1790 3511 1829 eorum
3529 1776 3618 1845 qui
3642 1794 3672 1830 a
3693 1791 3833 1833 mane

2156 1872 2341 1928 usque
2385 1860 2452 1913 ad
2521 1875 2822 1930 vesperam
2876 1860 3273 1917 succidentur.
3340 1862 3548 1919 Nullus
3595 1864 3835 1936 intelligit

2154 1946 2239 2000 vel
2277 1947 2353 2015 (b)
2376 1962 2576 2001 eorum
2602 1949 2695 2017 qui
2727 1954 2990 2019 pereunt,
3010 1949 3092 2005 vel
3116 1966 3314 2005 eorum
3342 1952 3440 2022 qui
3461 1953 3708 2025 perditos
3730 1970 3835 2026 per-

2152 2037 2417 2090 euntium
2454 2052 2642 2092 mores
2670 2038 2995 2093 imitantur.
3028 2039 3189 2096 Unde
3226 2040 3373 2096 alias
3407 2043 3687 2114 scriptum
3715 2048 3832 2100 est:

2149 2128 2336 2181 Justus
2358 2128 2531 2196 perit,
2572 2132 2627 2180 et
2656 2143 2810 2181 nemo
2841 2135 2919 2183 est
2950 2131 3047 2199 qui
3076 2132 3341 2199 recogitet
3373 2133 3434 2185 in
3472 2133 3631 2187 corde
3656 2149 3763 2198 suo,
3787 2142 3833 2190 et

2149 2218 2258 2271 viri
2292 2217 2679 2271 misericordia:
2722 2218 3085 2286 colliguntur,
3126 2223 3260 2289 quia
3290 2236 3406 2275 non
3437 2230 3517 2277 est
3546 2226 3641 2294 qui
3668 2225 3836 2278 intelli-

2150 2313 2246 2376 gat
2274 2308 2426 2377 (Isai.
2460 2322 2534 2375 v1,
2576 2307 2697 2377 57).
2752 2307 2938 2377 Iniqui
2981 2324 3115 2380 ergo
3162 2310 3301 2365 dum
3355 2311 3485 2368 sola
3532 2314 3839 2383 temporalia

2150 2400 2451 2466 appetunt,
2501 2399 2558 2450 et
2590 2412 2717 2466 quas
2754 2396 2908 2452 bona
2938 2396 3135 2454 electis
3182 2398 3243 2454 in
3273 2405 3559 2457 aeternum
3593 2407 3838 2458 maneant

2150 2485 2295 2540 scire
2311 2487 2695 2540 contemnunt
2715 2500 2728 2551 ;
2746 2484 2885 2539 dum
2905 2488 3204 2556 justorum
3224 2487 3603 2546 afﬂictionem
3626 2491 3833 2562 conspi-

2150 2573 2333 2639 ciunt,
2353 2572 2455 2627 sed
2478 2589 2609 2644 quas
2629 2573 2708 2627 sit
2726 2573 3061 2630 afﬂictionis
3086 2576 3392 2632 retributio
3413 2594 3529 2633 non
3546 2584 3836 2650 agnoscunt

2151 2663 2396 2719 actionis
2427 2679 2542 2718 sum
2574 2664 2780 2734 pedem
2806 2664 2863 2718 in
2897 2665 3253 2734 profundum
3296 2667 3628 2741 porrigunt,
3666 2669 3781 2738 quia
3809 2687 3837 2727 a

2149 2751 2277 2809 luce
2299 2753 2693 2824 intelligentia
2716 2763 2916 2824 sponte
2938 2772 3046 2810 sua
3066 2757 3266 2812 oculos
3289 2757 3588 2815 claudunt.
3612 2760 3680 2831 (c)
3699 2758 3835 2816 Stul-

2150 2841 2224 2897 tis
2255 2842 2405 2897 enim
2437 2841 2836 2911 voluptatibus
2861 2842 3103 2912 decepti,
3137 2845 3275 2899 dum
3324 2862 3457 2916 qua:
3486 2848 3694 2915 vident,
3713 2851 3841 2903 tem-

2149 2929 2423 3000 poraliter
2479 2928 2746 3000 diligunt,
2796 2947 2827 2984 a
2867 2930 3199 3003 semetipsis
3240 2931 3481 2990 alienati
3518 2951 3628 2991 non
3664 2935 3839 2991 vident

2151 3018 2249 3073 ubi
2291 3019 2350 3074 in
2383 3023 2667 3074 aeternum
2700 3023 2899 3075 ruunt.
2934 3019 3130 3076 Potest
3161 3021 3341 3077 etiam
3369 3039 3538 3080 mane
3579 3023 3838 3095 prosperi-

2149 3112 2255 3171 tas,
2313 3124 2546 3179 vespere
2595 3108 2773 3180 hujus
2826 3110 3033 3165 mundi
3082 3110 3413 3169 adversitas
3443 3113 3740 3186 designari.
3769 3113 3834 3169 De

327 3211 543 3284 quibus
567 3206 777 3261 ictibus
800 3184 884 3260 illi
916 3205 1311 3273 penetrantur,
1338 3216 1483 3272 quos
1506 3204 1641 3255 ante
1668 3200 1794 3269 ejus
1819 3200 2036 3269 jacula,
2068 3184 2117 3249 Ο
2150 3214 2316 3255 mane
2346 3214 2482 3269 ergo
2514 3214 2697 3269 usque
2729 3198 2802 3254 ad
2828 3214 3134 3269 vesperum
3175 3202 3408 3272 reprobi
3456 3184 3831 3265 succidantur,

324 3303 456 3375 ipsa
485 3294 846 3355 inﬁrmitatis
878 3310 997 3349 suae
1031 3292 1335 3347 delectatio
1364 3292 1568 3347 sternit
1596 3290 1623 3345 ‘l
1653 3290 1758 3354 Qui
1783 3290 1929 3345 bene
1947 3306 2037 3343 ve-

324 3393 415 3449 lut
445 3390 604 3446 tinea
634 3384 902 3443 consumi
932 3382 1361 3438 describuntur.
1410 3381 1588 3436 Tinea
1630 3380 1845 3451 quippe
1876 3378 2036 3434 dam-

325 3496 469 3538 num
503 3477 657 3543 facit,
679 3478 735 3532 st
763 3472 1023 3530 sonitum
1057 3486 1171 3527 non
1201 3470 1367 3539 facit;
1404 3470 1481 3524 ita
1503 3469 1839 3540 iniquorum
1873 3482 2035 3523 men-

322 3573 433 3639 tes,
458 3566 590 3638 quia
613 3565 829 3619 damna
857 3576 964 3616 sua
986 3558 1355 3615 considerare
1389 3556 1709 3630 negligant,
1742 3556 2037 3628 integrita-

324 3670 438 3719 tem
470 3655 635 3729 quasi
686 3651 1011 3709 nescientes
1060 3648 1327 3721 perdunt.
1375 3647 1673 3702 Amittunt
1717 3662 1972 3718 namque
2003 3664 2036 3701 a

323 3750 495 3806 corde
533 3741 948 3809 innocentiam,
981 3739 1053 3793 ab
1092 3754 1186 3793 ore
1224 3738 1548 3805 veritatem,
1584 3754 1615 3792 a
1645 3751 1817 3791 carne
1848 3736 2035 3791 conti-

319 3836 600 3905 nentiam,
647 3837 702 3889 et
747 3848 850 3903 per
888 3844 1181 3884 accessum
1230 3827 1511 3898 temporis
1556 3827 1626 3881 ab
1673 3830 1838 3881 aetate
1879 3826 2031 3881 172

318 3930 517 3986 vitam.
552 3925 660 3982 Sed
693 3923 816 3978 haec
844 3936 904 3975 se
935 3918 1333 3974 indesinenter
1363 3916 1629 3972 amittere
1661 3930 2029 3988 nequaquam

320 4017 712 4091 conspiciunt,
747 4013 887 4067 dum
934 4012 1054 4063 toto
1100 4001 1387 4063 desiderio
1421 4005 1578 4060 curis
1608 4004 2029 4076 temporalibus

320 4109 698 4179 occupantur.
744 4098 914 4165 Quasi
970 4114 1105 4168 ergo
1137 4114 1168 4152 a
1198 4096 1356 4152 tinea
1397 4099 1841 4161 consumuntur,
1893 4093 2031 4163 quia

321 4200 447 4255 sine
496 4195 710 4261 sonitu,
763 4189 945 4261 culpas
989 4203 1247 4243 morsum
1282 4185 1547 4251 tolerant,
1589 4187 1809 4253 quanta
1853 4182 2030 4238 detri-

323 4292 520 4344 menta
556 4284 683 4341 vita
714 4286 771 4337 et
814 4277 1154 4335 innocentiae
1196 4274 1514 4347 patiantur,
1564 4274 1702 4328 dum
1734 4272 2024 4344 ignorant.

323 4376 488 4432 Unde
518 4382 571 4429 et
609 4372 756 4427 bene
794 4368 1096 4423 subditur:

890 4456 1119 4511 CAPUT
1149 4453 1385 4509 XXXIX.

2149 3288 2285 3360 quia
2314 3292 2371 3343 et
2410 3302 2510 3360 per
2552 3303 2831 3359 prospera
2870 3286 3235 3345 lascivientes
3284 3291 3627 3363 depereunt,
3669 3296 3720 3347 et
3746 3306 3831 3361 per

2145 3377 2387 3433 adversa
2414 3376 2784 3448 impatientes
2814 3378 2885 3432 ad
2909 3376 3199 3435 insaniam
3228 3390 3574 3453 exsurgunt.
3606 3382 3747 3446 Quos
3773 3378 3832 3434 de

2148 3483 2319 3523 mane
2350 3482 2540 3538 usque
2569 3467 2639 3521 ad
2675 3482 2977 3537 vesperam
3002 3484 3372 3539 nequaquam
3396 3471 3571 3542 culpa
3597 3469 3829 3527 succide-

2146 3561 2253 3624 ret,
2291 3557 2339 3612 si
2360 3555 2450 3612 vel
2482 3572 2762 3628 prospera
2796 3558 3117 3613 fomentum
3142 3559 3471 3629 crederent,
3503 3560 3589 3616 vel
3620 3561 3831 3615 adversa

2143 3646 2461 3703 sectionem
2496 3646 2582 3701 sui
2617 3646 2869 3702 vulneris
2906 3648 3279 3705 aestimarent.

2215 3735 2609 3806 [Vet.XX1X.]
2667 3736 2756 3790 72.
2801 3738 2905 3801 Qui
2946 3740 3229 3808 prosperis
3278 3741 3364 3794 vel
3421 3742 3659 3798 adversis
3718 3740 3829 3795 bene

2142 3829 2396 3879 utantur.
2430 3855 2499 3866 —-
2529 3825 2639 3880 Sed
2670 3825 2806 3896 quia
2830 3841 3200 3897 nequaquam
3233 3827 3314 3884 sic
3352 3828 3597 3887 humani
3625 3826 3830 3902 generis

2142 3915 2455 3971 multitudo
2489 3915 2796 3983 deseritur,
2840 3922 2904 3971 ut
2934 3922 3144 3973 cuncta
3176 3920 3243 3974 ad
3277 3918 3583 3977 interitum
3625 3920 3829 3976 tendere

2140 4005 2532 4076 permittatur,
2556 4010 2693 4061 sunt
2723 4005 2987 4060 nonnulli
3021 4007 3118 4077 qui
3164 4011 3473 4077 praesentis
3503 4011 3625 4065 vita
3654 4009 3830 4066 oblec-

2138 4098 2462 4149 tamentum
2496 4094 2843 4165 despiciunt,
2877 4096 3049 4150 etiam
3091 4113 3220 4153 cum
3254 4098 3495 4167 adsunt,
3524 4096 3833 4156 transitoria

2138 4200 2265 4241 esse
2316 4185 2710 4251 considerant,
2762 4191 2937 4256 atque
2982 4185 3101 4242 haec
3157 4203 3222 4244 ex
3267 4205 3471 4246 amore
3516 4186 3831 4248 aeternitatis

2137 4274 2379 4331 calcant.
2404 4274 2667 4345 Cumque
2698 4275 2755 4329 in
2797 4276 2901 4331 hoc
2935 4277 3118 4346 primo
3143 4278 3327 4345 gradu
3350 4280 3570 4350 judicii
3592 4289 3830 4352 gressum

2137 4366 2379 4432 ponunt,
2406 4363 2482 4434 (d)
2506 4363 2818 4435 vegetiores
2846 4366 2913 4419 ad
2941 4365 3145 4421 altiora
3170 4369 3536 4437 perveniunt,
3565 4373 3626 4423 ut
3646 4368 3830 4423 cuncta

2134 4451 2471 4521 temporalia
2521 4469 2635 4508 non
2695 4452 2886 4509 solum
2932 4454 3072 4525 quia
3120 4455 3293 4512 citius
3338 4462 3484 4513 sunt
3517 4454 3831 4520 amittenda,

393 4553 570 4609 Vsas.
605 4550 694 4604 20.
738 4577 800 4587 —
865 4549 939 4600 De
999 4560 1158 4599 mane
1205 4560 1373 4614 usque
1410 4544 1483 4599 ad
1530 4559 1808 4614 vesperam
1860 4542 2033 4596 succi-
2057 4554 2105 4620 D
2137 4541 2476 4613 despiciant,
2521 4544 2620 4598 sed
2673 4542 2766 4599 his
2800 4543 3080 4601 inhaerere
3130 4562 3244 4601 non
3278 4553 3581 4619 appetant,
3603 4548 3761 4603 etiam
3782 4544 3835 4600 si

323 4644 550 4701 dentur.

392 4736 481 4790 70.
516 4728 753 4805 Reprobi
809 4743 905 4781 nec
952 4729 1009 4780 in
1062 4731 1303 4780 extremo
1353 4732 1593 4795 tempore
1642 4730 1875 4778 mentem
1904 4738 2034 4793 per-

320 4843 530 4885 versam
562 4826 799 4879 mutant.
831 4849 899 4859 -—
943 4819 990 4871 A
1036 4831 1206 4871 mane
1236 4830 1425 4885 usque
1458 4814 1529 4867 ad
1564 4828 1862 4882 veSperam
1900 4827 2033 4882 pec-

322 4923 483 4975 cator
522 4910 861 4977 succiditur,
915 4908 1055 4962 dum
1086 4922 1118 4960 a
1166 4902 1292 4958 vitae
1327 4920 1441 4957 sua:
1478 4902 1712 4957 exordio
1751 4918 1931 4971 usque
1962 4900 2033 4955 ad

320 5007 656 5071 terminum,
686 4997 1010 5071 iniquitatis
1034 4991 1460 5067 perpetratione
1481 4990 1841 5045 vulneratur.
1863 4988 2031 5045 Omni

323 5111 580 5167 namque
614 5097 877 5163 tempore
924 5084 1154 5158 reprobi
1204 5098 1306 5156 per
1377 5083 1752 5152 augmentum
1798 5077 2035 5133 malitize

326 5190 525 5241 contra
547 5202 609 5239 se
648 5182 799 5237 ictus
824 5176 1202 5252 ingeminant,
1233 5172 1448 5244 quibus
1472 5171 1683 5227 succisi
1722 5170 1780 5224 in
1804 5168 2038 5239 profun-

324 5275 464 5329 dum
498 5274 694 5325 ruant.
730 5272 803 5324 De
833 5268 1047 5339 quibus
1072 5266 1217 5320 bene
1249 5278 1350 5334 per
1380 5260 1751 5317 Psalmistam
1784 5257 2032 5312 dicitur:

398 5379 480 5450 (a)
510 5377 572 5430 In
602 5374 854 5446 vulgatis
889 5378 1215 5450 coqitantes,
1258 5385 1361 5444 pro
1393 5370 1733 5435 nuntiantes,
1769 5364 1921 5436 quod
1953 5371 2039 5419 est

326 5446 589 5506 omnium
624 5452 955 5501 nostrorum
990 5446 1125 5501 Mss.

401 5520 478 5563 th)
501 5518 560 5563 in
599 5518 620 5563 1
659 5516 1002 5563 Ποῐηηρηᾶ-.
1036 5516 1264 5563 Lvran--
1300 5515 1506 5563 Bigotn
1539 5510 1791 5563 Ebroic..
1818 5509 2009 5563 Germ.

401 5520 478 5646 Sb)
501 5518 563 5572 In
599 5518 621 5569 1
659 5516 1002 5597 Compend,
1036 5516 1265 5586 Lyram,
1300 5515 1506 5587 Bigot.,
1539 5512 1791 5576 Ebroic.,
1818 5512 2034 5574 Germ.,

328 5594 405 5649 Co
436 5593 514 5656 b.,
541 5590 677 5661 Reg.
722 5589 772 5653 1,
819 5603 913 5655 qui
940 5593 1181 5652 praeuut.
1215 5591 1271 5641 et
1304 5587 1475 5657 paulo
1510 5587 1659 5655 post,
1692 5598 1866 5636 mores
1890 5595 2037 5651 prte-

330 5672 663 5804 magis).
707 5730 942 5804 Germ,
981 5742 1081 5795 pro
1102 5727 1313 5804 stultis,
1349 5727 1576 5795 praefert
1614 5723 1886 5804 malisz‘l‘n
1910 5738 2037 5804 lino

332 5792 527 5871 uitem
562 5803 696 5873 Reg.
726 5803 783 5855 et
805 5798 862 5854 in
893 5792 1071 5853 altero
1102 5792 1369 5864 Vindocf,
1401 5810 1505 5850 nec
1536 5810 1651 5851 non
1682 5795 1740 5849 in
1773 5794 1874 5849 Ed.
1908 5792 2039 5849 Bar-

2146 4634 2363 4688 asterna
2404 4647 2533 4687 esse
2582 4633 2945 4703 potuissent;
2987 4638 3043 4689 et
3068 4650 3101 4689 a
3141 4634 3384 4706 pulchre
3418 4636 3661 4693 conditis
3689 4648 3830 4689 amo-

2146 4737 2268 4777 rem
2317 4722 2692 4789 subtrahunt,
2724 4722 2861 4795 quia
2891 4723 2949 4778 in
2982 4724 3174 4795 ipsum
3204 4730 3503 4782 auctorem
3530 4724 3829 4797 pulchritu-

2149 4810 2305 4866 dinis
2336 4811 2526 4867 cordis
2561 4812 2831 4880 passibus
2882 4815 3144 4870 tendunt.
3194 4815 3264 4870 Et
3293 4823 3431 4871 sunt
3464 4813 3716 4871 nonnulli
3743 4808 3831 4882 qui

2146 4900 2302 4957 bona
2332 4900 2459 4955 vita
2496 4902 2794 4970 prasentis
2839 4902 3111 4974 diligunt,
3146 4906 3243 4960 sed
3278 4909 3472 4962 tamen
3514 4905 3633 4960 haec
3661 4901 3829 4958 nulla-

2146 4993 2319 5045 tenus
2340 4994 2767 5061 assequuntur:
2804 4991 2903 5062 qui
2946 4992 3117 5048 rebus
3150 4994 3565 5066 temporalibus
3595 4991 3724 5048 totis
3750 4988 3829 5041 de-

2147 5077 2373 5135 sideriis
2397 5079 2645 5149 inhiant,
2673 5082 2872 5137 mundi
2895 5081 3139 5154 gloriam
3165 5088 3455 5155 quaerunt,
3486 5083 3588 5140 sed
3612 5074 3831 5150 adipisci

2147 5183 2514 5240 nequaquam
2567 5174 2833 5239 possunt.
2884 5174 3022 5241 Hos,
3074 5181 3136 5227 ut
3180 5174 3260 5229 ita
3309 5174 3574 5241 dixerim,
3634 5184 3724 5225 cor
3770 5163 3828 5219 ad

2149 5260 2436 5314 mundum
2470 5260 2622 5314 I78
2658 5260 2956 5332 pertrahit,
2995 5262 3253 5318 mundus
3284 5263 3354 5333 (c)
3386 5262 3458 5317 ad
3492 5276 3589 5317 cor
3609 5254 3829 5330 repellit.

2149 5365 2292 5440 thro].
2326 5371 2380 5421 et
2412 5366 2483 5422 al.
2518 5371 2630 5423 vet.
2659 5383 2671 5421 :
2706 5369 2891 5425 Multis
2935 5372 3077 5424 enim.
3126 5370 3285 5427 malis
3329 5366 3721 5440 voluptatibus.
3752 5359 3828 5418 Al.

2148 5439 2493 5513 Ed.,_7riulti's
2540 5442 2681 5495 enim
2733 5443 2867 5513 mali
2896 5443 3294 5513 voluptatibus.

2221 5511 2295 5576 (ἀ)
2322 5510 2472 5583 fere
2503 5527 2704 5567 omnes
2744 5512 2979 5583 habent,
3015 5510 3391 5583 uegetatiores.

2221 5555 2294 5656 ξεί
2322 5580 2484 5656 Ugus
2513 5583 2835 5656 Compend.
2863 5555 2925 5640 st
2956 5555 3491 5656 Longip.,“mundus
3519 5599 3551 5637 a
3578 5578 3732 5656 corde
3758 5589 3825 5656 re:

2142 5651 2323 5727 pellit.
2378 5646 2739 5710 Praeferenda
2786 5660 2873 5711 est
2931 5646 3112 5712 lectio
3147 5646 3330 5727 quam
3388 5646 3828 5727 relinuimus._et

2150 5724 2540 5800 confirmatur
2562 5742 2629 5781 ex
2679 5744 2811 5781 mox
2839 5724 3255 5800 sequentibus:
3302 5735 3473 5783 ut.....
3521 5724 3826 5800 αᾴηιϐηεεπδ

2148 5796 2398 5863 redeant,
2440 5804 2491 5854 et
2525 5799 2579 5854 in
2610 5801 2908 5871 semetipsis
2924 5796 3135 5858 reversi
3163 5800 3520 5865 considerent,
3551 5797 3658 5853 etc.
