4134 6174
311 252 424 313 721

1244 258 1657 321 MORALIUM
1706 260 1857 321 LIB.
1906 258 1979 321 V.
2024 290 2101 301 —
2146 257 2224 317 IN
2269 258 2442 318 CAP.
2492 253 2570 317 IV
2614 257 2686 315 B.
2732 252 2894 314 ΙΙΟΒ.

3711 252 3831 311 722

313 385 456 442 Nam
488 400 639 457 sape
672 384 961 459 contingit
982 390 1047 443 ut
1073 387 1213 459 ipsis
1236 389 1360 447 suis
1380 391 1828 450 adversitatibus
1852 392 2020 450 fracti
2049 393 2101 460 Α
2132 390 2388 457 ferentur
2411 408 2480 446 ea:
2509 392 2620 456 eis;
2650 391 2707 444 et
2738 386 2847 443 hoc
2878 384 3167 457 protinus,
3202 384 3359 455 quod
3391 383 3611 440 eisdem
3646 384 3846 441 electis

312 476 377 530 ad
413 479 665 532 mentem
700 477 959 545 redeant,
983 478 1124 533 etin
1158 480 1494 552 semetipsis
1525 484 1733 539 reversi
1756 483 2019 539 conside-

310 573 455 635 rent,
486 582 664 637 quam
707 568 820 621 sint
861 567 1058 623 inania
1089 585 1215 640 quae
1249 572 1607 641 quaerebant,
1641 589 1881 644 seseque
1912 590 2014 645 pro

308 661 427 713 tam
462 660 645 713 stulto
676 659 960 715 desiderio
1000 662 1265 731 protinus
1296 666 1365 717 ad
1396 662 1722 720 lamentum
1754 670 2013 731 vertant;

304 750 360 802 et
391 752 552 803 tanto
584 748 876 805 valentius
907 756 1121 806 aeterna
1151 752 1501 821 desiderent,
1534 760 1750 826 quanto
1782 771 1841 812 se
1871 755 2018 811 stul-

304 838 421 892 tius
466 837 765 894 laborasse
810 856 910 910 pro
956 841 1378 913 temporalibus
1410 844 1629 900 dolent.
1664 844 1825 901 Unde
1870 846 2018 901 bene

304 925 614 997 descriptis
645 928 906 998 reprobis
938 930 1203 986 subditur
1234 948 1249 985 :

729 1017 961 1074 CAPUT
1010 1018 1127 1074 XLI
1176 1020 1326 1092 (nec.
1367 1022 1586 1093 XXIX].

381 1107 532 1161 Vers.
566 1109 655 1162 21.
685 1136 756 1146 -
782 1108 886 1172 Qui
926 1115 1108 1163 autem
1156 1111 1357 1182 reliqui
1401 1113 1636 1180 fuerint,
1690 1117 2017 1183 auferantur

302 1210 371 1249 επ)
400 1211 491 1250 ιιε.

372 1285 462 1341 73.
514 1285 656 1348 Quos
707 1273 962 1342 mundus.
999 1288 1259 1359 despicit,
1318 1293 1460 1346 Deus
1511 1293 1687 1362 eligit.
1742 1323 1811 1333 —-
1862 1296 2017 1357 Quos

301 1372 449 1429 alios
470 1373 746 1445 reliquos,
763 1376 877 1431 nisi
903 1376 1075 1447 hujus
1111 1378 1310 1433 mundi
1335 1380 1638 1451 despectos
1660 1381 2019 1452 accipimus?

302 1465 461 1529 Quos
487 1465 625 1520 dum
658 1481 913 1536 presens
943 1467 1223 1523 saculum
1250 1470 1324 1525 ad
1357 1470 1576 1526 nullius
1609 1469 1807 1542 gloriae
1838 1487 2015 1527 usum

302 1554 485 1625 eligit,
518 1554 689 1625 quasi
739 1555 1013 1612 minimos
1057 1556 1447 1630 indignosque
1489 1559 1860 1630 derelinquit.
1904 1559 2017 1616 Sed

303 1642 509 1700 mundi
541 1643 800 1715 reliquos
831 1646 1058 1702 auferre
1092 1647 1366 1702 Dominus
1397 1647 1631 1715 dicitur,
1655 1649 1793 1720 quia
1822 1650 2019 1719 despe-

305 1739 426 1786 ctos
472 1731 648 1802 hujus
690 1732 883 1788 saeculi
929 1734 1138 1806 eligere
1171 1736 1465 1806 dignatur,
1499 1737 1677 1791 Paulo
1711 1740 2015 1793 attestante

301 1820 405 1891 qui
448 1821 532 1876 ait
563 1836 577 1875 :
608 1822 729 1877 Non
772 1822 933 1877 multi
972 1826 1244 1894 sapientes
1284 1826 1580 1880 secundum
1623 1842 1863 1891 carnem,
1898 1842 2011 1881 non

297 1910 467 1964 multi
489 1916 761 1981 potentes,
794 1929 904 1966 non
942 1913 1104 1967 multi
1130 1914 1370 1978 nobiles;
1407 1915 1501 1970 sed
1525 1931 1646 1986 quae
1682 1915 1858 1971 stulta
1883 1922 2014 1971 sunt

297 1999 498 2054 mundi
525 1999 690 2069 elegit
723 2003 881 2068 Deus,
915 2008 976 2055 ut
1013 2003 1323 2070 confundat
1358 2005 1666 2074 sapientes;
1705 2010 1757 2059 et
1796 2006 2016 2074 inﬁrma

296 2088 497 2142 mundi
544 2090 711 2158 elegit
760 2092 919 2159 Deus,
954 2098 1014 2145 ut
1056 2093 1368 2160 confundat
1405 2096 1583 2161 fortia
1610 2094 1663 2164 (Ι
1693 2093 1823 2149 Cor.
1858 2110 1894 2160 ι,
1924 2094 2015 2163 26,

294 2178 413 2249 27).
448 2180 613 2244 Quod
666 2179 810 2236 bene
859 2182 917 2237 in
964 2181 1133 2238 libris
1183 2183 1402 2253 Regum
1434 2184 1700 2256 [Egyptio
1744 2200 1919 2254 puero
1958 2184 2020 2240 in

296 2268 385 2324 via
432 2267 790 2326 lassescente
840 2270 1129 2343 signatur,
1163 2288 1339 2343 quem
1380 2274 1698 2329 Amalecita
1737 2280 2019 2345 aegrotum

292 2355 354 2412 in
404 2357 615 2414 itinere
661 2359 893 2426 deserit,
946 2361 1122 2416 David
1171 2378 1305 2418 vero
1348 2362 1591 2429 invenit,
1637 2362 1764 2417 cibo
1811 2363 2018 2428 reﬁcit,

295 2446 508 2503 ducem
559 2449 650 2503 sui
700 2448 921 2506 itineris
972 2450 1143 2517 facit;
1197 2450 1576 2507 Amalecitam
1627 2452 2019 2523 persequitur,

295 2536 639 2606 epulantem
671 2538 907 2609 reperit,
935 2544 992 2594 et
1024 2540 1284 2596 funditus
1315 2542 1627 2611 exstinguit
1646 2542 1697 2611 (1
1724 2544 1855 2610 Reg.
1888 2557 2018 2607 xxx,

300 2624 420 2695 13).
443 2626 592 2689 Quid
622 2633 709 2681 est
739 2627 896 2683 enim
928 2629 1079 2698 quod
1107 2628 1411 2701 Egyptius
1432 2629 1758 2686 Amalecitaa
1791 2645 1932 2702 puer
1962 2630 2021 2684 in

301 2713 518 2771 itinere
563 2716 840 2784 lassatur,
895 2716 1011 2772 nisi
1044 2719 1199 2789 quod
1239 2723 1459 2775 amator
1498 2719 1798 2791 praesentis
1829 2718 2024 2775 saeculi

304 2804 533 2875 peccati
563 2805 651 2859 sui
684 2806 990 2877 nigredine
1013 2816 1269 2879 opertus,
1293 2824 1443 2881 saepe
1474 2810 1544 2864 ab
1577 2810 1779 2865 eodem
1814 2808 2025 2865 saeculo

300 2894 584 2950 inﬁrmus
608 2895 1037 2967 despectusque
1066 2897 1441 2969 relinquitur,
1469 2904 1531 2953 ut
1553 2915 1683 2955 cum
1705 2916 1769 2957 eo
1792 2914 2027 2955 currere

296 2999 680 3055 nequaquam
708 2984 909 3054 valeat,
934 2987 1035 3043 sed
1065 2987 1283 3043 fractus
1316 2987 1666 3045 adversitate
1696 2990 2027 3061 torpescat?

296 3073 411 3130 Sed
451 3076 606 3130 hunc
637 3073 818 3130 David
854 3076 1093 3145 invenit,
1124 3078 1263 3149 quia
1309 3078 1661 3149 Redemptor
1706 3084 1902 3136 noster
1933 3095 2023 3136 ve-
2052 3064 2094 3131 C

293 3164 519 3221 raciter
565 3180 745 3219 manu
798 3165 961 3220 fortis
1012 3183 1439 3238 nonnunquam
1472 3185 1619 3240 quos
1653 3170 1961 3241 despectos
1990 3188 2021 3224 a

294 3254 516 3311 mundi
547 3253 733 3325 gloria
764 3256 992 3327 reperit,
1021 3255 1099 3327 (a)
1130 3257 1187 3312 in
1220 3273 1392 3313 suum
1426 3274 1683 3313 amorem
1717 3260 2019 3314 convertit.

292 3344 446 3400 Cibo
480 3343 683 3414 pascit,
717 3344 854 3417 quia
883 3345 1041 3400 verbi
1084 3346 1329 3402 scientia
1369 3347 1572 3402 reﬁcit.
1608 3349 1819 3404 Ducem
1852 3348 2021 3404 itine-

291 3434 373 3490 ris
427 3433 612 3503 eligit,
645 3435 783 3505 quia
832 3451 1004 3490 suum
1048 3437 1225 3490 etiam
1273 3436 1713 3507 praedicatorem
1765 3438 1919 3493 facit.
1952 3438 2024 3493 Et

294 3526 399 3596 qui
427 3522 813 3580 Amalecitam
844 3526 1011 3595 sequi
1035 3542 1148 3581 non
1178 3525 1374 3593 valuit,
1399 3527 1512 3581 dux
1543 3526 1723 3582 David
1746 3527 2023 3596 efﬁcitur,

290 3615 443 3684 quia
466 3614 537 3680 is,
558 3628 732 3683 quem
756 3614 1062 3685 indignum
1088 3614 1349 3671 mundus
1376 3615 1657 3683 deseruit,
1684 3632 1797 3671 non
1826 3617 2018 3671 solum

292 3716 623 3759 conversus
643 3703 701 3757 in
725 3720 865 3758 suas
896 3712 1118 3759 mentes
1150 3704 1462 3760 Dominum
1501 3705 1722 3777 recipit,
1747 3707 1847 3760 sed
1883 3722 2023 3777 pra:-

290 3792 554 3848 dicando
598 3793 749 3848 hunc
781 3794 959 3849 etiam
994 3810 1174 3866 usque
1205 3798 1276 3850 ad
1309 3796 1495 3849 aliena
1526 3802 1701 3851 corda
1734 3796 2016 3866 perducit.

289 3884 423 3949 Quo
469 3882 737 3939 videlicet
777 3883 925 3939 duce
969 3882 1145 3939 David
1187 3884 1571 3941 Amalecitam
1620 3885 2019 3941 convivantem

287 3972 530 4029 invenit
561 3979 615 4028 et
644 3973 987 4046 exstinguit,
1020 3973 1159 4044 quia
1192 3974 1331 4044 ipsis
1363 3974 1629 4030 Christus
1663 3974 2022 4044 praedicanti-

288 4062 408 4118 bus
462 4062 663 4117 mundi
707 4061 969 4119 laetitiam
1003 4064 1274 4129 destruit,
1306 4080 1455 4135 quos
1488 4064 1745 4120 mundus
1778 4064 2022 4121 comites

287 4149 524 4207 habere
545 4150 826 4221 despexit.
852 4150 995 4217 Quia
1018 4152 1193 4223 igitur
1224 4152 1568 4225 plerumque
1591 4170 1739 4224 quos
1764 4154 2023 4209 mundus

288 4241 605 4311 relinquit,
658 4242 937 4298 Dominus
978 4241 1159 4314 eligit,
1213 4248 1367 4300 recte
1416 4260 1573 4300 nunc
1622 4245 1837 4301 dicitur
1873 4261 1885 4299 :
1921 4246 2025 4307 Qui

289 4334 512 4404 reliqui
535 4333 770 4401 fuerint,
802 4335 1131 4401 auferentur
1158 4350 1228 4388 ea:
1256 4335 1350 4389 eis.
1385 4333 1662 4404 Sequitur
1695 4352 1707 4389 :

945 4422 1172 4479 CAPUT
1217 4422 1386 4478 XLII.

366 4516 523 4569 Iam.
556 4541 625 4554 -
652 4514 984 4581 Moriemur,
1012 4520 1065 4567 et
1095 4529 1207 4568 non
1236 4515 1295 4566 in
1319 4514 1615 4583 sapientia.

360 4605 466 4660 74.
498 4603 797 4674 Scriptura:
835 4620 966 4671 mos,
999 4609 1059 4657 ut
1109 4602 1205 4657 ubi
1245 4602 1381 4672 quid
1421 4604 1731 4671 interponit
1766 4604 2022 4673 peregri-

285 4711 457 4761 num,
490 4709 620 4748 mos:
658 4693 732 4748 ad
770 4700 1074 4749 tractatum
1114 4698 1502 4762 argumentum
1539 4693 1746 4748 redeat.
1778 4724 1845 4732 —-
1874 4692 2021 4755 Quid

285 4791 379 4842 est
413 4785 570 4855 quod
604 4784 877 4856 superius
908 4785 1291 4857 reproborum
1326 4783 1621 4839 interitum
1661 4782 1916 4855 protulit,
1939 4782 1999 4839 di

286 4888 445 4930 cens
477 4888 491 4929 :
528 4873 668 4935 Quia
696 4873 883 4929 nullus
913 4874 1204 4942 intelligit,
1235 4875 1294 4927 in
1333 4878 1594 4929 aeternum
1635 4873 1936 4943 peribunt;
1968 4876 2022 4928 et

285 4964 361 5019 de
395 4963 605 5021 electis
635 4961 735 5019 Dei
770 4963 924 5018 illico
957 4962 1226 5033 adjunxit
1257 4978 1270 5017 :
1307 4963 1412 5026 Qui
1437 4963 1639 5034 reliqui
1666 4963 1903 5028 fuerint,
1927 4977 2024 5016 au-

367 5162 460 5232 (a)
501 5160 625 5217 Duo
682 5160 1025 5231 Compend,
1085 5161 1277 5227 Corh.,
1335 5159 1519 5225 Colb.,
1582 5159 1800 5228 Germ.,
1860 5159 2020 5231 Reg,

286 5232 532 5300 Remig.
566 5238 623 5288 et
653 5233 947 5300 nonnulli,
976 5235 1036 5286 in
1070 5248 1168 5288 suo
1196 5248 1380 5287 amore
1408 5235 1699 5286 convertit.

368 5248 532 5358 amig.
566 5248 623 5288 et
653 5248 947 5300 nonnutn,
976 5249 1036 5286 in
1070 5248 1168 5288 suo
1196 5248 1380 5287 amore
1408 5248 1699 5286 convertit.

368 5306 458 5374 (b)
514 5321 545 5383 n
572 5304 876 5383 Vindocin.
897 5303 1303 5383 _et__plerisque,
1328 5305 1589 5383 quosdam
1613 5309 1791 5383 autem
1822 5304 2023 5383 et_5u_b-

284 5382 654 5447 sequuntur;
687 5378 842 5447 quod
896 5377 1045 5430 intra
1092 5375 1282 5430 adhuc
1318 5378 1628 5447 repetitur.
1662 5377 1734 5429 At
1762 5376 1819 5429 in
1853 5375 2018 5430 Corb.

284 5445 527 5512 Germ.,
562 5445 745 5515 ColbI,
790 5448 812 5503 Ι
865 5452 1026 5513 Reg.,
1060 5445 1442 5517 quorumdam,
1491 5445 1623 5501 licet
1670 5447 1914 5502 inferius
1963 5447 2021 5500 in

285 5520 570 5590 Corbqet
601 5520 761 5587 Reg.,
795 5518 1079 5590 quosdam.

366 5591 451 5661 (ε)
486 5589 628 5646 Mira
656 5590 750 5646 hic
782 5589 923 5647 Mss.
957 5601 1010 5644 et
1043 5590 1191 5644 Edit.
1223 5589 1547 5645 diversitas.
1592 5590 1655 5645 In
1705 5589 1842 5645 Mss.
1878 5589 2014 5660 Reg.

285 5663 532 5726 Germ.,
570 5662 765 5719 Norm.
800 5668 857 5718 et
897 5661 1073 5732 plur.,
1118 5662 1348 5732 legitur,
1388 5663 1721 5731 interposita
1758 5664 2024 5716 continua

284 5736 651 5807 inﬁrmitatis
679 5736 950 5791 molestia.
984 5733 1143 5789 Unus

2124 498 2241 536 non
2291 480 2618 549 conveniat,
2655 476 2854 533 subdit
2884 475 3084 530 dicens
3120 490 3132 529 :
3167 475 3493 540 Morientur,
3527 481 3579 529 et
3627 490 3737 530 non
3780 478 3841 529 in

2124 575 2447 643 sapientia?
2493 570 2552 625 Si
2602 569 2753 624 enim
2787 584 2821 623 a
2852 564 3111 637 reprobis
3141 564 3423 620 divinitus
3468 565 3841 651 auferuntur,

2125 679 2237 734 quo
2269 666 2435 733 pacto
2468 659 2614 715 mori
2641 675 2751 714 non
2780 658 2836 711 in
2864 656 3155 727 sapientia
3175 653 3491 709 dicuntur?
3522 654 3630 711 Sed
3664 655 3840 710 nimi-

2126 768 2258 807 rum
2290 767 2465 806 sacrae
2497 749 2807 820 Scriptura
2840 746 3195 803 consuetudo
3221 749 3334 815 est,
3358 748 3422 800 ut
3452 760 3583 800 cum
3617 742 3840 815 aliquid

2127 844 2345 909 narrat,
2368 837 2713 909 interposita
2747 835 2983 892 alterius
3015 850 3203 891 causae
3235 834 3547 900 sententia,
3575 834 3644 889 ad
3672 849 3845 905 supe-

2128 932 2280 987 riora
2311 930 2581 1003 protinus
2614 929 2825 984 redeat.
2860 927 3003 982 Nam
3036 931 3346 997 postquam
3379 924 3525 980 dixit
3558 942 3571 981 :
3604 926 3673 979 Et
3708 927 3843 995 quia

2125 1021 2311 1075 nullus
2340 1027 2418 1074 est
2448 1019 2549 1089 qui
2578 1016 2879 1087 intelligat,
2912 1019 2969 1069 in
3000 1022 3264 1071 aeternum
3299 1013 3590 1084 peribunt,
3621 1014 3839 1070 electo-

2125 1126 2258 1164 rum
2287 1125 2419 1165 mox
2449 1113 2661 1164 sortem
2692 1105 3022 1170 subintulit,
3047 1106 3283 1161 dicens:
3311 1105 3415 1169 Qui
3434 1111 3617 1160 autem
3638 1104 3844 1174 reliqui

2124 1202 2357 1267 fuerint,
2393 1201 2715 1267 auferantur
2744 1213 2812 1251 ea:
2841 1199 2934 1251 eis.
2982 1199 3049 1250 Et
3093 1211 3331 1251 rursum
3378 1193 3676 1250 sententiae
3718 1209 3841 1249 suae

2127 1288 2359 1344 oculum
2390 1288 2447 1343 in
2480 1304 2635 1357 eum,
2669 1302 2843 1358 quem
2894 1284 3251 1355 praedixerat,
3283 1284 3582 1339 interitum
3633 1298 3841 1353 repro-

2125 1378 2334 1434 borum
2396 1379 2654 1445 mittens,
2714 1375 2908 1432 subito
2963 1374 3231 1445 adjunxit
3262 1389 3274 1428 :
3308 1375 3636 1443 Moriemur,
3685 1373 3843 1428 174

2126 1476 2178 1524 et
2208 1487 2321 1525 non
2352 1472 2411 1524 in
2439 1471 2736 1540 sapientia.
2769 1469 2847 1522 Ac
2892 1468 2940 1522 si
2982 1466 3195 1522 diceret
3228 1481 3241 1519 :
3276 1465 3345 1520 Hi
3378 1480 3522 1537 quos
3553 1464 3668 1519 dixi
3702 1462 3844 1534 quia

2126 1576 2240 1615 non
2275 1560 2663 1630 intelligentes
2694 1558 2753 1613 in
2785 1561 3064 1613 mternum
3098 1555 3393 1626 peribunt,
3427 1551 3629 1626 procul
3662 1549 3841 1607 dubio

2126 1663 2238 1702 non
2273 1648 2331 1702 in
2364 1647 2651 1716 sapientia
2695 1644 3036 1701 morientur.
3071 1643 3179 1697 Sed
3227 1642 3384 1697 hunc
3413 1657 3542 1697 esse
3574 1654 3843 1695 nonnun-

2121 1754 2296 1808 quam
2331 1752 2553 1792 morem
2588 1736 2738 1792 sacri
2771 1734 2987 1806 eloquii
3020 1732 3232 1787 melius
3264 1733 3665 1799 ostendemus,
3692 1728 3740 1784 si
3773 1742 3843 1782 ex

2121 1844 2187 1884 eo
2220 1827 2473 1898 aliquam
2498 1826 2673 1895 hujus
2699 1826 2779 1881 rei
2801 1822 3243 1879 similitudinem
3278 1821 3663 1892 proferamus.
3690 1818 3839 1873 Pau-

2122 1908 2217 1973 lus
2269 1932 2517 1987 namque
2564 1912 2865 1987 apostolus
2896 1928 3030 1969 cum
3060 1911 3342 1968 dilectum
3376 1908 3732 1981 discipulum
3766 1908 3838 1963 de

2127 2004 2509 2061 instituendis
2564 2003 2830 2060 Ecclesia
2888 2000 3096 2058 officiis
3148 2001 3510 2065 admoneret,
3562 2014 3633 2054 ne
3689 2012 3839 2069 quos

2127 2094 2269 2150 forte
2300 2095 2371 2149 ad
2404 2110 2599 2149 sacros
2628 2093 2862 2148 ordines
2891 2090 3218 2146 inordinate
3251 2087 3612 2161 proveheret,
3643 2086 3790 2142 dixit
3823 2101 3837 2140 :

2124 2186 2319 2239 Manus
2362 2187 2472 2239 cito
2520 2185 2727 2239 nemini
2774 2178 3117 2251 imposueris,
3151 2194 3326 2249 neque
3356 2176 3840 2231 communicaveris

2120 2276 2365 2344 peccatis
2415 2274 2630 2339 alienis,
2683 2277 2733 2326 te
2781 2274 2958 2342 ipsum
3006 2276 3215 2324 castum
3258 2266 3473 2321 custodi
3508 2266 3734 2337 (I-Tim.
3784 2279 3838 2333 v,

2124 2364 2240 2432 22).
2264 2361 2368 2426 Qui
2399 2363 2470 2417 ad
2505 2359 2893 2417 inﬁrmitatem
2925 2359 3051 2429 ejus
3082 2357 3338 2429 corporis
3369 2355 3635 2426 protinus
3665 2353 3843 2408 verba

2130 2456 2473 2509 convertens
2504 2452 2581 2506 ait
2606 2468 2618 2507 :
2646 2452 2772 2507 Noli
2800 2450 2977 2505 adhuc
3007 2464 3209 2519 aquam
3258 2447 3460 2514 bibere,
3490 2444 3585 2500 sed
3628 2442 3841 2499 modico

2128 2545 2256 2597 vino
2286 2549 2439 2597 utere
2460 2548 2700 2613 propter
2728 2541 3063 2597 stomachum
3095 2545 3267 2605 tuum,
3301 2543 3355 2591 et
3383 2538 3691 2608 frequentes
3722 2538 3844 2587 tuas

2128 2635 2475 2702 inﬁrmitates
2507 2632 2693 2703 (Ibid,
2726 2631 2838 2693 23).
2872 2630 3201 2699 Statimque
3230 2624 3557 2698 subjungit,
3592 2624 3791 2679 dicens
3826 2635 3839 2677 :

2132 2722 2503 2786 Quorumdam
2536 2721 2817 2776 hominum
2854 2726 3087 2790 peccata
3124 2718 3423 2785 manifesta
3462 2720 3591 2770 sunt
3629 2728 3843 2782 praece-

2130 2813 2320 2867 dentia
2367 2812 2439 2866 ad
2475 2811 2772 2882 judicium,
2806 2810 2881 2881 (b)
2913 2807 3279 2880 quorumdam
3327 2809 3614 2861 autemet
3659 2801 3845 2857 subse-

2134 2907 2383 2973 quuntur
2430 2902 2618 2971 (Ibid,
2671 2899 2784 2971 24).
2836 2897 2983 2965 Quid
3039 2912 3175 2968 ergo
3234 2895 3305 2950 ad
3367 2893 3511 2949 illud
3572 2891 3841 2964 pertinet,

2132 2991 2288 3061 quod
2316 2992 2388 3047 ah
2420 2991 2645 3045 infirmo
2676 2989 2794 3044 bibi
2842 3002 3051 3059 aquam
3100 2984 3418 3057 prohibuit,
3452 2983 3556 3038 hoc
3587 2981 3742 3053 quod
3774 2981 3845 3035 de

2133 3083 2383 3152 peccatis
2415 3079 2773 3136 absconditis
2806 3076 3199 3148 quorumdam
3232 3074 3540 3131 hominum
3575 3070 3845 3127 manifes-

2131 3171 2326 3242 tisque
2357 3170 2682 3241 subjunxit,
2716 3166 2832 3224 nisi
2862 3166 3014 3238 quod
3048 3164 3393 3236 interposita
3423 3163 3495 3219 de
3524 3162 3652 3233 ejus
3676 3160 3847 3216 inﬁr-

2132 3263 2335 3317 mitate
2365 3261 2673 3327 sententia,
2708 3260 2778 3314 ad
2810 3258 2921 3313 hoc
2952 3258 3010 3312 in
3043 3260 3299 3312 extremo
3331 3255 3522 3321 rediit,
3556 3252 3712 3324 quod
3746 3268 3845 3307 su-

2131 3354 2331 3423 perius
2379 3352 2524 3408 dixit
2565 3368 2578 3407 :
2627 3353 2825 3407 Manus
2874 3351 2981 3404 cito
3028 3349 3238 3403 nemini
3282 3345 3622 3417 imposueris,
3674 3356 3847 3413 neque

2130 3442 2613 3497 communicareris
2650 3441 2884 3511 peccatis
2914 3439 3109 3493 alienis
3130 3444 3157 3490 ἒ
3195 3436 3267 3492 Ut
3296 3435 3450 3492 enim
3494 3432 3615 3489 haec
3646 3433 3847 3489 eadem

2131 3538 2361 3601 peccata
2392 3535 2606 3601 quanta
2639 3528 3029 3584 sollicitudine
3079 3523 3465 3601 perquirenda
3506 3526 3704 3578 essent
3745 3538 3844 3576 os-

2130 3600 2495 3691 tenderet,(c)
2514 3617 2861 3691 interposita
2887 3620 3086 3671 contra
3116 3600 3480 3669 infirmitatis
3513 3610 3842 3667 molestiam

2132 3710 2501 3765 discretionis
2550 3707 2966 3773 admonitione,
3015 3705 3280 3776 protinus
3330 3702 3532 3758 intulit
3581 3700 3735 3771 quod
3784 3700 3845 3755 in

2130 3799 2260 3854 aliis
2306 3802 2690 3869 patescerent,
2718 3798 2776 3850 in
2810 3795 2942 3851 aliis
2990 3795 3253 3859 laterent,
3287 3793 3487 3848 dicens
3522 3808 3534 3846 :
3570 3792 3845 3855 Quorum-

2128 3889 2255 3943 dam
2282 3890 2560 3943 hominum
2598 3892 2827 3956 peccata
2854 3884 3167 3950 manifesta
3207 3888 3334 3936 sunt
3368 3880 3741 3951 praecedentia
3770 3879 3844 3933 ad

2122 3978 2426 4048 judicium,
2466 3976 2827 4048 quorumdam
2873 3979 3057 4027 autem
3106 3978 3158 4024 et
3206 3969 3631 4039 subsequuntur.
3683 3967 3843 4022 Sicut

2130 4084 2267 4140 ergo
2300 4084 2399 4139 per
2432 4068 2582 4122 hanc
2614 4063 2963 4122 sententiam
3011 4059 3222 4117 Paulus
3254 4077 3366 4115 non
3399 4058 3620 4114 eisdem
3650 4057 3842 4113 verbis

2132 4160 2419 4233 congruit,
2444 4158 2658 4231 quibus
2680 4172 2807 4213 eam
2832 4154 3077 4226 loquens
3101 4153 3172 4208 de
3192 4150 3478 4207 Timothei
3502 4148 3841 4204 inﬁrmitate

2133 4248 2475 4319 subjunxit;
2527 4247 2626 4303 sed
2673 4247 2744 4301 ad
2787 4244 2927 4299 illud
2959 4242 3150 4312 rediit,
3182 4241 3334 4312 quod
3365 4239 3629 4310 superius
3659 4237 3841 4293 inter-

2136 4339 2421 4394 mittendo
2448 4335 2739 4401 narravit;
2786 4334 2866 4389 ita
2900 4333 3004 4388 hoc
3034 4332 3157 4388 loco
3190 4329 3430 4401 Eliphaz
3459 4344 3591 4383 cum
3621 4327 3692 4383 de
3722 4324 3840 4382 ele-

2053 4439 2098 4504 ι)
2133 4429 2240 4485 ctis
2282 4428 2500 4484 diceret
2534 4443 2546 4481 :
2580 4428 2684 4491 Qui
2727 4425 2930 4494 reliqui
2971 4424 3202 4492 fuerint,
3250 4422 3583 4489 auferentur
3628 4433 3695 4472 ea:
3742 4418 3839 4485 eis,

2132 4518 2286 4574 illico
2320 4518 2647 4587 adjungens
2681 4532 2693 4569 :
2730 4516 3059 4580 Morientur,
3090 4518 3143 4567 et
3179 4527 3290 4567 non
3332 4513 3391 4564 in
3436 4510 3733 4581 sapientia,
3768 4507 3838 4562 ad

2132 4605 2276 4662 illud
2329 4606 2594 4677 protinus
2646 4604 2909 4667 recurrit,
2943 4604 3097 4675 quod
3149 4600 3419 4673 superius
3464 4598 3535 4654 de
3582 4596 3841 4669 reprobis

2130 4696 2369 4768 protulit
2398 4697 2597 4752 dicens
2631 4712 2643 4749 :
2676 4697 2745 4750 Et
2776 4696 2909 4764 quia
2939 4692 3125 4747 nullus
3153 4690 3439 4759 intelligit,
3474 4691 3531 4743 in
3573 4694 3839 4743 aeternum

2169 4784 2410 4841 eribunt.

2169 4803 2410 4841 enounr.

2120 4803 2164 4857 Ρ
2204 4875 2352 4946 [Vet.
2387 4875 2577 4947 XXX.]
2604 4876 2694 4929 75.
2727 4876 3045 4928 Moriuntur
3092 4868 3317 4941 reprobi
3367 4875 3419 4923 et
3466 4868 3642 4936 electi,
3676 4866 3733 4919 hi
3782 4868 3841 4919 in

2129 4968 2427 5035 sapientia,
2474 4967 2562 5021 illi
2608 4966 2952 5037 insipientia.
2983 4992 3052 5003 -—-
3096 4960 3316 5016 Idcirco
3365 4962 3557 5013 autem
3606 4954 3839 5026 reprobi

2129 5164 2320 5217 mitate
2382 5162 2640 5217 molestia
2696 5158 3043 5214 discretionis
3094 5154 3519 5210 admonitionem
3579 5153 3837 5222 protinus

2129 5236 2340 5289 intulit.
2372 5233 2554 5287 Vetus
2596 5232 2695 5285 Ed.
2746 5231 2927 5284 Paris.
2963 5228 3122 5294 1495,
3175 5228 3505 5295 interposita
3549 5226 3836 5291 continuo,

2129 5306 2386 5373 inﬁt-mit.
2446 5306 2711 5365 molestia,
2743 5302 3083 5356 discretionis
3114 5299 3544 5353 admonitionem
3585 5298 3839 5373 protinus

2130 5370 2340 5431 intulit.
2376 5377 2525 5430 Edit.
2562 5376 2732 5429 Basil.
2770 5373 2927 5437 15M,
2962 5373 3342 5437 interpositam
3373 5374 3570 5424 contra
3598 5370 3837 5435 inﬁrmi-

2133 5450 2263 5501 tatis
2308 5446 2631 5513 molestiam,
2662 5446 3008 5499 discretionis
3037 5442 3463 5497 admonitionem
3498 5446 3651 5511 prot.
3686 5442 3837 5513 intu-

2133 5518 2218 5571 lit.
2274 5519 2511 5572 Eeadem
2564 5510 2650 5571 est
2700 5516 2863 5570 lectio
2916 5516 3171 5569 Barthol.
3214 5524 3270 5569 et
3310 5513 3412 5567 Ed.
3457 5510 3634 5566 Paris.
3680 5510 3834 5564 1518.

2130 5590 2269 5717 Εέιῐὲι
2299 5589 2667 5717 1pbrsetulimus
2699 5603 2872 5659 quam
2906 5590 3218 5659 przeferunt
3261 5585 3403 5641 Mss.
3434 5584 3605 5640 Corh.
3638 5583 3837 5640 Germ.

2130 5677 2161 5717 e
2263 5678 2292 5716 ο
2366 5703 2377 5716 .

2130 5666 2188 5719 et
2218 5666 2377 5717 Colb.

1228 5734 1443 5800 indoc.,
1494 5735 1826 5805 interposita
1870 5735 2026 5803 inﬁr-
2106 5767 2121 5796 ι
