4134 6174
282 275 398 331 723

1533 254 1819 321 SANCTl
1869 251 2245 329 GREGOBII
2288 255 2546 316 MAGNI

3692 258 3806 319 724

272 406 487 460 electos
540 400 892 474 despiciunt,
938 399 1088 470 quod
1137 398 1208 453 ad
1252 396 1427 452 vitam
1481 391 1829 449 invisibilem
1882 405 1982 461 per
2011 390 2068 456 Α
2103 390 2247 460 [νει.
2279 391 2495 461 XXXI.)
2527 390 2749 454 Quanta
2777 406 2910 464 ergo
2943 392 3020 448 sit
3054 392 3368 450 iracundis:
3400 395 3575 466 culpa
3605 411 3819 467 pense-

264 494 556 552 visibilem
591 498 837 549 mortem
870 492 1139 548 tendunt.
1174 488 1253 543 De
1286 487 1500 557 quibus
1534 486 1678 540 bene
1710 497 1864 538 nunc
1896 482 1983 535 di-

270 586 424 643 citur
459 602 471 639 :
506 586 836 647 Marientur,
887 588 938 635 et
986 596 1097 634 non
1141 582 1199 632 in
1246 578 1545 647 sapientia.
1580 579 1661 629 Ac
1701 572 1751 628 si
1790 576 1987 643 aperte

272 676 563 730 diceretur
598 690 609 727 :
646 673 886 728 Mortem
919 670 1155 740 quidem
1188 672 1245 722 et
1276 664 1618 735 sapientiam
1654 663 1870 733 pariter
1902 662 1986 716 fu-

276 762 480 832 giunt;
529 762 623 816 sed
673 758 1013 831 sapientiam
1051 754 1285 827 penitus
1316 753 1615 819 deserunt,
1649 750 1851 805 mortis
1882 765 1988 803 au-

277 857 395 906 tem
431 850 671 920 laqueos
703 865 817 902 non
850 846 1121 901 evadunt.
1157 845 1225 898 Et
1253 842 1388 914 quia
1419 841 1767 913 quandoque
1807 840 1989 894 mori-

282 942 397 996 turi
431 941 617 996 vivere
666 936 969 993 moriendo
1018 938 1346 1005 potuerant,
1378 932 1521 988 dum
1571 936 1817 987 mortem
1860 945 1988 1001 quis

282 1029 485 1101 procul
516 1028 693 1083 dubio
722 1030 964 1082 ventura
993 1030 1082 1080 est
1116 1027 1403 1090 metuunt,
1431 1026 1488 1078 et
1519 1022 1694 1077 vitam
1726 1018 1903 1076 simul
1934 1022 1992 1073 et

282 1117 626 1187 sapientiam
661 1118 929 1189 perdunt.
960 1118 1033 1169 At
1062 1122 1259 1169 contra
1282 1112 1432 1184 justi
1461 1111 1519 1166 in
1552 1110 1841 1181 sapientia
1872 1124 1993 1164 mo-

284 1208 534 1275 riuntur,
568 1206 709 1278 quia
759 1211 1002 1260 mortem
1055 1220 1227 1275 quam
1276 1202 1529 1258 devitare
1581 1200 1842 1255 funditus
1891 1214 1995 1254 ne-

282 1305 520 1366 queunt,
554 1312 688 1351 cum
740 1311 840 1365 pro
867 1294 1106 1350 veritate
1155 1292 1443 1354 imminet,
1475 1291 1701 1346 differre
1732 1294 1996 1346 contem-

280 1390 457 1452 nunt;
484 1399 729 1456 eamque
761 1384 900 1439 dum
934 1383 1338 1453 aequanimiter
1370 1382 1580 1447 ferunt,
1608 1395 1835 1450 pmnam
1869 1394 1998 1449 pro-

279 1476 506 1549 paginis
557 1479 788 1531 vertunt
837 1475 895 1530 in
946 1475 1405 1529 instrumentum
1458 1471 1708 1538 virtutis,
1757 1478 1816 1525 ut
1860 1468 1996 1523 inde

282 1566 481 1621 debeat
513 1566 625 1621 vita
656 1564 854 1636 recipi,
889 1568 1041 1621 unde
1084 1581 1185 1634 per
1234 1564 1431 1634 prima;
1482 1561 1666 1633 culpae
1721 1562 1995 1615 meritum

282 1654 510 1725 cogitur
540 1655 717 1710 finiri.
752 1654 864 1710 Sed
898 1655 1037 1724 quia
1085 1653 1206 1707 hzec
1250 1652 1485 1722 Eliphaz
1518 1655 1721 1707 contra
1764 1650 1998 1720 iniquos

283 1744 563 1799 veraciter
593 1741 855 1814 protulit,
888 1743 1123 1798 beatum
1155 1741 1263 1797 Job
1298 1737 1809 1810 reprehensibilem
1842 1736 1995 1791 testi-

288 1846 480 1897 mans,
510 1831 580 1885 de
622 1830 771 1886 fastu
821 1846 884 1885 se
931 1829 1227 1900 sapientiai
1278 1827 1521 1882 inﬂavit.
1552 1825 1713 1881 Unde
1761 1829 1817 1880 et
1866 1829 1998 1895 post

289 1920 739 1990 praedicamenta
794 1923 968 1975 tanta:
1028 1916 1416 1983 rectitudinis,
1475 1916 1763 1971 irrisionis
1820 1915 1995 1970 verba

287 2010 617 2081 subjungit,
646 2010 847 2065 dicens
874 2025 888 2063 :

691 2097 927 2154 CAPUT
968 2097 1149 2154 XLIII
1191 2098 1336 2169 [Itec.
1380 2096 1573 2167 XXX].

342 2190 477 2244 CAP.
517 2207 571 2249 ν,
605 2189 779 2245 Vsus.
816 2190 865 2244 1.
901 2220 969 2229 —
1016 2193 1162 2244 Voca
1198 2205 1331 2258 ergo
1370 2192 1416 2243 si
1458 2194 1535 2243 est
1578 2185 1679 2257 qui
1723 2187 1823 2240 tibi
1866 2202 1989 2241 res-

259 2280 530 2348 pendeat.

339 2369 427 2424 76.
464 2369 671 2424 Vocare
701 2372 869 2423 Deum
900 2370 1036 2439 quid
1080 2371 1172 2433 sit,
1203 2369 1337 2439 quid
1384 2369 1483 2422 Dei
1530 2366 1883 2437 respondere.
1917 2398 1987 2408 —

264 2456 650 2528 Omnipotens
673 2458 831 2514 enim
856 2458 1006 2514 Deus
1027 2475 1180 2529 saepe
1198 2460 1325 2528 e‘jus
1347 2472 1577 2529 precem
1600 2458 1748 2513 I75
1777 2456 1834 2511 in
1861 2472 1988 2528 per-

264 2547 593 2603 turbatione
624 2547 865 2614 deserit,
897 2548 997 2618 qui
1032 2552 1316 2620 praecepta
1359 2547 1516 2603 illius
1549 2548 1605 2601 in
1640 2546 1980 2616 tranquilli-

262 2640 381 2691 tate
414 2637 758 2693 contemnit.
786 2636 947 2692 Unde
976 2638 1255 2709 scriptum
1279 2641 1368 2693 est
1391 2654 1401 2693 :
1428 2639 1533 2702 Qui
1561 2639 1761 2691 avertit
1789 2652 1978 2692 aurem

260 2743 414 2781 suam
438 2744 503 2782 ne
525 2728 721 2783 audiat
745 2728 937 2797 legem,
955 2731 1133 2783 oratio
1155 2728 1272 2797 ejus
1293 2730 1398 2783 erit
1419 2725 1773 2783 exsecrabilis
1788 2727 1979 2801 (Prov.

260 2831 460 2883 xvaII,
495 2817 571 2887 9).
606 2817 826 2873 Vocare
870 2822 1065 2872 autem
1112 2826 1394 2884 nostrum,
1427 2822 1515 2873 est
1556 2815 1763 2871 humili
1797 2821 1979 2871 Deum

264 2921 429 2976 prece
462 2908 806 2978 deposcere;
855 2909 1203 2979 respondere
1243 2924 1373 2963 vero
1417 2907 1541 2974 Dei,
1575 2912 1662 2962 est
1706 2906 1974 2961 effectum

265 2995 535 3063 precibus
576 2997 847 3066 praebere.
881 2996 972 3051 Ait
1017 3012 1153 3067 ergo
1189 3012 1202 3051 :
1243 2998 1412 3063 Voca,
1445 2999 1493 3051 si
1521 3004 1599 3052 est
1630 2998 1726 3065 qui
1756 2996 1854 3049 tibi
1885 3011 1975 3051 re-

262 3084 549 3150 spondeat.
590 3091 668 3140 Ac
700 3085 747 3140 si
780 3089 974 3153 aperte
1005 3086 1158 3140 dicat
1192 3102 1204 3139 :
1238 3084 1680 3147 Quantumlibet
1723 3084 1978 3141 afﬂictus

267 3171 505 3239 clames,
540 3173 719 3227 Deum
756 3174 1203 3241 respondentem
1237 3190 1351 3228 non
1386 3173 1588 3241 habes,
1612 3173 1753 3243 quia
1782 3190 1889 3229 vox
1919 3174 1978 3229 in

262 3260 642 3316 tribulatione
674 3277 788 3316 non
824 3262 1060 3325 invenit,
1086 3278 1260 3331 quem
1287 3277 1450 3317 mens
1473 3263 1530 3316 in
1558 3261 1981 3333 tranquillitate

266 3350 641 3421 contempsit.
677 3350 784 3405 Ubi
816 3350 1006 3405 adhuc
1038 3350 1352 3407 deridendo
1379 3352 1682 3422 subiungit
1714 3368 1727 3406 :

891 3438 1126 3495 CAPUT
1167 3439 1353 3496 XLIV.

340 3526 482 3581 Isin.
516 3556 583 3569 -—
613 3530 683 3583 Et
712 3528 787 3583 ad
814 3529 1053 3599 aliquem
1080 3535 1399 3585 sanctorum
1431 3538 1767 3587 convertere.

339 3615 429 3670 77.
456 3618 534 3670 Ac
556 3615 604 3672 si
630 3616 960 3687 despiciens
984 3618 1141 3673 dicat
1166 3635 1177 3672 :
1201 3622 1441 3675 Sanctos
1464 3635 1699 3692 quoque
1729 3620 1987 3677 invenire

272 3704 334 3759 in
366 3702 679 3761 afﬂictione
710 3705 1006 3775 adjutores
1038 3722 1151 3762 non
1176 3706 1352 3777 vales,
1376 3724 1526 3779 quos
1558 3708 1770 3766 habere
1800 3709 1989 3766 socios

272 3794 334 3849 in
381 3794 669 3853 hilaritate
717 3795 977 3853 noluisti.
1011 3799 1115 3861 Qui
1166 3803 1297 3869 post
1344 3800 1672 3857 irrisionem
1723 3801 1988 3871 protinus

274 3887 629 3942 sententiam
660 3886 881 3957 subdit,
915 3888 1112 3945 dicens
1142 3891 1217 3959 (a)
1250 3904 1265 3944 :

915 3973 1141 4032 CAPUT
1180 3976 1345 4032 XLV.

347 4064 528 4120 Vsns.
559 4064 613 4119 2.
647 4096 714 4106 -
759 4066 945 4122 Virum
986 4067 1213 4121 stultum
1264 4069 1527 4137 interﬁcit
1573 4069 1886 4136 iracundia,
1937 4075 1991 4124 et

272 4156 573 4226 parvulum
603 4156 798 4210 occidit
828 4157 1062 4211 invidia.

349 4247 438 4300 78.
482 4246 622 4301 Vera
664 4246 799 4300 dicit
844 4246 1103 4315 Eliphaz,
1148 4247 1243 4301 sed
1282 4264 1394 4302 non
1438 4265 1561 4303 vere
1606 4252 1663 4305 in
1710 4249 1835 4305 Job.
1884 4252 1991 4307 Irae

282 4341 496 4404 quanta
526 4336 709 4404 culpa,
741 4343 873 4405 quot
902 4338 1070 4392 mala.
1107 4368 1169 4377 —
1202 4337 1339 4401 Qum
1380 4339 1657 4394 nimirum
1700 4342 1993 4397 sententia

2095 495 2245 547 Inus,
2279 496 2378 550 per
2408 496 2583 552 quam
2614 482 2754 536 dum
2789 482 3177 539 mansuetudo
3206 483 3513 554 amittitur,
3540 502 3812 557 supernis

2094 570 2366 641 imaginis
2389 570 2711 626 similitudo
2733 572 2988 628 vitiatur.
3013 573 3121 629 Per
3142 573 3289 629 iram
3315 576 3606 645 sapientia
3628 578 3825 648 perdi-

2095 665 2213 726 tur,
2247 666 2311 716 ut
2340 662 2478 732 quid
2513 678 2695 733 quove
2727 663 2929 719 ordine
2963 664 3255 735 agendum
3289 666 3365 721 sit
3399 669 3643 723 omnino
3679 684 3820 724 nes-

2097 750 2309 817 ciatur,
2346 752 2495 808 sicut
2528 752 2810 825 scriptum
2844 762 2929 810 est
2964 770 2976 808 :
3009 756 3103 809 Ira
3136 758 3193 810 in
3224 756 3354 811 sinu
3384 756 3547 811 stulti
3574 760 3820 827 requies-

2099 842 2173 894 cit
2206 842 2373 910 (Eccl.
2406 857 2508 909 vn,
2540 842 2664 913 10);
2697 842 2837 913 quia
2867 842 3145 899 nimirum
3189 844 3580 915 intelligentia:
3620 845 3817 902 lucem

2100 929 2418 998 subtrahit,
2446 946 2580 985 cum
2631 937 2885 989 mentem
2939 934 3327 1004 permovendo
3353 934 3681 990 confundit.
3714 939 3825 990 Per

2101 1017 2244 1072 iram
2278 1018 2393 1073 vita
2423 1019 2730 1087 amittitur,
2757 1022 2860 1077 etsi
2893 1022 3181 1093 sapientia
3210 1023 3393 1079 teneri
3424 1022 3706 1090 videatur,
3742 1024 3822 1079 si-

2103 1110 2203 1162 cut
2231 1106 2512 1177 scriptum
2551 1112 2637 1163 est
2669 1127 2681 1163 :
2716 1110 2810 1164 Ira
2848 1111 3035 1181 perdit
3082 1114 3247 1167 etiam
3288 1112 3594 1182 prudentes
3623 1115 3819 1181 (Prov.

2102 1214 2195 1262 xv,
2231 1196 2279 1263 1,
2312 1213 2415 1251 sec.
2449 1197 2645 1269 LXX);
2680 1200 2819 1270 quia
2848 1200 3066 1256 scilicet
3100 1202 3380 1257 confusus
3427 1204 3667 1259 animus
3717 1219 3821 1259 ne-

2104 1289 2640 1358 quaquamexplet,
2673 1288 2844 1345 etiam
2877 1290 2921 1344 si
2955 1292 3093 1362 quid
3148 1291 3471 1364 intelligere
3502 1293 3822 1364 prudenter

2103 1376 2271 1431 valet.
2307 1378 2415 1432 Per
2462 1377 2601 1432 iram
2645 1379 2882 1448 justitia
2931 1380 3303 1452 relinquitur,
3337 1382 3490 1437 sicut
3532 1382 3818 1453 scriptum

2106 1474 2229 1521 est:
2263 1467 2359 1521 Ira
2384 1470 2490 1522 viri
2525 1470 2807 1538 justitiam
2858 1472 2959 1526 Dei
2996 1487 3110 1526 non
3148 1478 3417 1542 operatur
3446 1472 3587 1542 (Jac.
3622 1489 3663 1539 ι,
3697 1472 3825 1540 20);

2107 1557 2244 1629 quia
2290 1560 2429 1613 dum
2481 1559 2819 1628 perturbata
2870 1574 3036 1616 mens
3075 1561 3369 1631 judicium
3412 1579 3532 1619 sue
3573 1561 3827 1618 rationis

2107 1651 2431 1718 exasperat,
2464 1664 2637 1703 omne
2668 1649 2821 1720 quod
2854 1650 3015 1707 furor
3046 1651 3329 1723 suggerit,
3362 1659 3585 1708 rectum
3627 1657 3823 1723 putat.

2028 1765 2079 1829 B
2111 1740 2217 1792 Per
2245 1737 2392 1793 iram
2426 1737 2623 1808 gratiae
2656 1737 2788 1795 vitm
2835 1740 3070 1796 socialis
3119 1741 3423 1810 amittitur,
3470 1742 3627 1798 sicut
3675 1744 3828 1799 scri-

2108 1831 2272 1898 ptum
2319 1832 2452 1884 est:
2495 1829 2619 1882 Noli
2657 1845 2766 1884 esse
2808 1829 3061 1885 assiduus
3101 1848 3222 1885 cum
3266 1832 3482 1886 homine
3523 1833 3821 1901 iracunda,

2106 1935 2175 1973 ne
2203 1918 2380 1973 discas
2408 1920 2629 1973 semitas
2654 1920 2792 1987 ejus,
2823 1926 2876 1973 et
2919 1936 3102 1975 sumas
3130 1921 3453 1977 scandalum
3484 1924 3684 1977 animm
3718 1929 3830 1978 tum

2103 2012 2285 2080 (Prov.
2320 2024 2458 2064 xxn.
2487 2008 2579 2075 ⁸24,
2611 2009 2724 2080 25).
2759 2008 2837 2081 (b)
2883 2011 2951 2064 Et
2994 2011 3148 2065 idem
3184 2027 3197 2064 :
3233 2012 3361 2074 Quis
3404 2015 3616 2083 poterit
3662 2013 3831 2067 habi-

2103 2107 2222 2155 tare
2253 2115 2374 2154 cum
2406 2099 2643 2166 homine,
2674 2100 2837 2169 cujus
2881 2102 3112 2170 spiritus
3158 2103 3342 2169 facilis
3372 2109 3450 2157 est
3482 2102 3556 2156 ad
3586 2104 3833 2158 irascen-

2098 2190 2272 2247 dum?
2304 2189 2488 2259 (Prov.
2527 2204 2690 2258 xvm,
2726 2190 2835 2261 14.)
2867 2189 3013 2254 Quia
3056 2192 3155 2262 qui
3203 2207 3266 2247 se
3311 2208 3379 2247 ex
3426 2190 3690 2248 humana
3733 2209 3832 2248 ra-

2098 2280 2257 2336 tione
2287 2296 2401 2335 non
2434 2282 2742 2349 temperat,
2776 2295 3013 2336 necesse
3045 2284 3151 2346 est,
3185 2284 3252 2336 ut
3294 2281 3620 2338 bestialiter
3662 2283 3828 2339 solus

2096 2369 2267 2424 vivat.
2307 2369 2409 2423 Per
2456 2368 2599 2421 iram
2633 2369 2942 2422 concordia
2991 2370 3306 2440 rumpitur,
3340 2370 3493 2426 sicut
3523 2371 3826 2442 scriptum

2096 2464 2181 2513 est
2218 2473 2230 2511 ε
2270 2458 2370 2512 Vir
2400 2458 2677 2510 animosus
2720 2459 2881 2525 parit
2924 2460 3096 2513 rixas.
3130 2459 3200 2513 Et
3227 2461 3314 2513 vir
3342 2459 3653 2514 iracundus
3682 2461 3830 2529 effo-

2092 2548 2175 2603 dit
2204 2554 2433 2617 peccata
2465 2546 2651 2617 (Prov.
2687 2562 2776 2612 xv,
2815 2546 2922 2617 t8).
2957 2547 3284 2603 Iracundus
3317 2549 3544 2620 quippe
3594 2555 3830 2621 peccata

2092 2638 2313 2708 etl'odit,
2336 2636 2475 2708 quia
2494 2637 2670 2692 etiam
2704 2635 2910 2705 malos,
2935 2653 3080 2708 quos
3099 2638 3333 2694 incaute
3357 2640 3427 2694 ad
3456 2640 3822 2694 discordiam

2092 2732 2381 2799 provocat,
2414 2727 2639 2797 pejores
2671 2726 2824 2782 facit.
2858 2729 2969 2783 Per
3017 2729 3163 2783 iram
3215 2728 3315 2784 lux
3347 2729 3611 2785 veritatis
3643 2730 3825 2785 amit-

2088 2817 2254 2885 titur,
2288 2818 2441 2873 sicut
2469 2817 2753 2889 scriptum
2786 2822 2872 2873 est
2907 2835 2920 2872 :
2952 2819 3048 2874 Sol
3090 2836 3203 2874 non
3231 2819 3444 2874 occidat
3491 2836 3662 2890 super
3704 2822 3827 2875 ira-

2086 2907 2347 2964 cundiam
2375 2914 2611 2963 vestram
2642 2908 2856 2979 (Ephes.
2892 2926 2966 2975 Iv,
2996 2909 3113 2979 26);
3141 2910 3280 2981 quia
3300 2925 3432 2966 cum
3466 2910 3647 2965 menti
3681 2909 3803 2965 ira-

2087 2998 2304 3056 cundia
2347 2997 2709 3054 confusionis
2753 2999 3026 3055 tenebras
3058 2998 3286 3071 incutit,
3328 2999 3466 3057 huic
3517 3001 3663 3056 Deus
3700 3016 3805 3056 ra-

2088 3089 2243 3144 dium
2274 3104 2394 3143 sus:
2416 3087 2763 3159 cognitionis
2793 3088 3117 3145 abscondit.
3146 3090 3251 3146 Per
3280 3091 3427 3146 iram
3459 3090 3645 3147 sancti
3676 3090 3808 3162 Spi-

2089 3182 2234 3236 ritus
2279 3177 2558 3249 splendor
2604 3177 2963 3248 excluditur;
3007 3196 3119 3252 quo
3165 3188 3385 3248 contra,
3426 3182 3595 3251 juxta
3637 3184 3808 3235 vetu-

2090 3274 2241 3326 stam
2275 3268 2714 3325 translationem
2762 3270 3040 3341 scriptum
3091 3274 3175 3327 est
3207 3287 3221 3326 :
3255 3272 3432 3342 Super
3460 3288 3619 3343 quem
3649 3270 3807 3325 170

2089 3361 2385 3430 requiescet
2415 3361 2645 3431 spiritus
2676 3376 2843 3424 meus,
2869 3363 2979 3416 nisi
2997 3377 3165 3432 super
3192 3361 3450 3416 humilem
3479 3368 3532 3416 et
3561 3363 3808 3432 quietum

2090 3455 2145 3503 et
2179 3455 2495 3505 trementem
2525 3465 2799 3505 sermones
2827 3466 2970 3505 meos
2998 3452 3131 3521 (Isa.
3164 3466 3311 3515 vaI,
3345 3450 3445 3522 2)?
3467 3450 3608 3505 Cum
3650 3451 3810 3505 enim

2092 3538 2379 3594 humilem
2408 3537 2646 3608 diceret,
2670 3538 2932 3610 quietum
2965 3539 3229 3611 protinus
3260 3539 3544 3611 adjunxit.
3576 3539 3635 3594 Si
3668 3554 3811 3611 ergo

2094 3628 2181 3683 ira
2210 3627 2463 3697 quietem
2510 3628 2722 3683 mentis
2765 3629 3077 3697 subtrahit,
3108 3645 3277 3685 suam
3323 3634 3523 3684 sancto
3568 3628 3816 3699 Spiritui

2094 3717 2515 3774 habitationem
2539 3716 2773 3787 claudit,
2790 3719 2959 3789 cujus
2982 3720 3303 3775 recessione
3325 3718 3559 3775 animus
3571 3734 3817 3787 vacuus,

2097 3808 2169 3865 ad
2203 3815 2463 3879 apertam
2517 3823 2645 3864 mox
2696 3809 2987 3865 insaniam
3021 3809 3277 3881 ducitur,
3310 3813 3367 3866 et
3398 3826 3582 3882 usque
3612 3810 3683 3866 ad
3719 3826 3820 3865 su-

2098 3898 2390 3970 perticiem
2433 3898 2505 3952 ab
2537 3897 2746 3955 intimo
2777 3899 3197 3971 cogitationum
3229 3900 3609 3956 fundamento
3639 3899 3820 3956 dissi-

2098 3992 2290 4059 patur.

2167 4078 2256 4132 79.
2290 4079 2478 4146 Imago
2507 4080 2639 4134 irati
2676 4084 2897 4149 optimis
2936 4082 3207 4137 coloribus
3253 4096 3531 4153 expressa.
3564 4111 3635 4121 —
3666 4080 3820 4137 Nam

2098 4168 2197 4223 iraa
2229 4184 2346 4224 sum
2388 4167 2642 4231 stimulis
2680 4185 2987 4227 accensum
3020 4187 3117 4228 cor
3155 4170 3421 4243 palpitat,
3453 4186 3668 4242 corpus
3698 4174 3821 4227 tre-

2102 4260 2211 4315 mit
2258 4257 2457 4327 lingua
2501 4272 2562 4314 se
2603 4259 2902 4331 praepedit,
2940 4260 3113 4317 facies
3162 4261 3430 4333 ignescit,
3469 4276 3825 4331 exasperan-

2102 4354 2201 4406 tur
2248 4347 2424 4414 oculi,
2464 4352 2519 4404 et
2562 4365 2935 4422 nequaquam
2988 4355 3482 4423 recognoscuntur
3528 4352 3675 4407 noti.
3708 4350 3825 4410 Ore

282 4439 417 4513 vera
448 4425 716 4513 essetssi
760 4424 921 4480 illata
951 4432 1149 4482 contra
1182 4428 1325 4483 tanti
1357 4428 1465 4483 viri
1500 4428 1835 4499 patientiam
1876 4447 1987 4485 non
2024 4429 2069 4494 D
2102 4439 2335 4510 quidem
2368 4437 2677 4494 clamorem
2712 4439 2943 4507 format,
2979 4440 3078 4495 sed
3120 4457 3331 4497 sensus
3362 4440 3498 4513 quid
3541 4440 3825 4513 loquatur

286 4512 515 4568 fuisset.
549 4510 659 4565 Sed
695 4529 798 4568 nos
832 4529 1143 4583 pensemus
1176 4518 1329 4587 quod
1361 4518 1593 4586 dicitur,
1627 4520 1891 4588 quamvis
1923 4520 1995 4575 ab

287 4601 572 4659 auditoris
615 4602 707 4657 sui
738 4604 948 4659 virtute
989 4604 1286 4675 relidatur,
1320 4612 1381 4663 ut
1411 4610 1791 4666 ostendamus
1820 4625 1997 4679 quam

288 4696 509 4748 rectum
542 4694 633 4747 est
661 4693 812 4763 quod
846 4693 1146 4762 promitur,
1180 4694 1226 4750 si
1268 4714 1381 4753 non
1414 4697 1471 4752 in
1504 4698 1735 4753 beatum
1767 4698 1876 4754 Job
1906 4698 1999 4754 in-

280 4783 442 4853 juste
487 4785 871 4852 promeretur,
902 4798 1038 4838 cum
1090 4783 1367 4857 scriptum
1420 4786 1513 4853 sit,
1549 4790 1625 4841 Tu
1656 4795 1861 4859 autem,
1896 4790 2005 4845 Do-

288 4874 457 4940 mine,
490 4886 609 4925 cum
639 4873 1047 4941 tranquillitate
1068 4873 1294 4943 judicas
1326 4877 1482 4946 (Sap.
1516 4894 1618 4943 xII,
1653 4878 1777 4947 18);
1811 4878 2003 4936 scien-

292 4963 430 5018 dum
478 4960 643 5018 nobis
676 4978 1023 5034 magnopere
1053 4967 1140 5019 est
1171 4963 1307 5035 quia
1338 4965 1611 5035 quotiens
1642 4968 2005 5025 turbulentos

295 5056 487 5107 motus
511 5051 690 5106 animi
714 5051 823 5107 sub
849 5053 1317 5109 mansuetudinis
1342 5054 1551 5110 virtute
1576 5057 2005 5127 reslringimus,

294 5141 479 5195 redire
527 5141 596 5195 ad
649 5140 1101 5197 similitudinem
1150 5143 1465 5199 conditoris
1514 5160 1811 5201 conamur.
1862 5145 2008 5201 Nam

296 5244 427 5283 cum
449 5230 927 5299 tranquillitatem
956 5232 1164 5287 mentis
1188 5233 1273 5287 ira
1296 5233 1643 5299 diverberat,
1668 5233 2009 5290 dilaniatam

298 5316 552 5385 quodam
594 5320 766 5374 modo
806 5322 1167 5392 scissamque
1208 5324 1533 5393 perturbat,
1566 5328 1629 5378 ut
1659 5323 2010 5395 sibimetipsi

302 5420 417 5458 non
450 5411 751 5474 congruat,
786 5425 849 5461 ac
880 5410 997 5463 vim
1042 5410 1261 5465 intima:
1312 5412 1716 5468 similitudinis
1766 5412 2011 5471 amittat.

381 5586 459 5657 (a)
495 5585 558 5657 In
589 5589 745 5641 textu
778 5585 910 5652 Job,
942 5604 1064 5645 vere
1093 5594 1337 5647 stultum.

383 5656 621 5737 (o)_Hsec
650 5658 826 5737 verba
864 5664 920 5737 et
960 5663 1152 5737 textps
1200 5679 1375 5737 sacris
1422 5664 1723 5737 scripturae
1764 5682 2017 5737 sequens

313 5726 670 5787 omittuntur
734 5727 793 5783 in
864 5726 1005 5785 Mss.
1064 5731 1402 5802 Compend.,
1461 5726 1704 5804 Belvac.,
1764 5726 2021 5814 Ebroio.,

2104 4528 2353 4600 ignorat.
2388 4530 2450 4583 In
2485 4544 2597 4599 quo
2636 4528 2832 4600 itaque
2879 4530 2987 4586 iste
3028 4529 3099 4586 ab
3146 4531 3464 4603 arreptitiis
3505 4530 3678 4604 longe
3705 4536 3826 4604 est,

2106 4616 2211 4688 qui
2240 4617 2487 4673 actionis
2518 4634 2637 4673 suae
2668 4618 2940 4674 conscius
2970 4634 3089 4675 non
3117 4619 3251 4676 est?
3279 4620 3439 4677 Unde
3469 4620 3533 4676 tit
3564 4621 3828 4693 plerum-

2108 4723 2223 4779 que
2264 4711 2325 4762 ut
2364 4723 2549 4779 usque
2597 4709 2667 4763 ad
2720 4725 2931 4764 manus
2980 4709 3066 4765 ira
3113 4710 3394 4778 prosiliat,
3426 4716 3482 4767 et
3514 4729 3625 4783 quo
3672 4714 3828 4770 ratio

2107 4797 2343 4869 longius
2377 4797 2608 4865 recedit,
2632 4799 2905 4855 audacior
2925 4804 3228 4871 exsurgat;
3261 4816 3439 4872 seque
3468 4802 3664 4873 ipsum
3695 4804 3835 4860 reti-

2110 4904 2249 4945 nere
2297 4886 2527 4943 animus
2574 4904 2689 4943 non
2730 4888 2897 4956 valet,
2940 4889 3095 4961 quia,
3147 4890 3335 4946 factus
3378 4896 3469 4947 est
3518 4892 3832 4964 potestatis

2116 4979 2347 5046 alienae;
2381 4981 2439 5032 et
2468 4993 2534 5033 eo
2566 4977 2728 5033 furor
2758 4978 3022 5035 membra
3054 4980 3207 5036 foras
3240 4980 3297 5035 in
3331 4980 3546 5037 ictibus
3575 4988 3829 5050 exercet,

2115 5088 2227 5142 quo
2260 5070 2423 5125 intus
2452 5069 2639 5141 ipsam
2673 5070 3062 5126 membrorum
3086 5072 3383 5128 dominam
3416 5078 3675 5129 mentem
3698 5092 3832 5147 cap-

2119 5162 2292 5216 tivam
2344 5163 2519 5217 tenet.
2569 5159 2896 5230 Aliquando
2946 5164 3143 5216 autem
3202 5175 3409 5218 manus
3457 5178 3573 5218 non
3625 5165 3834 5231 exerit,

2119 5251 2219 5307 sed
2250 5250 2310 5305 in
2344 5250 2772 5306 maledictionis
2798 5250 3055 5320 jaculum
3090 5251 3351 5323 linguam
3383 5253 3575 5309 vertit.
3609 5253 3835 5312 Fratris

2122 5355 2377 5409 namque
2425 5337 2724 5393 interitum
2778 5338 3045 5408 precibus
3094 5341 3372 5410 exposcit,
3414 5340 3610 5397 ethoc
3644 5340 3835 5399 Deum

2122 5433 2451 5500 perpetrare
2481 5427 2714 5498 expetit,
2747 5427 2901 5498 quod
2932 5428 3057 5499 ipse
3095 5444 3401 5499 perversos
3433 5432 3610 5487 homo
3646 5432 3836 5491 facere

2125 5591 2297 5666 tl_tic.,
2329 5591 2525 5666 Corb.,
2564 5590 2748 5657 Colb.,
2795 5590 3015 5659 Germ.,
3067 5593 3223 5666 Reg,
3269 5599 3403 5666 etc.,
3457 5613 3564 5654 nec
3609 5598 3671 5655 in
3717 5600 3837 5659 ulle

2126 5663 2266 5721 Mss.
2300 5664 2646 5735 reperimus.
