4134 6174
352 282 474 345 ’725

1286 278 1706 343 MORALIUM
1750 278 1899 341 LIB.
1948 278 2019 341 V.
2068 310 2146 322 ——
2191 276 2267 339 IN
2312 283 2488 344 CAP.
2538 285 2612 346 lV
2657 290 2727 350 Β.
2773 292 2938 355 JOB.

3744 302 3873 365 r726

349 417 439 473 vel
476 418 708 486 metuit,
740 418 829 474 vel
857 413 1166 474 erubescit.
1194 415 1396 485 Fitque
1428 416 1489 470 ut
1519 416 1652 470 voto
1694 416 1752 469 et
1779 428 1917 470 voce
1969 411 2066 469 ho-
2088 411 2144 479 Α
2174 412 2395 472 nientia
2425 422 2586 476 tanto
2631 422 2835 481 fortior
2865 428 3095 500 excipit,
3148 433 3369 501 quanto
3427 446 3490 488 se
3536 434 3764 493 cautius
3794 453 3869 493 ex

348 507 659 565 micidium
692 510 949 580 peragat,
975 506 1149 563 etiam
1175 521 1308 561 cum
1329 522 1363 560 a
1386 504 1621 561 laesione
1651 502 1898 575 proximi
1931 519 2053 559 ma-

352 598 531 654 nibus
560 602 771 655 cessat.
803 596 1127 668 Aliquando
1155 594 1240 650 ira
1272 594 1606 666 perturbato
1638 592 1852 659 animo,
1886 592 2057 663 quasi

348 703 421 744 ex
444 688 663 760 judicio
704 688 1006 745 silentium
1042 686 1288 754 indicit;
1323 689 1377 739 et
1409 700 1521 756 quo
1552 699 1614 739 se
1645 683 1797 739 foras
1831 699 1928 755 per
1956 682 2059 737 lin-

348 796 524 855 guam
559 795 673 835 non
705 778 1000 851 exprimit,
1030 777 1190 833 intus
1216 776 1469 832 deterius
1494 775 1760 846 ignescit,
1787 780 1850 829 ut
1870 774 2057 829 iratus

350 872 605 941 quisque
634 870 1080 926 collocutionem
1121 884 1288 925 suam
1336 867 1599 939 proximo
1632 866 1965 931 subtrahat,
2003 870 2061 921 et

349 961 497 1019 nihil
527 962 795 1030 dicendo,
829 977 1005 1035 quam
1039 960 1116 1016 sit
1158 975 1399 1016 aversus
1447 958 1616 1015 dicat.
1671 958 1738 1013 Et
1784 973 2057 1013 nonnun-

349 1069 525 1125 quam
558 1052 680 1110 hasc
710 1053 929 1109 silentii
962 1051 1240 1108 severitas
1273 1066 1373 1122 per
1394 1048 1715 1121 disciplinis
1757 1049 2060 1119 dispensa-

349 1142 567 1199 tionem
599 1143 842 1215 geritur,
878 1142 926 1197 si
959 1146 1151 1198 tamen
1183 1140 1426 1196 sollicite
1478 1140 1537 1194 in
1585 1139 1811 1195 intimis
1842 1140 2061 1195 discre-

350 1234 523 1288 tionis
556 1234 744 1289 forma
775 1238 1059 1289 teneatur.
1084 1231 1519 1302 Nonnunquam
1542 1246 1673 1287 vero
1692 1231 1832 1285 dum
1865 1247 2063 1287 accen-

351 1340 457 1379 sus
486 1324 720 1380 animus
752 1342 785 1379 a
833 1327 1115 1379 consueta
1162 1321 1454 1377 locutione
1522 1320 1914 1391 restringitur,
1960 1337 2062 1392 per

350 1429 653 1469 accessum
686 1414 967 1483 temporis
1000 1413 1233 1485 penitus
1264 1428 1297 1466 a
1329 1411 1572 1481 proximi
1623 1410 1931 1466 dilectione
1979 1427 2063 1468 se-

350 1508 612 1574 paratur.
649 1507 705 1558 et
736 1504 988 1559 acriores
1018 1500 1239 1557 stimuli
1271 1501 1341 1555 ad
1363 1504 1619 1556 mentem
1651 1500 1907 1567 veniunt,
1929 1516 2063 1555 cau-

349 1606 428 1644 sai
453 1606 681 1662 quoque
712 1608 843 1663 qum
880 1590 1111 1661 gravius
1141 1592 1487 1659 exasperant
1536 1588 1844 1657 oriuntur;
1886 1594 2058 1660 atque

346 1677 411 1734 in
443 1680 573 1736 irati
607 1680 773 1737 oculo
809 1682 1031 1737 festuca
1061 1682 1120 1735 in
1154 1680 1380 1735 trabem
1414 1678 1683 1745 vertitur,
1714 1679 1850 1734 dum
1885 1678 1972 1734 ira
1998 1679 2055 1734 in

348 1769 551 1825 odium
604 1776 989 1844 permutatur.
1045 1770 1396 1841 Plerumque
1457 1770 1542 1825 ira
1606 1786 1707 1840 per
1751 1769 2055 1825 silentium

348 1859 546 1915 clausa
575 1860 730 1917 intra
762 1865 1013 1917 mentem
1060 1859 1464 1916 vehementius
1505 1864 1712 1915 aestuat
1750 1863 1806 1914 et
1843 1859 2057 1916 clamo-

345 1968 442 2006 sas
475 1950 656 2007 tacita
686 1968 854 2007 voces
885 1952 1132 2018 format;
1168 1952 1340 2006 verba
1372 1950 1506 2015 sibi,
1556 1950 1772 2019 quibus
1820 1966 2060 2022 exaspe-

346 2048 510 2097 retur
539 2041 762 2111 objicit,
784 2045 841 2097 et
868 2040 1035 2112 quasi
1055 2041 1111 2095 in
1133 2056 1321 2095 causa;
1345 2040 1611 2095 examine
1642 2040 1831 2111 posita
1852 2040 2061 2097 durius

346 2135 693 2199 exasperata
735 2130 1073 2198 respondet;
1109 2130 1259 2198 quod
1306 2128 1575 2184 Salomon
1626 2129 1876 2184 breviter
1920 2129 2061 2186 insi-

349 2224 524 2285 nuat,
560 2219 800 2275 dicens:
834 2221 1190 2276 Prestolatio
1220 2220 1513 2289 impiorum
1543 2222 1705 2286 furor
1752 2220 1941 2290 (Prov.
1976 2238 2057 2289 x1,

343 2307 463 2379 23).
494 2308 706 2378 Sicque
738 2308 802 2363 fit
832 2313 895 2363 ut
936 2308 1306 2379 perturbatus
1339 2308 1570 2363 animus
1598 2310 1877 2376 majorem
1912 2315 2058 2365 stre-

347 2397 540 2469 pitum
575 2397 666 2452 sui
699 2397 919 2453 silentii
964 2397 1150 2453 sentio
1202 2413 1449 2467 eumque
1481 2397 1713 2467 gravius
1735 2399 1815 2469 la)
1846 2398 2056 2455 clausas

342 2487 446 2543 ire
475 2486 712 2543 flamma
743 2496 1071 2543 consumat.
1106 2487 1270 2542 Unde
1298 2488 1447 2542 bene
1479 2492 1612 2542 ante
1659 2503 1766 2542 nos
1816 2490 2057 2559 quidam

345 2576 585 2647 sapiens
615 2576 758 2632 dixit
787 2594 799 2631 :
836 2577 1217 2647 Cogitationes
1246 2576 1506 2631 iracundi
1531 2579 1761 2647 viperea:
1805 2586 1933 2633 sunt
1964 2597 2056 2649 ge-

344 2668 652 2732 neratione,
688 2674 920 2722 mentem
951 2666 1243 2722 comedunt
1272 2673 1501 2721 matrem
1532 2682 1706 2721 suam.

423 2756 565 2821 [νει.
598 2756 838 2827 XXXII.]
871 2755 959 2812 80.
1027 2756 1241 2813 Gradus
1289 2762 1527 2825 quatuor
1555 2755 1751 2826 quibus
1795 2758 1869 2811 ad
1914 2759 2056 2813 iram

338 2861 526 2900 sumus
564 2846 1165 2914 aﬂ‘ecti.—Sciendum
1201 2861 1334 2901 vero
1366 2850 1455 2901 est
1478 2862 1593 2916 quo
1620 2847 1936 2902 nonnullos
1967 2847 2056 2903 ira

339 2934 518 2990 citius
551 2933 834 3003 accendit,
861 2934 1086 2991 facilius
1109 2936 1346 2991 deserit.
1378 2934 1700 2990 Nonnullos
1727 2952 1860 2991 vero
1890 2935 2053 2993 tarde

341 3023 584 3096 quidem
626 3028 974 3090 commovet,
1025 3026 1122 3081 sed
1173 3024 1392 3080 diutius
1439 3029 1615 3081 tenet.
1656 3024 1766 3080 Alii
1798 3042 2053 3097 namque
2080 3088 2095 3097 λγ

2166 506 2519 575 ριέεεοίθηιίιι
2555 516 2819 569 armavit.
2854 517 2961 582 Qui
2992 518 3146 573 enim
3171 518 3532 590 improvidus
3555 522 3627 577 ab
3667 526 3874 583 adver-

2165 594 2334 651 sitate
2365 597 2843 669 deprehenditur,
2876 608 3038 677 quasi
3069 608 3141 663 ab
3191 608 3357 665 hoste
3386 610 3686 669 dormiens
3716 613 3877 671 inve-

2166 684 2361 752 nitur;
2395 703 2645 761 eumque
2676 693 2847 751 citius
2898 696 3170 753 inimicus
3207 703 3395 765 necat,
3447 700 3582 772 quia
3628 718 3745 761 non
3775 721 3868 761 re-

2167 777 2521 861 pugnantem
2556 778 2825 845 perforat.
2862 780 3009 837 Nam
3036 783 3135 854 qui
3175 784 3327 840 mala
3374 785 3739 845 imminentia
3771 805 3870 861 per

2167 860 2601 949 sollicitudinen
2645 875 2942 939 praenotat,
2987 872 3226 929 hostiles
3273 874 3549 932 incursus
3600 860 3785 949 quasi,
3814 879 3875 935 in

2169 947 2400 1007 insidiis
2429 952 2677 1024 vigilans
2707 964 3039 1031 exspectat;
3076 969 3129 1017 et
3159 963 3295 1018 inde
3342 964 3411 1019 ad
3445 947 3743 1023 victoriam
3775 984 3877 1023 va-

2169 1039 2353 1129 lenter
2392 1044 2732 1115 accingitur,
2783 1050 2937 1106 unde
2992 1052 3258 1109 nesciens
3299 1054 3653 1125 deprehendi
3704 1062 3883 1129 puta-

2169 1127 2363 1186 batur.
2396 1130 2645 1190 Solertcr
2672 1152 2808 1208 ergo
2844 1140 3072 1197 animus
3122 1145 3259 1198 ante
3308 1143 3553 1199 actionis
3600 1127 3720 1202 suas
3767 1146 3881 1216 pri-

2170 1220 2416 1289 mordia,
2448 1227 2658 1280 cuncta
2702 1226 2873 1283 debet
2916 1230 3156 1287 adversa
3208 1231 3518 1299 meditari;
3549 1237 3613 1289 ut
3651 1250 3882 1306 semper

2171 1308 2294 1366 haec
2329 1312 2611 1383 cogitans,
2662 1330 2895 1389 semper
2934 1325 3135 1376 contra
3165 1321 3286 1376 hiec
3323 1322 3561 1379 thorace
3591 1323 3880 1395 patientia

2171 1400 2457 1471 munitus,
2490 1409 2546 1458 et
2566 1404 2852 1477 quidquid
2881 1410 3194 1466 accesserit
3225 1411 3501 1482 providus
3534 1418 3791 1483 superet,
3823 1417 3882 1470 et

2169 1490 2413 1561 quiquid
2445 1508 2560 1549 non
2584 1497 2894 1553 accesserit
2923 1497 3152 1556 lucrum
3188 1503 3373 1572 putet.
3424 1502 3733 1559 Secundus
3773 1519 3880 1561 su-

2170 1584 2287 1634 tem
2318 1584 2616 1639 servanda
2640 1588 3109 1646 mansuetudinis
3132 1591 3342 1646 modus
3364 1595 3469 1662 est,
3495 1599 3558 1648 ut
3588 1607 3717 1649 cum
3741 1593 3881 1651 alie-

2164 1683 2274 1724 nos
2306 1686 2578 1729 excessus
2602 1676 2940 1747 aspicimus,
2968 1684 3184 1747 nostra,
3210 1682 3422 1752 quibus
3444 1681 3505 1737 in
3528 1682 3659 1738 aliis
3686 1699 3879 1740 exces-

2169 1760 2379 1827 simus,
2422 1762 2633 1820 delicta
2662 1767 3001 1837 cogitemus.
3039 1768 3414 1826 Considerata
3462 1771 3679 1843 quippe
3711 1772 3878 1828 infir-

2175 1848 2349 1906 mitas
2392 1852 2646 1924 propria,
2679 1855 2831 1912 male.
2869 1857 3035 1914 nobis
3074 1867 3312 1915 excusat
3348 1858 3559 1916 aliena.
3586 1861 3882 1918 Patienter

2168 1953 2423 2011 namque
2455 1941 2678 1999 illatam
2730 1945 3007 2016 injuriam
3056 1948 3281 2017 tolerat,
3319 1949 3421 2021 qui
3466 1950 3557 2021 pie
3614 1950 3880 2006 meminit

2167 2030 2319 2099 quod
2355 2032 2597 2089 fortasse
2618 2034 2809 2090 adhuc
2832 2035 3061 2105 habeat,
3092 2038 3149 2093 in
3182 2054 3297 2110 quo
3330 2040 3538 2095 debeat
3570 2039 3695 2111 ipse
3730 2040 3879 2096 tole-

2166 2117 2301 2172 rari.
2336 2118 2403 2173 Et
2434 2121 2603 2191 quasi
2634 2138 2788 2193 aqua
2816 2123 2971 2196 ignis
3000 2127 3414 2198 exstinguitur,
3445 2143 3577 2183 cum
3604 2132 3878 2199 surgente

2164 2206 2357 2264 furore
2388 2211 2590 2280 animi,
2616 2228 2723 2268 sua
2750 2214 2961 2285 cuique
2982 2216 3052 2270 ad
3087 2221 3340 2272 mentem
3362 2217 3536 2289 culpa
3555 2222 3873 2285 revocatur,

2164 2298 2303 2367 quia
2332 2299 2617 2356 erubescit
2649 2308 2876 2372 peccata
2909 2321 3021 2360 non
3056 2321 3309 2376 parcere,
3338 2307 3438 2377 qui
3471 2306 3562 2362 vel
3610 2306 3751 2373 Deo,
3783 2305 3874 2362 vel

2163 2388 2423 2456 proximo
2455 2405 2609 2461 szrps
2640 2407 2701 2447 se
2734 2392 2935 2449 recolit
2967 2395 3255 2464 parcenda
3285 2411 3580 2467 peccasse.

2232 2475 2382 2547 [νει.
2440 2480 2714 2551 ΧΧΧΙΙΙ.]
2764 2482 2848 2537 82.
2902 2484 2999 2538 Ira
3045 2483 3160 2537 alia
3207 2500 3277 2538 ea:
3323 2486 3697 2556 impatientia,
3756 2483 3873 2539 alia

2162 2582 2229 2620 ex
2257 2568 2390 2621 zelo.
2426 2571 2615 2624 Prima
2660 2572 2879 2626 oculum
2908 2580 3168 2640 excecat,
3199 2575 3381 2629 altera
3430 2576 3514 2629 ita
3552 2572 3764 2643 turbat,
3808 2580 3872 2628 ut

2161 2656 2234 2711 ad
2261 2656 2465 2712 clarius
2492 2659 2785 2715 videndum
2815 2660 3092 2731 disponat.
3116 2693 3186 2704 —-
3216 2664 3326 2719 Sed
3356 2663 3507 2718 inter
3538 2663 3660 2719 hac
3685 2663 3870 2719 soler—

2158 2748 2248 2801 ter
2277 2747 2581 2803 sciendum
2615 2754 2703 2805 est
2732 2750 2882 2819 quod
2918 2752 3029 2806 alia
3059 2756 3148 2807 est
3177 2752 3263 2807 ira
3293 2768 3467 2823 quam
3502 2751 3869 2825 impatientia

2159 2835 2391 2901 excitat,
2406 2836 2523 2893 alia
2544 2854 2720 2909 quam
2744 2838 2903 2895 zelus
2920 2840 3000 2911 (α)
3016 2841 3250 2897 format.
3275 2840 3379 2897 Illa
3396 2857 3465 2898 ex
3483 2842 3641 2909 vitio,
3658 2840 3780 2899 huc
3796 2857 3868 2897 ex

2157 2924 2373 2981 virtute
2392 2932 2719 2997 generatur.
2745 2927 2803 2983 Si
2828 2929 2983 2985 enim
3010 2929 3174 2986 nulla
3200 2931 3287 2985 ira
3315 2946 3382 2987 ex
3414 2932 3627 2987 virtute
3662 2946 3866 3002 surge-

2158 3018 2261 3081 ret,
2288 3015 2493 3072 divinaa
2518 3017 3133 3075 animadversionisim
3143 3024 3339 3092 petum
3357 3020 3607 3077 Phinses
3630 3037 3731 3093 per
3745 3020 3865 3091 gla-

332 3088 600 3169 accensis
632 3110 874 3168 calamis
915 3088 1159 3180 similes,
1203 3113 1342 3168 dum
1381 3112 1619 3168 vocibus
1652 3088 2043 3186 perstrepunt,
2160 3104 2319 3161 dium
2352 3123 2465 3163 non
2491 3107 2792 3178 placasset.
2820 3109 2977 3165 Hanc
3007 3088 3160 3166 iram—
3185 3112 3322 3181 quia
3352 3110 3477 3167 Ὴθὶί
3503 3128 3615 3167 non
3630 3088 3862 3178 Ϊιαδῖιίΐ,

332 3198 506 3271 quasi
538 3199 825 3270 quosdam
859 3200 1221 3257 accensioois
1244 3217 1361 3255 sua!
1394 3201 1623 3256 sonitus
1652 3203 1936 3271 reddunt;
1961 3204 2044 3259 ci-

328 3288 457 3344 tius
490 3288 727 3359 quidem
760 3288 1056 3346 flammam
1091 3289 1328 3357 faciunt,
1363 3292 1459 3346 sed
1495 3291 1759 3362 protinus
1806 3292 1862 3346 in
1890 3293 2053 3348 favil-

330 3378 454 3434 lam
487 3377 829 3449 frigescunt.
864 3378 975 3434 Alii
1007 3384 1201 3437 autem
1236 3380 1408 3450 lignis
1438 3380 1802 3452 gravioribus
1836 3382 2043 3439 durio-

331 3466 622 3539 rihusque
638 3484 751 3523 non
769 3467 1052 3539 dispares,
1076 3470 1480 3525 ascensionem
1502 3471 1666 3526 tarde
1686 3472 2040 3543 suscipiunt,

330 3561 433 3613 sed
469 3563 664 3614 tamen
700 3560 930 3617 accensi
964 3562 1142 3617 semel
1168 3560 1469 3616 difficilius
1493 3561 1964 3633 exstinguuntur,
1988 3567 2047 3619 et

334 3646 481 3717 quia
504 3664 565 3704 se
587 3647 877 3705 tardiusin
896 3649 1273 3721 asperitatem
1302 3649 1833 3715 concitant,furoris
1856 3652 1943 3705 sui
1968 3651 2048 3724 (b)

334 3733 565 3789 diutius
593 3734 789 3807 ignem
822 3737 973 3791 177
1027 3742 1279 3793 servant.
1331 3737 1441 3792 Alii
1492 3743 1711 3806 autem,
1757 3740 1907 3807 quod
1958 3745 2046 3796 est

336 3825 621 3895 nequius,
658 3830 713 3880 et
744 3826 918 3882 citius
970 3826 1285 3883 iracundia
1319 3828 1581 3884 flammas
1632 3830 1945 3900 accipiunt,
1995 3839 2049 3895 et

326 3914 565 3971 tardius
595 3916 914 3987 deponunt.
946 3917 1223 3974 Nonnulli
1255 3935 1389 3976 vero
1420 3919 1523 3974 has
1556 3923 1614 3975 et
1650 3920 1815 3975 tarde
1860 3921 2041 3977 susci-

325 4004 525 4075 piunt,
560 4008 617 4059 et
645 4007 815 4061 citius
835 4006 1134 4063 amittunt.
1170 4007 1232 4061 In
1265 4008 1481 4080 quibus
1498 4008 1773 4064 nimirum
1795 4014 2044 4079 quatuor

324 4094 526 4148 modis
558 4092 779 4165 liquido
809 4094 990 4151 lector
1020 4096 1298 4166 agnoscit,
1334 4098 1471 4168 quia
1510 4101 1566 4153 et
1596 4099 1663 4153 ad
1699 4099 2040 4171 tranquilli-

324 4180 471 4237 tatis
502 4182 724 4239 bonum
754 4184 1000 4241 ultimus
1019 4184 1322 4258 plusquam
1347 4186 1570 4258 primus
1600 4188 2041 4259 appropinquat,

323 4274 387 4327 et
419 4270 475 4325 in
512 4273 662 4328 malo
691 4274 1012 4330 secundum
1041 4276 1243 4331 tertius
1269 4286 1523 4347 superat.
1560 4277 1669 4333 Sed
1722 4278 1862 4349 quid
1918 4294 2046 4349 pro-

325 4362 464 4416 dest
486 4362 640 4433 quod
674 4364 978 4420 iracundia
1024 4366 1319 4435 quomodo
1352 4370 1607 4435 mentem
1655 4371 1868 4433 teneat,
1902 4367 2047 4423 dici-

2156 3200 2374 3251 motum
2398 3202 2601 3253 contra
2631 3215 2693 3254 se
2723 3198 3170 3270 implacabiliter
3199 3216 3467 3271 supernis
3500 3199 3742 3256 ultionis
3776 3216 3870 3256 ex-

2154 3286 2370 3341 citavit.
2401 3286 2548 3342 Nam
2579 3304 2692 3357 quo
2732 3293 2935 3345 contra
2984 3289 3357 3345 subditorum
3391 3290 3527 3345 vitia
3557 3290 3763 3360 tepuit,
3795 3304 3862 3347 eo

2154 3379 2355 3430 contra
2410 3375 2575 3431 illum
2618 3377 2903 3434 districtio
2960 3380 3164 3434 aeterni
3218 3379 3460 3435 rectoris
3516 3380 3746 3436 exarsit.
3793 3384 3868 3433 De

2154 3463 2263 3519 hac
2282 3481 2381 3533 per
2403 3466 2771 3522 Psalmistam
2796 3468 3008 3524 dicitur
3041 3484 3053 3523 :
3086 3470 3426 3537 Irascimini,
3460 3475 3512 3523 et
3543 3470 3713 3524 nolite
3735 3484 3865 3539 pec-

2152 3572 2277 3609 care
2306 3556 2476 3625 (Psal.
2513 3574 2585 3624 tv,
2617 3558 2690 3627 5).
2735 3559 2896 3622 Quod
2950 3560 3230 3614 nimirum
3283 3578 3398 3615 non
3449 3568 3609 3615 recte
3650 3558 3867 3614 intelli-

2153 3650 2317 3715 gunt,
2352 3646 2446 3715 qui
2477 3646 2647 3701 irasci
2693 3664 2799 3703 nos
2857 3648 3027 3704 nobis
3065 3650 3492 3717 tantummodo,
3536 3665 3650 3704 non
3692 3649 3869 3704 etiam

2155 3733 2433 3803 proximis
2465 3733 2944 3805 delinquentibus
2966 3736 3187 3792 volunt.
3207 3737 3436 3793 Sienim
3462 3736 3545 3792 sic
3572 3736 3867 3808 proximos

2152 3826 2218 3876 ut
2249 3840 2353 3878 nos
2385 3839 2575 3879 amare
2608 3826 2999 3896 praecipimur,
3028 3831 3209 3882 restat
3232 3832 3297 3883 ut
3327 3829 3411 3883 sic
3434 3844 3630 3885 eorum
3663 3829 3867 3884 errati-

2154 3914 2264 3969 bus
2296 3914 2448 3970 sicut
2480 3918 2695 3972 nostris
2726 3916 2879 3972 vitiis
2909 3916 3254 3973 irascamur.
3291 3918 3370 3973 De
3410 3918 3518 3974 hac
3549 3935 3649 3989 per
3692 3919 3866 3974 Salo-

2155 4020 2388 4059 monem
2415 4004 2629 4060 dicitur
2653 4020 2665 4058 :
2692 4006 2884 4060 Melior
2908 4012 2984 4060 est
3006 4009 3093 4060 ira
3114 4008 3252 4073 risu,
3284 4008 3417 4076 quia
3440 4022 3544 4077 per
3574 4008 3863 4061 tristitiam

2154 4095 2337 4151 vultus
2363 4098 2661 4165 corrigitur
2682 4098 2899 4151 animus
2928 4096 3299 4167 delinquentis
3328 4097 3529 4167 (Eccle.
3564 4112 3660 4164 vn,
3682 4096 3756 4164 4).
3781 4096 3863 4152 De

2159 4186 2263 4242 hac
2285 4186 2496 4242 iterum
2527 4186 2831 4243 Psalmista
2851 4187 2967 4243 ait:
2997 4188 3271 4244 Turbatus
3302 4194 3381 4243 est
3405 4203 3527 4258 pra:
3554 4190 3644 4246 ira
3672 4188 3862 4243 oculus

2156 4292 2303 4331 meus
2347 4278 2519 4346 (Psal.
2552 4294 2627 4345 v1,
2656 4278 2734 4349 8).
2790 4278 2882 4334 ira
2940 4278 3158 4350 quippe
3210 4295 3313 4350 per
3360 4278 3564 4334 vitium
3624 4277 3861 4334 oculum

2158 4366 2370 4421 mentis
2400 4372 2665 4431 excaecat,
2700 4367 2782 4421 ira
2820 4372 3011 4424 autem
3058 4384 3161 4440 per
3203 4367 3393 4425 zelum
3442 4368 3669 4436 turbat;
3722 4368 3861 4439 quia

328 4428 555 4517 mus,si
576 4451 882 4508 nonetiam
917 4428 1165 4523 qualiter
1187 4428 1735 4525 compescit‘debeat
1755 4428 2041 4527 exp'rima-
2074 4463 2119 4526 ι)
2153 4472 2270 4527 quo
2302 4456 2504 4511 saltem
2538 4428 2679 4512 recti
2711 4428 3079 4513 aemulatione
3110 4458 3461 4525 concutitur,
3493 4474 3556 4514 ea
3579 4428 3709 4530 quas
3737 4428 3858 4517 nisi

324 4553 467 4595 mus
488 4540 517 4594 ‘I

402 4629 493 4685 81.
522 4631 624 4686 Irae
652 4634 1067 4703 compescenda?
1095 4634 1205 4689 duo
1236 4635 1403 4689 modi.
1439 4667 1505 4675 —
1550 4636 1785 4691 Duobus
1830 4637 2046 4693 etenim

330 4719 529 4776 modis
548 4721 727 4779 fracta
766 4723 1066 4796 possidere
1089 4725 1351 4781 animum
1386 4726 1471 4782 ira
1499 4726 2046 4786 desuescit.Primus

324 4809 550 4881 quippe
579 4816 687 4881 est,
723 4816 788 4867 ut
808 4828 972 4869 mens
1005 4813 1256 4869 sollicita
1287 4822 1598 4887 antequam
1626 4817 2045 4889 agerequodli-

330 4898 704 4971 betincipiat,
738 4916 942 4957 omnes
973 4901 1105 4970 sibi,
1139 4920 1284 4973 quas
1318 4904 1435 4976 pati
1488 4909 1693 4973 potest,
1743 4913 2045 4962 contume-

327 4988 443 5045 lias
477 4995 779 5060 proponat,
815 4996 1101 5062 quatenus
1138 4994 1538 5064 Redemptoris
1572 4996 1660 5049 sui
1705 4996 1915 5065 probra
1958 5013 2048 5052 co-

331 5080 551 5149 gitans,
585 5082 653 5134 ad
688 5082 929 5137 adversa
973 5099 1032 5138 se
1086 5088 1386 5154 praeparet.
1438 5085 1570 5149 Quae
1621 5084 1895 5142 nimirum
1945 5102 2042 5143 ve-

405 5262 481 5332 ta)
508 5262 569 5336 In
604 5261 755 5336 Edit.
790 5261 951 5336 Rom.
987 5262 1221 5327 SixtiV,
1274 5268 1329 5319 et
1375 5264 1429 5317 in
1485 5266 1937 5336 antiquioribus,
1992 5269 2041 5323 si

333 5332 591 5388 Partho].
630 5334 904 5408 excipias,
940 5352 1171 5405 eumque
1204 5338 1433 5405 gravius
1472 5332 1660 5393 clausa
1699 5342 1795 5394 ire
1823 5332 2045 5408 ﬂamma

333 5411 641 5479 consumat.
676 5404 816 5479 Mss.
840 5412 896 5479 et
928 5404 1089 5479 ratio
1105 5416 1451 5477 persuadent
1484 5409 1789 5479 legendum
1823 5404 2039 5479 clausc'e,

377 5493 438 5549 ro
472 5478 680 5549 clausa.
736 5476 1095 5549 lnColbert.
1147 5484 1363 5549 tamen,
1415 5476 1569 5537 Corb
1624 5482 1817 5537 Germ.
1866 5494 1917 5536 et
1967 5476 2042 5539 al.

397 5564 472 5625 ss_.
521 5547 730 5625 legitur
766 5548 967 5625 _c_lausa
1006 5552 1111 5625 irae
1154 5547 1398 5621 ﬂamma,
1450 5554 1604 5625 quod
1640 5554 1810 5625 idem
1851 5559 2042 5609 sonat.

336 5619 424 5693 ita
453 5618 652 5675 haberi
676 5619 734 5693 in
766 5619 906 5693 Mss.
939 5618 1167 5693 Anglic.
1205 5618 1595 5681 testatur'Th.
1627 5624 1945 5682 Jamesius.
1982 5627 2042 5681 in

337 5691 473 5774 Reg.
537 5694 597 5774 et
644 5690 936 5774 plerisque
988 5690 1347 5774 constanter,
1397 5697 1617 5774 clausae.
1656 5697 2042 5774 Subsequens

343 5769 535 5819 autem
566 5766 965 5821 testimonium
1010 5766 1221 5823 frustra
1250 5768 1623 5839 quasivimus
1652 5767 1711 5823 in
1744 5766 1905 5823 libris
1936 5768 2043 5825 Ec-

2156 4546 2477 4617 tranquillo
2536 4548 2708 4603 corde
2747 4548 2963 4620 percipi
3009 4564 3125 4605 non
3185 4553 3395 4622 potest,
3446 4550 3858 4622 contemplatio

2156 4634 2499 4707 dissipatur.
2523 4636 2651 4708 Ipse
2681 4652 2934 4707 namque
2962 4637 3117 4693 zelus
3164 4637 3555 4698 rectitudinis,
3589 4638 3729 4710 quia
3765 4639 3857 4694 in-

2157 4724 2493 4795 quietudine
2514 4730 2773 4782 mentem
2806 4726 3006 4799 agitat,
3039 4728 3164 4797 ejus
3188 4744 3321 4783 mox
3342 4727 3525 4783 aciem
3555 4728 3853 4797 obscurat,

2156 4819 2193 4873 ‘l
2212 4816 2308 4872 78
2332 4822 2396 4873 ut
2423 4818 2627 4874 altoris
2654 4817 2712 4874 in
2746 4819 3133 4875 commotione
3169 4836 3286 4875 non
3317 4819 3525 4881 videat,
3558 4834 3684 4888 quas
3710 4833 3856 4888 pene

2156 4906 2315 4977 prius
2347 4906 2658 4978 tranquilla
2688 4909 2979 4963 cernebat.
3014 4907 3124 4962 Sed
3158 4907 3293 4961 inde
3326 4905 3602 4961 subtilius
3632 4904 3704 4958 ad
3736 4905 3855 4960 alta

2155 4996 2476 5065 reducitur,
2499 4999 2652 5054 unde
2683 4999 2749 5054 ad
2774 5003 3028 5068 tempus,
3077 5012 3148 5051 ne
3171 4997 3385 5061 videat,
3437 4994 3852 5051 reverberatur.

2154 5085 2447 5158 Namipsa
2475 5089 2612 5143 recti
2661 5088 2955 5143 aemulatio
3003 5090 3215 5141 aeterna
3266 5090 3393 5154 post
3452 5082 3756 5154 paululum
3791 5084 3853 5143 in

2153 5265 2460 5321 clesiastici
2494 5272 2549 5321 et
2569 5267 2871 5337 Sapientiae
2900 5283 3044 5335 quos
3079 5264 3315 5319 laudare
3357 5264 3496 5337 solet
3536 5265 3850 5336 Gregorius

2165 5339 2279 5394 sub
2308 5340 2541 5394 nomine
2572 5336 2879 5405 cujusdam
2913 5337 3209 5407 sapientis,
3238 5354 3365 5408 cap.
3398 5336 3536 5391 olim
3582 5338 3665 5404 l6,
3698 5352 3854 5392 nunc

2152 5412 2240 5469 30,
2278 5411 2421 5479 quod
2446 5411 2547 5463 tibi
2576 5427 2683 5463 non
2717 5411 2791 5463 vis
2822 5411 2963 5475 ﬁeri,
2992 5416 3124 5473 etc.,
3160 5424 3288 5479 qum
3343 5409 3410 5462 ad
3464 5416 3733 5463 neutrum
3786 5426 3853 5465 ex

2155 5483 2447 5551 praedictis
2479 5481 2644 5533 libris
2679 5484 2983 5549 pertinent,
3011 5484 3105 5535 sed
3135 5483 3202 5534 ad
3229 5480 3329 5535 lib.
3364 5480 3508 5535 Tob.
3534 5497 3609 5545 ix,
3638 5481 3723 5535 16.

2224 5552 2297 5621 (b)
2324 5557 2455 5605 Mss.
2504 5552 2725 5613 Norm.,
2774 5551 3015 5618 Turon.,
3066 5552 3229 5608 Corb.
3264 5559 3321 5607 et
3359 5552 3479 5621 alii,
3527 5554 3737 5620 furoris
3768 5552 3853 5607 sui

2152 5622 2344 5677 durius
2374 5625 2553 5692 ignem
2581 5629 2822 5679 servant.

2225 5695 2294 5764 (c)
2324 5696 2489 5769 Apud
2513 5694 2642 5769 Coc.
2668 5699 2724 5751 et
2744 5695 3200 5769 deinceps,zelus
3212 5697 3487 5769 justitiae;
3517 5694 3675 5768 quod
3703 5694 3854 5769 glos-

2151 5780 2311 5823 sema
2331 5771 2419 5825 est
2448 5766 2504 5825 in
2530 5768 2665 5825 Mss.
2699 5766 2909 5827 saltem
2945 5766 3364 5828 sincerioribus
3393 5766 3679 5840 ignotum.
