4156 6178
430 258 547 317 727
1696 244 1970 307 SANGTI
2016 244 2389 309 GREGORII
2437 246 2677 310 MAGNI
3775 258 3866 318 728

427 387 848 462 tranquillitate
878 384 1095 456 largius
1125 383 1325 456 aperit,
1378 398 1505 453 qua:
1571 381 1685 437 hazc
1737 382 1972 438 interim
2033 399 2134 453 per
2161 385 2215 450 Α
2246 384 2706 455 persecutionem
2758 381 2946 438 fratris
2977 379 3194 438 exarsit
3221 383 3428 452 (Genes.
3461 402 3585 454 xxv,
3615 388 3676 444 34
3697 410 3710 458 ;
3735 408 3871 459 xxvii,

429 479 882 538 commotionem
913 475 1172 542 claudit;
1206 477 1261 528 et
1289 473 1440 528 unde
1471 488 1638 527 mens
1663 473 1932 527 turbatur
1963 488 2032 528 ne
2053 473 2132 527 vi-
2241 473 2350 543 41),
2377 473 2511 543 quia
2544 471 3064 544 primogenitorum
3089 471 3481 530 benedictione
3504 477 3872 550 perdita,quam

430 571 584 637 deat,
614 569 746 624 inde
778 566 1004 639 proﬁcit
1035 573 1091 620 ut
1123 563 1196 618 ad
1226 562 1538 618 videndum
1572 561 1765 617 verius
1814 561 2129 618 clarescat:
2240 566 2431 617 tamen
2482 579 2582 618 esu
2636 559 2922 616 lenticulae
2972 561 3094 630 ipse
3139 561 3492 630 vendiderat,
3535 565 3786 623 minorem
3827 587 3872 626 se

427 659 583 715 sicut
613 657 928 714 inﬁrmanti
958 653 1122 711 oculo
1153 668 1282 708 cum
1317 649 1621 722 collyrium
1647 651 2001 719 immittitur,
2033 652 2132 706 lux
2239 651 2310 720 ei,
2355 653 2506 707 I79
2555 667 2729 722 quem
2779 649 3072 706 nascendo
3116 651 3369 721 praeibat,
3431 653 3715 724 ingemuit.
3759 657 3870 713 Hinc

429 745 662 816 penitus
693 748 976 817 negatur;
1011 742 1107 797 sed
1137 740 1271 796 inde
1312 755 1440 795 cam
1475 743 1605 810 post
1632 737 1931 809 paululum
1964 754 2130 794 vera-
2237 738 2446 810 Joseph
2484 741 2686 794 fratres
2715 739 2806 794 sui
2832 737 3141 793 Ismaelitis
3181 741 3609 797 transeuntibus
3653 745 3872 800 vendide-

423 837 565 891 citer
596 834 817 906 recipit,
845 834 995 888 unde
1023 831 1174 886 hanc
1197 830 1267 886 ad
1298 833 1532 900 tempus
1553 827 1866 884 salubriter
1895 829 2125 885 amittit.
2238 836 2373 883 runt
2402 831 2615 896 (Genes.
2662 844 2871 893 xxxvu,
2903 827 2993 894 27,
3037 828 3149 898 28),
3200 827 3338 898 quia
3362 829 3588 900 cognito
3632 832 3873 887 revelatio-

422 927 728 996 Nnnquam
769 939 899 979 vero
949 918 1326 976 commotioni
1376 916 1792 989 contemplatio
1838 918 2122 988 jungitur,
2237 917 2329 972 nis
2361 917 2654 990 mysterio,
2707 931 2779 972 ne
2825 933 2887 971 se
2932 915 3134 971 melior
3167 916 3349 982 ﬁeret,
3390 918 3514 986 ejus
3567 922 3873 990 provectihus

423 1029 528 1069 nec
557 1012 824 1085 praevalet
853 1027 1018 1067 mens
1069 1009 1400 1078 perturbata
1439 1006 1794 1078 conspicere,
1847 1008 1912 1061 ad
1972 1007 2124 1076 quod
2235 1008 2468 1065 obviare
2493 1007 2682 1064 conati
2714 1011 2872 1063 sunt.
2906 1007 3049 1062 Hinc
3074 1007 3212 1064 Saul
3243 1008 3417 1064 David
3451 1008 3877 1080 subditum,lan-

420 1103 516 1158 vix
547 1101 860 1174 tranquilla
891 1101 1039 1156 valet.
1089 1099 1334 1164 inhiare,
1385 1099 1523 1168 quia
1562 1112 1668 1152 nec
1723 1095 1866 1152 solis
1925 1096 2125 1152 radius
2235 1113 2393 1153 ceam
2456 1098 2862 1169 intorquendo,
2917 1097 3283 1168 persequitur
3327 1098 3380 1167 (Ι
3428 1101 3554 1168 Reg.
3603 1117 3742 1171 xvm,
3787 1103 3872 1171 tt),

421 1193 702 1259 cernitur,
731 1207 864 1246 cum
898 1193 1203 1246 commota-
1223 1188 1406 1243 nubes
1427 1185 1552 1241 caeli
1587 1185 1788 1241 faciem
1804 1184 2122 1254 obducunt,
2236 1185 2371 1259 quia
2401 1202 2574 1256 quem
2609 1185 2684 1255 (ὁ)
2713 1185 2940 1256 magnis
2971 1184 3224 1255 quotidie
3255 1186 3452 1256 augeri
3482 1186 3729 1243 virtutum
3771 1205 3876 1244 suc-

420 1296 525 1338 nec
558 1281 823 1336 turbatus
858 1279 986 1336 fons
1008 1277 1366 1350 respicientis
1390 1275 1707 1346 imaginem
1731 1273 2120 1345 reddit,quam
2234 1275 2496 1332 cassibus
2530 1275 2732 1341 sensit,
2767 1273 2919 1328 ultra
2939 1289 3001 1328 se
3029 1290 3355 1330 excrescere
3376 1276 3616 1347 expavit.
3649 1277 3874 1335 Parvulas

413 1371 774 1442 tranquillus
807 1369 1036 1441 pr0prie
1063 1367 1337 1434 ostendit,
1364 1366 1500 1436 quia
1531 1380 1642 1436 quo
1669 1365 1792 1432 ejus
1824 1363 1977 1418 unda
2001 1363 2122 1435 pal-
2232 1367 2430 1437 itaque
2453 1369 2540 1420 est
2569 1364 2666 1436 qui
2691 1363 2906 1419 invidia
2928 1364 3227 1430 occiditur,
3254 1364 3393 1434 quia
3415 1365 3526 1420 nisi
3549 1367 3663 1438 ipse
3686 1368 3875 1425 inferior

390 1463 584 1532 .pitat,
619 1480 685 1518 eo
717 1462 774 1517 in
809 1478 870 1516 se
891 1459 1146 1531 speciem
1178 1457 1582 1513 similitudinis
1611 1457 1900 1510 obscurat.
2233 1457 2522 1522 existeret,
2555 1457 2625 1509 de
2657 1455 2807 1509 bono
2840 1453 3082 1509 alterius
3114 1471 3229 1510 non
3259 1454 3496 1511 doleret.

483 1553 574 1610 83.
606 1552 916 1608 Cavendum
942 1567 1008 1604 ne
1049 1552 1131 1602 ira
1164 1550 1333 1601 menti
1361 1563 1428 1600 ea:
1459 1547 1570 1599 zelo
1619 1550 1895 1598 commotw
1945 1543 2120 1598 domi-
2303 1547 2450 1617 [Vat
2477 1546 2645 1599 XXXI
2661 1544 2747 1615 V.]
2773 1545 2858 1598 εὖ.
2892 1546 2954 1598 In
2989 1545 3202 1598 invidia
3228 1561 3453 1616 serpens
3477 1550 3718 1618 antiquus
3737 1555 3870 1603 totum

420 1640 841 1694 netur.-—Sed
865 1655 997 1694 cum
1031 1636 1591 1707 perzelumanimus
1624 1639 2125 1702 movetur,curan-
2229 1637 2380 1688 virus
2453 1649 2608 1687 suum
2673 1635 2918 1688 concutit
2983 1650 3046 1688 ac
3104 1636 3296 1688 vomit.
3365 1635 3551 1689 Invidi
3612 1636 3872 1706 descriptio.

418 1731 556 1784 dum
591 1744 962 1798 summopere
982 1731 1070 1782 est
1093 1742 1164 1781 ne
1187 1725 1304 1780 haec
1327 1725 1547 1789 eadem,
1580 1738 1704 1793 quae
1737 1721 2123 1778 instrumento
2155 1717 2201 1782 B
2235 1754 2300 1765 -ο
2331 1725 2438 1780 Sed
2490 1726 2644 1780 inter
2684 1724 2803 1779 haec
2861 1724 3163 1780 sciendum
3205 1730 3295 1782 est
3339 1727 3478 1798 quia
3533 1728 3772 1798 quamvis
3799 1743 3873 1797 per

410 1817 649 1873 virtutis
677 1815 1020 1882 assumitur,
1055 1814 1238 1869 menti
1288 1813 1372 1867 ira
1422 1811 1775 1880 dominetur,
1811 1825 1917 1866 nec
1950 1810 2116 1881 quasi
2227 1829 2398 1870 omne
2425 1814 2628 1868 vitium
2663 1814 2815 1884 quod
2841 1819 3223 1886 perpetretur.
3251 1814 3508 1873 humano
3526 1816 3869 1887 cordiantiqui

409 1905 648 1962 domina
680 1909 907 1976 praeut,
939 1905 1035 1958 sed
1069 1902 1225 1958 velut
1257 1901 1464 1956 ancilla
1515 1900 1586 1954 ad
1620 1899 1962 1970 obsequium
2015 1916 2116 1969 pa-
2227 1903 2411 1959 hostis
2445 1903 2600 1958 virus
2646 1903 2994 1969 infunditur,
3031 1904 3090 1958 in
3123 1904 3232 1960 hac
3267 1913 3461 1961 tamen
3495 1906 3746 1976 nequitia,
3779 1908 3871 1960 tota

407 2001 556 2062 rata,
587 2013 619 2050 a
650 1994 891 2050 rationis
922 1997 1083 2064 tergo
1116 2006 1414 2060 nunquam
1463 1989 1713 2044 recedat.
1760 1988 1919 2043 Tunc
1960 1989 2112 2042 enim
2225 2010 2333 2048 sua
2364 1993 2582 2049 viscera
2605 2009 2845 2065 serpens
2877 1993 3158 2059 concutit,
3191 1999 3248 2050 et
3270 1995 3663 2065 imprimendae
3685 1995 3870 2050 malitia

413 2084 718 2140 robustius
759 2089 960 2138 contra
988 2080 1126 2136 vitia
1158 2079 1426 2150 erigitur,
1459 2093 1592 2134 cum
1645 2076 1879 2132 subdita
1904 2075 2115 2130 rationi
2223 2087 2446 2153 pestem
2483 2082 2678 2138 vomit.
2714 2083 2792 2138 De
2823 2099 2925 2153 quo
2958 2083 3233 2139 nimirum
3257 2085 3539 2156 scriptum
3561 2084 3867 2141 estzlm'idia

409 2172 748 2228 famulatur.
766 2170 910 2226 Nam
935 2168 1365 2240 quantumlibet
1393 2168 1478 2222 ira
1509 2182 1576 2220 ex
1597 2165 1718 2222 zelo
1752 2164 2113 2220 rectitudinis
2224 2170 2435 2226 diaboli
2464 2188 2608 2226 mors
2639 2173 2865 2226 intravit
2899 2175 2955 2226 in
2994 2173 3175 2227 orbem
3219 2181 3500 2229 terrarum
3533 2175 3678 2246 (Sap.
3706 2191 3757 2238 It,
3781 2174 3864 2242 2i).

407 2266 630 2333 surgat,
664 2261 714 2316 si
744 2259 1130 2315 immoderata
1163 2259 1416 2312 mentem
1451 2253 1670 2322 vicerit,
1699 2251 1909 2310 rationi
1941 2269 2043 2324 pro

2225 2261 2367 2317 Nam
2400 2278 2532 2316 cum
2567 2262 2855 2317 devictum
2889 2279 2987 2317 cor
3037 2261 3233 2319 livoris
3283 2264 3530 2335 putredo
3586 2262 3866 2335 corruperit,

407 2367 519 2406 nus
551 2350 764 2406 servire
795 2347 1116 2405 contemnit
1139 2364 1152 2414 ;
1177 2350 1232 2402 et
1253 2350 1413 2400 tanto
1437 2361 1498 2400 se
1529 2343 1932 2415 impudentius
1965 2341 2114 2398 dila-
2223 2349 2350 2421 ipsa
2381 2366 2613 2421 quoque
2644 2351 2926 2406 exteriora
2955 2350 3238 2418 indicant,
3281 2369 3463 2423 quam
3517 2352 3743 2424 graviter
3782 2351 3872 2406 ani.

405 2445 506 2507 tat,
541 2447 759 2513 quanto
790 2438 1169 2509 impatientia:
1200 2436 1404 2492 vitium
1438 2434 1711 2491 virtutem
1753 2431 2113 2505 putat.Unde
2223 2454 2383 2494 mum
2419 2439 2652 2496 vesania
2683 2440 2946 2511 instigat.
2973 2439 3138 2496 Color
3161 2441 3378 2513 quippe
3411 2441 3622 2513 pallore
3648 2440 3870 2502 afﬁcitur,

405 2544 640 2588 necesse
667 2536 753 2586 est
783 2533 846 2583 ut
877 2527 986 2583 hoc
1018 2531 1150 2582 ante
1180 2524 1397 2593 omnia,
1433 2523 1531 2595 qui
1563 2521 1684 2578 zelo
1736 2521 2112 2578 rectitudinis
2222 2528 2372 2585 oculi
2395 2527 2828 2599 deprimuntur,
2862 2545 3028 2584 mens
3061 2529 3425 2597 accenditur,
3461 2535 3517 2586 et
3546 2529 3778 2585 membra
3802 2527 3872 2582 (τί.

417 2623 706 2687 movetur,
738 2619 1020 2682 δῐιθηάεὶῑν
1053 2633 1126 2672 ne
1172 2616 1254 2671 ira
1304 2619 1464 2670 θΧῐτα
1518 2612 1730 2669 ωεῐιίίε
1781 2611 2111 2668 dominium
2221 2623 2490 2690 gescunt.
2524 2619 2589 2674 ﬁt
2621 2619 2678 2674 in
2713 2619 3063 2690 cogitatione
3085 2619 3378 2686 rabies,in
3403 2620 3664 2676 dentibus
3691 2618 3874 2674 stridor:

405 2714 686 2778 transeat,
719 2708 814 2763 sed
852 2707 908 2762 in
945 2706 1161 2762 ultione
1200 2705 1417 2775 peccati
1469 2707 1700 2775 tempus
1750 2702 2046 2772 modumqi

2232 2721 2476 2780 cumque
2492 2706 2548 2761 in
2566 2706 2803 2762 latebris
2816 2707 3006 2763 cordis
3028 2723 3296 2764 crescens
3312 2708 3683 2765 absconditur
3701 2706 3873 2772 odium,

401 2800 805 2864 considerans,
837 2801 1176 2868 surgentem
1210 2794 1393 2850 animi
1438 2793 1937 2864 perturbationem
1970 2792 2109 2847 sub-
2222 2795 2420 2852 dolore
2451 2797 2687 2866 caaco(c)
2722 2797 2973 2852 terebrat
3022 2797 3441 2853 conscientiam
3493 2796 3690 2853 vulnus
3729 2795 3876 2851 inclu-

397 2889 666 2961 cilius(a)
686 2886 1054 2942 retractando
1087 2885 1420 2955 restringat,
1462 2882 1892 2938 animositatem
1927 2880 2112 2952 repri-
2226 2902 2381 2942 sum.
2413 2884 2502 2942 Nil
2537 2883 2731 2940 laetum
2766 2885 2835 2939 de
2868 2885 3120 2957 propriis
3152 2885 3315 2953 libet,
3369 2887 3506 2958 quia
3546 2887 3874 2961 tabescentem

402 2958 620 3046 mat,et
648 2958 844 3032 motus
874 2975 1126 3030 fervidos
1149 2973 1257 3028 sub
1289 2972 1562 3043 aequitate
1594 2972 1902 3042 disponat;
1950 2975 2014 3025 ut
2042 2986 2108 3026 eo
2224 2980 2479 3032 mentem
2515 2991 2621 3031 sua
2673 2992 2839 3047 poena
2885 2977 3128 3043 sauciat,
3184 2993 3366 3050 quam
3421 2976 3652 3032 felicitas
3697 2958 3876 3044 torquet

397 3067 499 3126 ﬁat
535 3065 754 3138 justior
801 3063 951 3119 ultor
1001 3063 1251 3128 alienus,
1302 3078 1413 3130 quo
1464 3061 1624 3134 prius
1659 3060 1882 3116 exstitit
1922 3061 2107 3116 victor
2135 3062 2183 3135 α
2224 3065 2459 3133 aliena;
2494 3073 2830 3137 quantoque
2861 3066 3115 3122 extranei
3164 3067 3360 3138 operis
3393 3067 3450 3122 in
3489 3067 3660 3123 altum
3703 3063 3874 3121 fabrica

393 3172 568 3223 suus,
592 3158 880 3226 quatenus
911 3152 994 3207 sic
1026 3151 1222 3222 culpas
1243 3149 1710 3221 delinquentium
1741 3150 2018 3222 corrigat,
2054 3154 2116 3206 ut
2223 3155 2480 3221 ducitur,
2504 3160 2664 3211 tanto
2690 3155 3132 3212 fundamentum
3151 3158 3368 3214 mentis
3391 3152 3871 3229 lividzeprofundius

402 3244 684 3316 anteipse
714 3243 812 3313 qui
845 3241 1097 3312 corrigit,
1132 3257 1234 3312 per
1267 3240 1609 3311 patientiam
1643 3245 1889 3308 crescat,
1913 3245 1970 3294 et
2001 3241 2116 3295 fer-
2221 3245 2560 3310 suffoditur;
2595 3253 2654 3301 ut
2686 3262 2800 3317 quo
2829 3247 2926 3301 alii
2961 3247 3030 3301 ad
3067 3245 3306 3303 meliora
3344 3250 3666 3320 properant,
3697 3261 3751 3300 eo
3777 3243 3871 3313 ipse

410 3349 610 3390 vorem
642 3348 816 3389 suum
849 3331 1316 3387 transcendendo
1365 3329 1663 3398 dijudicet,
1711 3344 1782 3384 ne
1832 3330 2118 3401 intempe-
2222 3336 2568 3408 (d)deterius
2598 3341 2759 3403 ruat;
2793 3353 2907 3409 qua
2940 3339 3107 3394 ruina
3138 3337 3415 3396 videlicet
3459 3341 3626 3395 etiam
3656 3335 3772 3392 illud
3799 3334 3870 3388 de-

410 3432 607 3480 ranter
636 3424 916 3478 excitatus
949 3422 1070 3493 ipso
1092 3420 1213 3477 zelo
1258 3419 1642 3485 rectitudinis,
1676 3419 1847 3492 longe
1877 3437 1910 3476 a
1944 3422 2117 3477 recti-
2221 3426 2490 3495 struitur,
2522 3427 2674 3498 quod
2709 3427 2767 3482 in
2799 3427 2931 3483 aliis
2975 3429 3206 3484 actibus
3237 3430 3496 3499 perfecto
3525 3443 3682 3500 opere
3716 3438 3874 3482 surre-

409 3514 612 3569 tudine
644 3512 888 3568 aberret.
915 3511 1060 3576 Quia
1089 3527 1244 3580 vero,
1280 3510 1428 3565 sicut
1460 3509 1738 3577 diximus,
1770 3509 1947 3566 etiam
1989 3511 2116 3566 lau-
2218 3515 2720 3588 xisseputabatur.
2742 3516 3122 3572 Naminvidia
3144 3533 3275 3573 cum
3292 3524 3550 3575 mentem
3575 3514 3872 3583 tabefacerit,

408 3601 604 3659 danda
637 3602 775 3658 boni
809 3601 1102 3657 mmulatio
1137 3600 1349 3656 mentis
1401 3599 1637 3655 oculum
1690 3599 1910 3667 turbat,
1961 3604 2115 3658 recte
2221 3609 2426 3661 cuncta
2458 3621 2582 3676 qua:
2615 3605 2893 3661 invenerit
2916 3607 3063 3662 bene
3084 3610 3246 3677 gesta
3268 3607 3584 3664 consumit.
3604 3605 3742 3662 Unde
3761 3603 3872 3658 bene

407 3709 565 3752 nunc
596 3691 849 3748 dicitur:
881 3693 1070 3745 Virum
1096 3691 1324 3744 stultum
1374 3692 1633 3758 interﬁcit
1666 3690 1984 3745 iracundia.
2036 3695 2112 3745 Ac
2219 3709 2322 3764 per
2357 3693 2726 3749 Salomonem
2779 3694 3026 3749 dicitur:
3067 3696 3195 3750 Vita
3225 3700 3506 3764 car-nium,
3550 3697 3738 3752 sanitas
3775 3707 3868 3745 cor-

405 3782 456 3838 si
489 3785 684 3854 aperte
714 3780 1041 3836 diceretur:
1079 3780 1167 3834 Ira
1199 3795 1300 3850 per
1329 3778 1520 3833 zelum
1556 3779 1849 3850 sapientes
1890 3778 2110 3848 turbat,
2217 3782 2344 3846 dis;
2388 3783 2632 3852 putredo
2688 3785 2886 3838 ossium
2944 3784 3160 3838 invidia
3208 3785 3404 3855 (Prov.
3454 3803 3563 3851 xiv,
3610 3785 3712 3854 30).
3754 3779 3866 3846 Quid

403 3874 491 3929 ira
519 3887 654 3927 vero
687 3886 788 3943 per
817 3870 1023 3925 vitium
1065 3868 1273 3924 stultos
1301 3868 1574 3934 trucidat,
1604 3867 1732 3938 quia
1755 3867 1852 3922 illa
1884 3868 1992 3922 sub
2023 3883 2113 3922 ra-
2216 3871 2368 3925 enim
2403 3885 2500 3941 per
2531 3886 2756 3940 carnes,
2790 3871 2902 3926 nisi
2927 3871 3160 3927 inﬁrma
3194 3875 3468 3943 quaedam
3496 3890 3559 3930 ac
3599 3877 3800 3934 tenera;
3825 3869 3868 3921 et

403 3961 561 4018 tione
593 3959 984 4031 restringitur,
1017 3957 1138 4013 haec
1169 3973 1302 4014 vero
1351 3957 1828 4014 irrationabiliter
1875 3957 2111 4013 devictis
2217 3959 2353 4031 quid
2389 3977 2492 4031 per
2518 3977 2673 4029 ossa,
2698 3961 2811 4016 nisi
2844 3962 3009 4018 fortia
3042 3964 3547 4033 actasignantur?
3571 3963 3632 4018 Et
3661 3959 3867 4033 plerum-

404 4051 582 4109 menti
615 4051 973 4110 dominatur.
1003 4049 1152 4104 Bene
1184 4052 1378 4104 autem
1413 4049 1721 4103 subditur:
2217 4065 2328 4121 que
2359 4051 2645 4122 contingit
2677 4055 2739 4106 ut
2769 4051 3008 4121 quidam
3031 4067 3162 4107 cum
3187 4068 3322 4108 vera
3376 4052 3565 4109 cordis
3587 4045 3864 4108 innocentia

818 4138 1054 4198 CAPUT
1093 4137 1272 4193 XLVI
1315 4136 1460 4209 [Rec.
1492 4136 1697 4208 XXXI].
2213 4138 2272 4194 in
2307 4140 2604 4196 nonnullis
2627 4140 2748 4196 suis
2780 4141 3007 4196 actibus
3051 4140 3269 4196 inﬁrmi
3305 4141 3643 4210 videantur;
3673 4137 3862 4211 quidam

475 4235 618 4290 lBID.
651 4264 717 4272 —
749 4233 818 4286 Et
839 4230 1138 4300 parvulum
1161 4229 1362 4284 occidit
1392 4229 1624 4282 invidia.
2211 4243 2346 4284 vero
2387 4229 2510 4300 jam
2575 4229 2842 4302 quaedam
2894 4235 3027 4286 ante
3089 4230 3378 4288 humanos
3434 4231 3625 4288 oculos
3671 4227 3865 4283 robusta

471 4323 560 4374 84.
601 4322 829 4376 Invidus
860 4337 918 4375 eo
957 4323 1049 4374 cui
1079 4321 1306 4387 invidet,
1337 4335 1390 4374 se
1444 4321 1708 4373 minorem
1750 4324 2004 4374 testatur.
2037 4349 2106 4360 —
2211 4323 2530 4387 exerceant,
2564 4320 2664 4373 sed
2690 4323 2882 4374 tamen
2914 4335 3046 4391 erga
3077 4319 3328 4375 aliorum
3364 4322 3536 4388 bona,
3572 4318 3707 4374 180
3735 4315 3859 4369 intus

401 4410 665 4465 Invidere
694 4409 849 4465 enim
883 4426 994 4465 non
1039 4426 1371 4481 possumus,
1406 4409 1520 4464 nisi
1551 4409 1631 4464 eis
1661 4425 1807 4480 quos
1842 4408 2007 4466 nobis
2045 4410 2101 4465 in
2132 4405 2183 4472 D
2214 4407 2442 4462 invidiae
2498 4407 2825 4478 pestilentia
2886 4408 3206 4465 tabescant.
3271 4411 3423 4466 Bene
3492 4425 3622 4480 ergo
3663 4405 3862 4461 dicitur:

398 4500 596 4570 aliquo
628 4497 897 4554 meliores
945 4503 1244 4569 putamus.
1298 4499 1575 4554 Parvulus
1622 4515 1755 4569 ergo
1787 4503 1875 4554 est
1906 4499 2006 4571 qui
2039 4500 2105 4555 li-
2223 4499 2350 4553 Vita
2379 4500 2651 4564 carnium,
2673 4500 2884 4553 sanitas
2917 4498 3120 4565 cordis,
3155 4499 3292 4569 quia
3315 4498 3364 4553 si
3397 4499 3607 4554 mentis
3636 4497 3864 4551 innocen—

399 4606 536 4646 vore
568 4588 870 4655 occiditur,
903 4588 1038 4660 quia
1067 4588 1191 4659 ipse
1224 4589 1336 4644 sibi
1368 4590 1767 4646 testimonium
1813 4589 2100 4660 perhibet,
2214 4585 2298 4642 tia
2323 4587 2668 4656 custoditur,
2699 4587 2876 4642 etiam
2909 4589 2958 4642 si
2989 4604 3106 4659 qua
3130 4589 3266 4644 foris
3297 4587 3534 4643 infirma
3555 4590 3700 4651 sunt,
3723 4595 3865 4653 quan-

399 4680 548 4752 quod
592 4678 643 4735 ei
688 4677 880 4734 minor
908 4677 982 4733 sit
1029 4677 1196 4748 cujus
1232 4677 1451 4733 invidia
1489 4683 1806 4750 torquetur.
1842 4679 1982 4734 Hinc
2015 4682 2105 4735 est
2213 4675 2403 4746 doque
2435 4675 2801 4732 roborantur.
2827 4677 2896 4731 Et
2927 4685 3075 4732 recte
3106 4678 3413 4733 subditur:
3447 4676 3673 4732 Putredo
3699 4672 3860 4727 ossium

397 4769 548 4841 quod
576 4767 764 4824 hostis
804 4767 1053 4824 callidus
1084 4767 1270 4837 primo
1299 4767 1520 4824 homini
1552 4768 1862 4823 invidendo
1905 4767 2102 4824 subri-
2212 4765 2445 4832 invidia,
2481 4765 2618 4836 quia
2668 4782 2768 4835 per
2817 4766 3013 4822 livoris
3075 4766 3299 4835 vitium,
3361 4771 3495 4823 ante
3550 4765 3644 4821 Dei
3696 4759 3858 4818 oculos

391 4860 542 4932 puit,
575 4859 714 4932 quia
744 4858 964 4915 amissa
996 4856 1376 4922 beatitudine.
1401 4857 1684 4913 minorem
1709 4873 1768 4913 se
1797 4856 2099 4914 immorta-
2208 4859 2455 4927 pereunt
2484 4856 2658 4910 etiam
2685 4856 2854 4912 fortia
2885 4860 3012 4912 acta
3043 4856 3346 4912 virtutum.
3381 4857 3519 4912 Ossa
3559 4855 3752 4927 quippe
3780 4863 3860 4920 per

393 4949 539 5016 litati
571 4949 730 5006 illius
761 4948 1169 5022 agnovit.Hinc
1201 4951 1290 5003 est
1314 4947 1468 5020 quod
1503 4947 1641 5003 Cain
1671 4949 1738 5003 ad
1766 4951 2102 5019 perpetran-
2209 4943 2488 4998 invidiam
2523 4948 2870 5015 putrescere,
2906 4949 2991 5001 est
3020 4946 3289 5016 quaedam
3321 4947 3496 5002 etiam
3528 4945 3744 5001 robusta
3779 4937 3860 4992 de-

394 5039 528 5095 dum
563 5038 944 5097 fratricidium
996 5036 1215 5094 corruit
1259 5037 1760 5108 (Genes.1v,5-7);
1812 5037 1950 5107 quia
1994 5038 2098 5092 de-
2208 5033 2415 5107 perire.

393 5133 591 5198 specto
623 5146 728 5185 suo
759 5128 1063 5195 sacriﬁcio,
1099 5127 1402 5199 prmlatum
1429 5125 1538 5182 sibi
1571 5127 1892 5194 infremuit,
1927 5127 2098 5196 cujus
2279 5127 2367 5180 86.
2411 5125 2638 5180 Invidiae
2668 5127 2979 5181 imminutio
3025 5134 3077 5180 et
3107 5143 3272 5195 mors,
3304 5127 3586 5182 inchoatus
3627 5129 3715 5178 aut
3751 5131 3858 5189 per-

394 5216 544 5272 Deus
580 5219 825 5275 hostiam
856 5219 1107 5291 accepit:
1142 5222 1198 5276 et
1229 5234 1400 5292 quem
1434 5216 1731 5274 meliorem
1765 5233 1823 5272 se
1845 5233 1972 5272 esse
1995 5231 2096 5271 ex-
2204 5216 2381 5282 fectus
2408 5232 2561 5270 amor
2600 5215 2954 5271 aiternitatis.
3002 5248 3070 5260 —
3114 5217 3222 5273 Sed
3269 5235 3373 5272 cur
3421 5217 3538 5271 haec
3577 5215 3640 5269 de
3679 5204 3859 5266 invidia

396 5303 640 5369 horruit,
673 5324 744 5362 ne
774 5312 1070 5380 utcunque
1101 5316 1270 5377 esset,
1302 5307 1642 5380 amputavit.
1678 5305 1820 5361 Hinc
1851 5305 2000 5362 Esau
2024 5306 2096 5361 ad
2207 5304 2480 5374 dicimus,
2515 5306 2562 5361 si
2596 5323 2708 5362 non
2750 5307 2924 5363 etiam
2957 5307 3202 5378 qualiter
3244 5312 3480 5364 eruatur
3519 5292 3859 5361 intimemus?

464 5514 542 5583 (a)
577 5512 716 5586 Mss.
750 5511 971 5586 lfiorm.,
1006 5512 1192 5586 Colb.,
1223 5515 1416 5570 Germ.
1450 5518 1505 5568 et
1536 5514 1652 5586 alii,
1688 5512 1946 5570 subtilius
1971 5531 2094 5585 per-
2205 5511 2574 5586 plerique._ln
2609 5511 2793 5586 Editis
2817 5513 2946 5586 Cpc.
2981 5515 3036 5567 et
3059 5527 3205 5584 seq.,
3237 5513 3425 5568 dolore
3452 5526 3593 5586 remeo
3623 5502 3850 5586 tenebrat:

396 5573 731 5658 tractando;
763 5573 1084 5658 lectioqute
1117 5573 1356 5648 obtinet,
1388 5591 1472 5640 est
1493 5573 1914 5658 antiquiorum.
1971 5573 1988 5585 ”
2275 5581 2353 5658 (d)
2372 5573 2463 5638 Sic
2493 5583 2804 5658 legendum
2837 5585 3048 5640 docent
3077 5573 3462 5658 etiamgnostri
3488 5583 3782 5658 Mss.,_non,
3805 5573 3852 5658 tl}

453 5635 1368 5732 '(tiﬁsél'véof,q_zg'a‘_queiriin?i§;'i§
1393 5635 1914 5732 ξιὶοῖᾇίξὲξρῐὸῗπ
2204 5635 2457 5732 habetur
2496 5635 2804 5732 inEditis;
2840 5635 2903 5709 ἑὸ
2921 5635 3048 5726 ἐξ)ἓὸ
3083 5635 3565 5714 ’ᾱὲῐῖὖίιῖἐῆὶαήἱζ
3586 5635 3694 5718 ἠὲι,
3725 5635 3850 5702 utin

464 5724 533 5806 (ο)
564 5732 651 5794 ita
683 5727 822 5785 Mss.
872 5724 1130 5794 Vindoc.,
1173 5724 1474 5793 Nomm,
1517 5726 1641 5782 Val.
1671 5729 1774 5798 CL,
1802 5733 1994 5787 Germ.
2037 5735 2093 5786 et
2201 5725 2650 5798 antiquioribus,
2681 5743 2743 5782 eo
2773 5728 2895 5798 ipsa
2922 5724 3027 5783 res.
