4134 6174
235 277 358 338 729

1180 280 1587 349 MORALIUM
1634 287 1791 352 LIB.
1841 288 1943 354 VI.
1992 327 2069 338 -
2114 295 2189 355 IN
2236 292 2409 355 CAP.
2456 291 2504 355 V
2548 293 2619 351 B.
2667 289 2828 352 JOB.

3628 282 3746 346 730

217 409 472 467 Difficile
495 426 744 483 namque
764 414 853 468 est
884 416 948 468 ut
978 412 1087 469 hoc
1113 412 1277 470 alteri
1310 433 1426 474 non
1458 418 1734 490 invideat,
1778 427 1933 497 quod
1968 429 2020 495 Α
2051 443 2209 484 mero
2224 426 2672 499 partitur,tanto
2688 421 2879 494 magis
2896 419 3227 492 proximum
3258 416 3469 489 diligit,
3521 420 3741 489 quanto

210 501 463 572 adipisci
496 501 645 557 alter
673 506 941 572 exoptat;
974 503 1106 572 quia
1138 503 1421 577 quidquid
1454 512 1769 582 temporale
1800 532 1933 586 per-

213 591 453 663 cipitur,
485 596 647 647 tanto
673 592 736 646 fit
767 592 964 647 minus
990 594 1259 664 singulis,
1292 603 1511 667 quanto
1555 601 1837 659 dividitur
1868 606 1927 663 in

217 680 463 750 multis;
494 685 551 738 et
580 680 799 736 idcirco
829 681 1214 739 desiderantis
1243 692 1501 743 mentem
1537 689 1685 746 livor
1729 709 1931 750 excru-

210 769 350 835 ciat,
384 770 525 841 quia
555 768 667 827 hoc
695 771 850 841 quod
884 771 1124 842 appetit,
1158 778 1259 828 aut
1289 774 1555 833 funditus
1600 779 1747 836 alter
1775 783 1928 839 acci-

208 861 382 933 piens
412 861 645 929 adimit,
678 864 780 916 aut
810 878 843 917 a
874 862 1200 933 quantitate
1257 866 1577 940 restringit.
1634 872 1742 938 Qui
1791 890 1926 945 ergo

204 949 413 1007 livoris
444 955 605 1022 peste
636 951 805 1022 plene
834 966 1029 1009 carere
1061 954 1379 1025 desiderat,
1418 957 1582 1015 illam
1615 960 1925 1021 heredita-

204 1044 323 1098 tem
356 1040 585 1113 diligat,
616 1056 791 1112 quam
813 1040 1183 1099 cohaeredum
1227 1061 1503 1105 numerus
1549 1068 1663 1107 non
1702 1071 1924 1126 angus-

206 1135 322 1187 stat
354 1149 369 1199 ;
405 1146 530 1203 quis
560 1136 619 1188 et
648 1132 926 1189 omnibus
948 1149 1067 1189 una
1108 1139 1213 1201 est,
1248 1140 1303 1192 et
1324 1137 1575 1209 singulis
1604 1145 1761 1213 tota;
1796 1160 1923 1215 quin

209 1227 371 1278 tanto
402 1221 618 1294 largior
649 1223 998 1288 ostenditur,
1028 1229 1248 1295 quanto
1288 1227 1359 1282 ad
1394 1227 1546 1284 hanc
1595 1233 1926 1304 percipien-

211 1313 360 1369 tium
396 1312 710 1368 multitudo
741 1312 1039 1369 dilatatur.
1073 1316 1407 1373 Imminutio
1438 1335 1575 1391 ergo
1606 1320 1805 1379 livoris
1835 1329 1925 1380 est

210 1404 457 1459 allectus
482 1418 730 1475 surgens
762 1403 998 1459 interna:
1020 1402 1341 1462 dulcedinis
1373 1413 1429 1463 et
1448 1408 1618 1479 plena
1655 1428 1812 1469 mors
1833 1418 1923 1470 est

207 1493 359 1562 ejus,
393 1493 684 1564 perfectus
715 1508 878 1549 amor
907 1495 1266 1551 aeternitatis.
1301 1497 1446 1554 Nam
1483 1515 1614 1555 cum
1651 1517 1817 1559 mens
1848 1504 1919 1559 ab

208 1582 343 1652 ejus
384 1584 468 1639 rei
499 1582 759 1655 appetitu
803 1582 1136 1652 retrahitur,
1185 1603 1313 1657 quae
1358 1588 1767 1661 accipientium
1809 1610 1918 1649 nu-

2044 517 2243 573 minus
2265 533 2333 573 ex
2366 519 2639 588 provectu
2671 512 2829 567 illius
2861 527 2963 566 sua
2980 509 3197 565 damna
3219 508 3739 579 pertimescit.Qua3

2035 606 2080 661 si
2115 608 2361 679 perfecte
2390 607 2449 661 in
2493 620 2689 660 amore
2746 602 2993 657 caelestis
3043 599 3236 670 patriis
3287 597 3531 669 rapitur,
3572 596 3739 667 plene

2032 695 2208 750 etiam
2242 696 2298 751 in
2334 693 2580 766 proximi
2613 691 2918 746 dilectione
2950 689 3075 744 sine
3109 687 3267 743 omni
3292 686 3509 741 invidia
3531 686 3744 741 solida-

2035 789 2167 854 tur;
2200 784 2335 855 quia
2365 799 2496 839 cum
2529 780 2689 837 nulla
2710 787 2936 835 terrena
2958 778 3269 839 desiderat,
3307 776 3448 831 nihil
3473 780 3562 831 est
3584 773 3741 846 quod

2032 873 2161 942 ejus
2191 890 2328 946 erga
2361 873 2684 944 proximum
2717 868 2982 925 charitati
3014 866 3385 923 contradicat.
3411 867 3543 930 Quae
3566 866 3740 921 nimi-

2035 979 2163 1019 rum
2196 963 2447 1019 cbaritas
2472 961 2611 1032 quid
2635 963 2724 1015 est
2744 958 2901 1014 aliud
2926 973 3099 1027 quam
3119 955 3323 1011 oculus
3358 956 3607 1023 mentis;
3635 952 3738 1026 qui

2035 1056 2081 1110 si
2119 1054 2325 1110 terreni
2366 1052 2582 1108 amoris
2614 1054 2849 1122 pulvere
2887 1048 3164 1118 tangitur,
3201 1047 3270 1101 ab
3320 1046 3559 1100 internae
3591 1043 3740 1101 lucis

2033 1161 2168 1201 mox
2196 1142 2411 1200 intuitu
2443 1141 2614 1196 laesus
2642 1136 3086 1195 reverberatur?
3118 1136 3262 1200 Quia
3301 1140 3497 1191 autem
3528 1150 3741 1205 parvu-

2033 1238 2126 1292 lus
2156 1243 2241 1291 est
2272 1235 2371 1305 qui
2402 1238 2633 1288 terrena
2663 1230 2873 1301 diligit,
2908 1245 3160 1300 magnus
3190 1227 3290 1299 qui
3337 1231 3548 1282 aterna
3598 1240 3732 1281 con<

2032 1326 2297 1398 cupiscit,
2324 1328 2509 1395 potest
2557 1322 2728 1377 etiam
2776 1320 2859 1375 sic
2909 1337 3023 1374 non
3064 1317 3538 1374 inconvenienter
3567 1314 3737 1371 intel-

2030 1416 2132 1488 ligi
2167 1434 2180 1471 :
2214 1415 2516 1470 Parvulum
2538 1413 2733 1467 occidit
2765 1409 2996 1475 invidia,
3031 1409 3303 1480 quoniam
3349 1408 3528 1477 hujus
3560 1404 3736 1476 pestis

2029 1506 2307 1577 languore
2338 1521 2453 1560 non
2487 1503 2748 1571 moritur,
2782 1501 2896 1557 nisi
2942 1499 3042 1571 qui
3082 1498 3274 1555 adhuc
3318 1497 3375 1552 in
3431 1496 3736 1554 desideriis

2027 1595 2329 1651 infirmatu
2340 1612 2385 1651 r.

213 1723 3729 1756 ———____———_—E_—_——————_

1557 1855 1826 1989 10ers
1904 1856 2388 1983 suum,

1387 2043 1661 2107 LIBROS
1705 2047 2051 2122 QUINQUE
2092 2051 2555 2113 CONTINENS.

1754 2215 2175 2231 ψ

1531 2321 1859 2409 LIBER
1924 2325 2403 2414 SEXTUS.

335 2462 543 2522 Totum
602 2472 781 2544 caput
834 2464 1130 2545 quintum,
1191 2485 1229 2528 a
1286 2487 1453 2531 versu
1511 2474 1695 2533 tertio
1751 2492 1940 2549 orsus,

2000 2476 2272 2556 spiritali
2328 2477 2657 2553 intellectu,
2714 2498 2910 2560 pauca
2963 2478 3201 2560 quidem
3258 2477 3601 2558 allegorica,

1439 2574 1716 2658 pleraque
1743 2588 1939 2641 autem
1968 2582 2190 2644 morali
2206 2585 2477 2664 exponit.

1742 2734 2151 2751 ὴ

751 2827 983 2883 CAPUT
1013 2826 1325 2885 PRIMUM.

256 2910 405 2967 181
468 2912 567 2967 Job
607 2914 879 2971 Christum
916 2923 969 2973 et
1029 2918 1347 2985 Ecclesium,
1391 2920 1511 2989 ejus
1562 2925 1752 2979 amicis
1790 2924 1898 2981 hae-

178 3004 377 3058 reticos
402 3006 759 3073 praesignari.
784 3038 852 3046 —
882 3006 1178 3064 Servatate
1197 3009 1457 3067 historia:
1477 3014 1719 3069 veritate
1739 3014 1894 3071 beati

177 3090 287 3147 Job
319 3094 496 3163 dicta,
546 3095 980 3169 amicorumque
1022 3098 1178 3155 illius
1207 3101 1451 3174 mystica
1502 3104 1773 3174 praposui
1804 3106 1893 3161 in-

180 3183 600 3252 terpretatione
630 3185 924 3243 discutere
952 3204 966 3255 ;
997 3190 1136 3259 quia
1158 3190 1385 3246 cunctis
1419 3208 1554 3247 vera
1574 3193 1893 3251 scientibus

175 3270 365 3342 liquet
395 3274 549 3344 quod
572 3274 999 3345 redemptorem
1033 3279 1236 3334 mundi
1266 3280 1398 3335 totis
1429 3281 1553 3337 suis
1592 3282 1889 3355 allegatio-

171 3360 352 3417 nibus
383 3368 549 3418 curat
577 3368 782 3420 sancta
810 3365 1098 3437 scriptura
1120 3368 1476 3439 promittere,
1509 3385 1763 3444 eumque
1794 3390 1893 3445 per

172 3448 393 3508 electos
412 3468 641 3522 omnes,
658 3454 738 3526 (a)
758 3459 825 3510 ut
847 3471 951 3527 per
970 3456 1099 3526 ejus
1122 3456 1344 3514 scilicet
1371 3460 1653 3528 membra,
1670 3463 1893 3519 studuit

175 3541 429 3612 signare.
472 3539 635 3597 Unde
692 3546 748 3597 et
804 3542 960 3599 idem
1018 3544 1223 3602 beatus
1278 3547 1387 3602 Job
1436 3547 1618 3605 latino
1662 3549 1892 3622 eloquio

175 3630 385 3686 dolens
443 3631 680 3699 dicitur,
732 3636 797 3688 ut
845 3650 945 3704 per
987 3634 1116 3706 ejus
1164 3640 1221 3692 et
1265 3653 1475 3694 nomen
1523 3642 1581 3694 et
1628 3639 1891 3709 vulnera,

178 3718 588 3790 Redemptoris
637 3721 821 3777 nostri
872 3724 1067 3794 passio
1106 3725 1468 3797 designetur,
1508 3728 1581 3783 de
1611 3744 1723 3798 quo
1754 3747 1891 3801 pro-

170 3810 354 3881 pheta
384 3808 497 3864 ait:
531 3812 665 3865 Vere
696 3812 989 3880 languores
1032 3820 1246 3869 nostros
1273 3817 1389 3885 ipse
1418 3816 1567 3883 tulit,
1599 3822 1651 3871 et
1674 3817 1891 3876 dolores

169 3905 366 3953 nostra
426 3897 547 3969 ipse
595 3903 847 3970 portavit
905 3901 1061 3971 (Isai.
1125 3919 1241 3969 Lm,
1304 3904 1381 3975 4).
1442 3904 1546 3960 Cui
1616 3911 1888 3980 tentatur,

168 3987 391 4044 ablatis
421 3989 715 4057 omnibus,
742 3995 800 4046 et
830 4006 1026 4047 servos
1054 3998 1111 4047 et
1140 3992 1291 4049 ﬁlios
1323 3993 1569 4064 occidit;
1604 3997 1739 4068 quia
1772 4015 1889 4056 non

167 4078 365 4134 solum
397 4076 708 4135 Judaicum
742 4079 1023 4151 populum
1054 4096 1121 4137 ex
1144 4083 1355 4139 timore
1386 4084 1753 4159 servientem,
1786 4090 1885 4145 sed

1929 2838 1977 2905 B
2012 2837 2326 2895 Ecclesiam
2357 2839 2697 2896 incorrectis
2729 2839 2991 2895 moribus
3041 2838 3232 2910 positi,
3267 2853 3381 2909 quo
3412 2852 3514 2909 per
3536 2835 3709 2891 fidem

2004 2927 2355 2999 bonisjuxta
2384 2934 2541 2999 sunt,
2574 2946 2640 2985 eo
2674 2945 2775 3000 per
2802 2930 2979 2984 vitam
3014 2929 3220 2984 durius
3252 2934 3544 2999 premunt.
3567 2922 3712 2992 Quia

2005 3018 2162 3074 enim
2195 3019 2364 3090 quasi
2396 3018 2599 3076 ﬁdeles
2628 3020 2797 3076 vitari
2829 3027 3144 3091 nequeunt,
3178 3036 3210 3075 a
3245 3017 3516 3075 ﬁdelibus
3547 3018 3708 3070 tanto

2004 3107 2279 3179 deterius,
2321 3116 2539 3181 quanto
2588 3115 2645 3166 et
2690 3111 2936 3167 interius
2972 3110 3315 3165 tolerantur.
3361 3106 3536 3163 Amici
3574 3119 3707 3161 vero

2003 3196 2184 3265 illius,
2209 3198 2310 3270 qui
2329 3200 2497 3271 quasi
2520 3200 2590 3255 ad
2609 3198 3031 3255 consolandum
3052 3197 3424 3263 veniunt,sed
3446 3195 3520 3252 ad
3533 3194 3705 3251 verba

2001 3302 2219 3359 asperas
2246 3287 2592 3345 invectionis
2637 3290 2945 3358 excedunt,
2996 3287 3403 3345 haereticorum
3449 3285 3704 3357 speciem

2002 3382 2227 3444 tenent,
2260 3380 2357 3450 qui
2383 3395 2518 3436 cum
2536 3384 2741 3435 contra
2770 3380 2956 3436 bonos
2988 3378 3171 3435 Deum
3193 3377 3500 3435 defendere
3520 3374 3707 3430 nitun-

2002 3472 2119 3536 tur,
2153 3468 2477 3525 offendunt.

2069 3561 2124 3613 2.
2174 3559 2467 3629 Spiritales
2512 3573 2699 3613 sensus
2749 3573 2883 3627 quos
2937 3557 3050 3612 edit
3075 3557 3391 3625 Gregorius,
3428 3552 3711 3624 prodeunt

1998 3665 2068 3705 ea:
2113 3648 2357 3702 historiae
2405 3646 2611 3702 radice.
2659 3648 2979 3702 Amicorum
3024 3646 3125 3700 Job
3167 3646 3315 3701 dicta
3360 3658 3709 3714 nequaquam

1992 3754 2097 3815 per
2124 3739 2310 3793 omnia
2336 3737 2707 3807 reprobanda.
2742 3766 2809 3778 -ο
2840 3736 2969 3792 Haec
3000 3736 3199 3806 itaque
3233 3734 3511 3804 superius
3533 3732 3706 3788 latius

1998 3828 2173 3895 dicta,
2210 3843 2366 3882 nunc
2398 3827 2644 3883 breviter
2672 3826 2870 3882 studui
2904 3842 2972 3880 ex
3014 3823 3257 3895 mystica
3305 3822 3705 3893 designatione

1997 3920 2356 3990 succingere,
2392 3922 2456 3973 ut
2486 3916 2664 3973 lector
2702 3932 2867 3972 meus
2915 3932 2983 3972 ex
3034 3915 3158 3983 ipsa
3188 3914 3297 3969 hac
3326 3912 3704 3983 replicatione

1996 4007 2328 4065 meminerit
2355 4023 2448 4063 me
2477 4006 2537 4062 in
2590 4005 2695 4062 hoc
2748 4020 2919 4075 opere
2958 4000 3208 4075 spiritali
3252 3999 3573 4056 intellectui
3604 3999 3703 4053 de-

1993 4098 2230 4156 servire.
2261 4100 2330 4154 Et
2358 4101 2551 4152 tamen
2583 4111 2715 4152 cum
2739 4094 3008 4151 utilitatis
3038 4107 3180 4148 usus
3212 4089 3485 4162 postulat.
3517 4088 3705 4145 subti-

164 4167 333 4241 ipsos
362 4185 597 4260 quoque
642 4171 937 4243 apostolos
983 4171 1043 4228 in
1087 4189 1195 4229 suo
1244 4190 1443 4232 amore
1490 4182 1873 4248 regeneratos,
1907 4189 1949 4257 α

2009 4186 2119 4244 iter
2167 4203 2397 4260 quoque
2448 4185 2603 4242 182
2650 4185 2858 4241 studeo
2889 4182 3151 4239 historiae
3191 4180 3365 4236 verba
3394 4178 3703 4236 discutere.

164 4258 466 4332 passionis
498 4260 624 4331 ejus
651 4264 912 4331 tempore
964 4260 1077 4318 telo
1126 4262 1382 4333 perfidiae
1429 4267 1693 4337 perculit.
1744 4268 1883 4325 Vul-

164 4365 306 4406 nere
338 4348 493 4404 beati
546 4349 658 4406 Job
714 4367 927 4423 corpus
985 4353 1272 4420 atteritur,
1332 4355 1473 4425 quia
1531 4356 1884 4431 Redemptor

161 4442 367 4495 noster
396 4438 607 4511 conﬁgi
636 4440 815 4496 clavis
847 4441 906 4497 in
938 4441 1128 4498 crucis
1171 4443 1430 4514 patibulo
1461 4461 1574 4503 non
1612 4448 1885 4520 dedigna-

164 4534 286 4587 tur.
324 4534 369 4582 A
402 4527 598 4601 planta
628 4537 826 4588 autem
862 4533 1024 4603 pedis
1044 4549 1232 4605 usque
1255 4534 1325 4590 ad
1352 4537 1627 4593 verticem
1653 4540 1889 4597 vulnera

163 4621 448 4692 suscepit.
498 4621 636 4692 quia
674 4624 936 4677 sanctam
970 4622 1304 4690 Ecclesium,
1340 4641 1469 4697 qua:
1501 4642 1714 4699 corpus
1759 4628 1888 4700 ejus

166 4716 274 4781 est,
309 4726 428 4765 non
454 4709 641 4766 solum
676 4727 778 4782 per
805 4717 1066 4769 extrema
1094 4718 1151 4767 et
1182 4713 1409 4783 ultima,
1455 4717 1554 4771 sed
1589 4733 1774 4789 usque
1814 4719 1883 4774 ad

165 4816 402 4857 summa
433 4800 693 4857 membra
734 4801 1137 4873 persecutione
1182 4803 1425 4859 saeviens
1456 4808 1710 4862 tentator
1740 4807 1887 4863 affli-

165 4891 268 4962 git.
305 4888 473 4945 Unde
504 4889 679 4946 etiam
714 4890 926 4947 Paulus
958 4892 1138 4948 dixit:
1178 4894 1431 4963 Compteo
1453 4911 1517 4950 ea
1537 4911 1658 4964 qua
1688 4898 1887 4953 desunt

159 4982 491 5051 passionum
539 4981 742 5037 Christi
770 4982 830 5035 in
885 4999 1053 5039 carne
1100 4999 1221 5037 mea
1276 4983 1499 5055 (Coloss.
1535 5003 1574 5053 1,
1605 4986 1721 5055 24).
1782 4986 1884 5043 Cui

163 5071 417 5127 suadere
451 5086 596 5127 uxor
617 5072 684 5126 ad
720 5071 1186 5128 maledicendum
1238 5072 1468 5140 nititur,
1513 5075 1652 5145 quia
1681 5091 1883 5132 carna-

163 5159 255 5217 los
282 5160 504 5232 quique
536 5160 685 5216 intra
699 5164 964 5217 sanctam
1013 5161 1329 5218 Ecclesiam
1359 5164 1660 5234 adjutores
1685 5165 1883 5222 callidi

161 5249 473 5305 tentatoris
504 5250 780 5305 existunt.
816 5251 947 5316 Quae
978 5250 1135 5307 enim
1161 5267 1295 5307 eum
1315 5252 1384 5307 ad
1412 5252 1881 5313 maledicendum

163 5341 464 5409 provocat,
516 5338 693 5394 vitam
744 5340 1068 5395 carnalium
1101 5340 1401 5411 designat;
1465 5342 1624 5413 quia,
1670 5348 1731 5399 ut
1757 5345 1880 5417 jam

164 5440 349 5497 supra
378 5424 629 5483 diximus
666 5424 727 5497 (l.
762 5442 848 5492 ιιι,
880 5443 926 5482 c.
957 5427 1027 5481 20
1050 5444 1106 5481 η.
1146 5426 1235 5497 36,
1265 5428 1379 5500 37),
1430 5427 1583 5486 intra
1616 5436 1880 5488 sanctam

236 5605 320 5679 (a)
350 5606 620 5679 Vindoc.,
651 5623 714 5662 ac
736 5622 849 5679 per
872 5622 979 5679 eos,
1004 5607 1208 5679 scilicet
1261 5582 1471 5662 studuit
1518 5607 1781 5679 imembra
1807 5612 1880 5663 si-

164 5677 371 5750 gnare,
414 5678 572 5750 quod
623 5679 784 5749 prius
838 5677 1136 5750 legebatur
1178 5678 1236 5732 in
1282 5679 1451 5750 Gorb.
1503 5678 1718 5747 Germ.,
1779 5682 1880 5738 sed

165 5749 385 5809 merito
416 5749 527 5807 fuit
554 5750 948 5807 emendatum.
979 5749 1255 5806 Norman.
1289 5749 1373 5805 sic
1400 5749 1687 5820 integrum
1727 5750 1883 5808 hunc

1994 4276 2140 4334 Cum
2172 4294 2305 4334 vero
2338 4292 2573 4333 necesse
2601 4279 2710 4341 est,
2750 4273 2927 4330 simul
2973 4281 3280 4342 utrumque
3326 4268 3705 4341 complector,

2002 4372 2065 4424 ut
2091 4367 2380 4439 spiritales
2413 4367 2638 4421 fructus
2671 4363 2948 4436 allegoria
2976 4360 3284 4435 germinet,
3318 4374 3462 4431 quos
3506 4362 3700 4415 tamen

1999 4476 2069 4515 ex
2116 4458 2306 4515 radice
2354 4455 2610 4511 historias
2669 4452 2881 4509 veritas
2931 4452 3214 4524 producit.
3275 4447 3515 4506 Amicos
3571 4464 3702 4505 vero

2001 4548 2151 4606 beati
2167 4546 2300 4612 Job,
2323 4561 2471 4618 quos
2491 4543 2899 4600 haereticorum
2923 4549 3115 4598 tenere
3139 4540 3390 4611 speciem
3425 4538 3700 4607 diximus,

1996 4638 2057 4694 in
2089 4636 2261 4693 dictis
2291 4635 2417 4691 suis
2467 4647 2843 4707 nequaquam
2901 4646 3005 4704 per
3054 4630 3251 4687 omnia
3304 4628 3700 4699 reprobamus,

1998 4727 2133 4799 quia
2164 4726 2301 4781 dum
2336 4740 2438 4795 per
2468 4737 2787 4795 supernam
2820 4720 3169 4778 sententiam
3198 4726 3398 4776 contra
3428 4734 3528 4774 eos
3564 4714 3701 4772 dici-

1996 4820 2126 4872 tur:
2160 4816 2280 4871 Non
2311 4816 2437 4869 estis
2485 4810 2658 4868 locuti
2696 4827 2885 4866 coram
2940 4826 3024 4865 me
3060 4815 3288 4875 rectum,
3329 4810 3385 4862 et
3434 4805 3697 4877 protinus

1996 4905 2293 4972 subditur,
2325 4907 2471 4959 cicut
2524 4918 2711 4959 servus
2738 4916 2886 4956 meus
2913 4898 3018 4955 Job
3048 4898 3191 4970 (Job,
3223 4912 3357 4962 xm,
3389 4895 3467 4965 7),
3500 4891 3690 4964 profe-

1996 4998 2095 5049 cto-
2117 4994 2302 5067 liquet
2331 4993 2468 5066 quia
2491 5008 2605 5049 non
2638 4991 2877 5047 omnino
2908 4988 3225 5059 deepicitur
3272 4983 3427 5056 quod
3467 4998 3535 5038 ex
3566 4994 3683 5036 me-

1992 5084 2154 5142 lioris
2181 5083 2615 5155 comparatione
2652 5080 3013 5151 reprobatur.
3063 5077 3128 5130 In
3176 5072 3691 5145 reprehensionem

1992 5176 2206 5248 quippe
2233 5175 2361 5245 eius
2390 5174 2619 5228 incaute
2643 5169 2980 5224 dilabuntur
3004 5187 3019 5230 ;
3050 5165 3148 5220 sed
3172 5168 3365 5218 tamen
3390 5161 3528 5231 quia
3547 5160 3695 5216 tanti

1989 5264 2095 5321 viri
2119 5263 2291 5321 amici
2323 5269 2479 5330 sunt,
2511 5278 2580 5317 ex
2606 5256 3001 5314 familiaritate
3029 5252 3189 5308 illius
3238 5251 3485 5323 mystica
3515 5249 3698 5307 multa

1991 5355 2339 5411 didicerunt.
2376 5351 2536 5407 Unde
2576 5348 2729 5404 sicut
2757 5350 2813 5402 et
2862 5344 3126 5414 superius
3181 5342 3438 5398 diximus
3467 5342 3606 5414 (Lib.
3638 5358 3691 5409 v,

1990 5461 2048 5500 η.
2081 5443 2197 5512 27),
2218 5456 2420 5497 eorum
2453 5438 2647 5494 verbis
2676 5435 2850 5492 etiam
2880 5432 3096 5489 Paulus
3128 5431 3335 5499 utitur,
3366 5436 3424 5487 et
3470 5430 3593 5487 haec
3623 5431 3683 5487 in

1993 5609 2185 5665 locum
2227 5605 2522 5670 exhibent,
2580 5620 2808 5674 eumque
2846 5620 2953 5675 per
3015 5603 3206 5659 electos
3252 5616 3454 5666 omnes,
3487 5607 3551 5656 ut
3588 5615 3695 5671 per

1991 5682 2111 5750 ejus
2138 5679 2352 5735 scilicet
2379 5677 2591 5736 studuit
2618 5675 2860 5733 membra
2894 5679 3137 5745 signare.
