4156 6178
470 268 586 333 731
1391 326 1397 333 η
1741 269 2023 331 SANCTI
2069 260 2437 327 GREGO’Bll
2484 257 2731 325 MAGNI
3824 271 3914 334 732

474 404 814 461 aesar-tionis
844 421 963 461 suae
995 403 1350 476 adjutorium
1382 419 1709 472 assumens,
1734 403 1960 476 prolata
1986 419 2056 459 ex
2084 417 2175 458 ve-
2208 402 2259 468 Α
2293 396 2455 469 plebs
2474 397 2721 455 Judaica
2746 396 3186 454 sineintellectu
3220 395 3516 457 laboravit.
3558 404 3668 457 Hos
3690 402 3919 463 famelicos

476 496 641 551 ritate
673 500 949 552 testatur.
983 497 1118 562 Quae
1150 500 1345 551 tamen
1376 496 1589 550 veritas
1610 499 1766 552 recte
1787 492 2176 567 reprehendit,
2288 487 2425 543 ﬁdei
2452 486 2733 544 Dominus
2766 488 3050 556 praevidit,
3074 503 3211 545 cum
3244 504 3345 560 per
3365 489 3757 562 evangelistam
3782 494 3916 551 dixit:

475 586 614 657 quia
636 586 956 657 quamlibet
979 587 1145 642 fortis
1167 585 1455 641 sententia
1476 594 1674 641 contra
1697 589 1957 640 sanctum
1987 584 2177 639 virum
2289 581 2478 635 Beatis
2508 582 2608 650 qui
2635 582 2886 635 esuriant
2911 584 2960 635 et
3015 582 3220 635 sitiunt
3255 582 3557 651 justitiam,
3611 586 3833 654 quoniam
3847 590 3921 656 ipsi

474 674 718 745 proferri
752 691 859 730 non
892 676 1112 731 debuit.
1165 676 1421 730 Possunt
1469 689 1605 745 ergo
1660 674 1897 746 mystice
1947 671 2183 744 Eliphaz
2288 669 2694 725 saturabuntur
2741 671 2963 742 (Matth.
2996 687 3048 737 v,
3106 670 3186 740 6).
3239 671 3318 727 De
3367 673 3458 728 his
3503 672 3762 729 lamelicis
3804 678 3923 731 Anus

475 763 647 819 verba
679 765 929 836 pensari,
965 765 1181 836 quibus
1232 765 1302 820 ad
1346 764 1579 820 beatum
1638 764 1746 821 Job
1778 763 2058 836 loquitur,
2092 761 2182 816 di-
2294 760 2679 832 prophetante
2736 762 2983 817 dicitur:
3041 761 3255 832 Repleti
3285 765 3465 833 prius,
3509 779 3612 834 pro
3660 765 3923 834 panibusse

476 868 657 908 cens:
2296 852 2637 920 locaverunt,
2695 858 2747 906 et
2793 851 3041 919 famelici
3095 855 3337 908 saturati
3361 859 3491 909 sunt
3543 854 3589 923 (1
3643 856 3757 923 Reg.
3790 872 3839 923 ιι,
3867 857 3921 927 5).

1166 944 1393 1002 CAPUT
1421 946 1493 1001 Il.
2296 940 2407 997 Sed
2430 941 2571 1012 quia
2588 956 2844 997 messem
2870 943 3143 1013 perdidit,
3166 948 3317 999 recte
3339 943 3707 1015 subjungitur
3736 946 3924 1015 qualiter

549 1036 717 1089 Vsus.
749 1035 802 1089 3.
833 1064 903 1075 —
932 1036 1047 1105 Ego
1074 1036 1191 1090 vidi
1220 1035 1449 1091 stultum
1477 1038 1639 1106 ﬁrma
1665 1035 1872 1104 radice,
1902 1040 1955 1089 et
2010 1033 2190 1089 male-
2294 1029 2418 1102 ipse
2448 1032 2624 1088 etiam
2655 1032 2875 1089 stultus
2908 1033 3077 1106 perit,
3113 1049 3249 1091 cum
3297 1034 3512 1091 dicitur
3542 1052 3555 1090 :
3612 1037 3677 1090 Et
3702 1039 3923 1107 ipsumm-

475 1124 596 1179 diari
620 1126 1035 1196 pulchritudini
1062 1127 1181 1196 ejus
1208 1129 1415 1183 statim.
2290 1121 2411 1191 piet
2442 1128 2707 1177 armatus.
2739 1122 3032 1194 Antiquos
3062 1122 3246 1180 hostis
3273 1122 3577 1180 Iudaicum
3606 1124 3846 1197 populum
3861 1142 3924 1182 ar-

553 1221 947 1273 ALLBGORICUS
1006 1234 1234 1274 sstus.
1284 1219 1335 1273 3.
1387 1218 1569 1273 Judaei
1624 1224 1753 1273 sunt
1807 1217 1991 1281 stulti,
2024 1216 2189 1271 etiam
2300 1215 2495 1266 matus
2543 1213 2754 1282 rapuit,
2814 1213 2955 1284 quia
3010 1214 3166 1269 ineo
3223 1213 3397 1269 vitam
3452 1213 3581 1270 ﬁdei
3621 1215 3924 1272 fraudulenta

479 1308 862 1364 hzreticorum
892 1309 1268 1365 maledictioni
1287 1310 1353 1365 ob
1384 1311 1586 1364 Christi
1621 1310 1897 1379 repulsam
1942 1307 2187 1363 obnoxii.

479 1426 550 1439 --
581 1398 808 1455 Stultus
836 1401 1052 1471 quippe
1094 1400 1430 1456 Judmorum
1482 1400 1734 1472 populus
1780 1398 2023 1467 exstitit,
2056 1396 2192 1467 quia

482 1487 673 1560 ipsam
697 1491 755 1544 in
788 1506 963 1545 carne
985 1489 1347 1560 praesentiam
1370 1495 1598 1546 eterna
1621 1488 1932 1561 Sapientia
1954 1485 2188 1558 sprevit.

482 1578 585 1642 Qui
617 1581 783 1650 quasi
817 1581 989 1636 ﬁrma
1020 1583 1210 1637 radice
1240 1580 1556 1648 convaluit,
1589 1581 1728 1652 quia
1756 1579 2071 1636 electorum
2114 1575 2192 1632 vi-

486 1674 601 1722 tam
636 1669 1031 1741 temporaliter
1051 1671 1473 1743 exstinguendo
1524 1669 1839 1743 superavit.
1872 1669 1983 1725 Sed
2036 1666 2191 1722 hunc

486 1756 717 1827 Eliphaz
746 1759 1150 1815 maledicendo
1175 1761 1441 1831 despicit,
1488 1760 1621 1831 quia
1662 1760 1936 1815 nimirum
1986 1772 2192 1813 omnes
2221 1776 2268 1841 Β

488 1844 762 1913 haeretici,
796 1863 1044 1919 quorum
1090 1852 1284 1904 tenere
1324 1851 1576 1920 speciem
1627 1849 1847 1906 amicos
1893 1846 2045 1904 beati
2091 1846 2192 1901 Job

488 1933 767 2002 diximus,
800 1952 933 1992 cum
966 1936 1035 1992 de
1069 1938 1302 1993 nomine
1332 1937 1548 1993 Christi
1589 1938 1929 2009 gloriantur,
1960 1936 2196 1991 Judreo-

490 2041 617 2079 rum
650 2025 955 2095 perﬁdiam
986 2044 1052 2082 ex
1078 2028 1419 2083 auctoritate
1460 2027 1915 2100 reprehendunt.
1962 2030 2035 2081 De
2080 2040 2195 2097 quo

491 2112 669 2169 stulto
700 2114 969 2185 protinus
1003 2115 1314 2171 subditur:

1167 2206 1397 2262 CAPUT
1432 2206 1529 2262 Ill.

562 2293 731 2349 Vane.
764 2296 819 2349 4.
849 2327 920 2336 -
952 2297 1131 2366 Longe
1177 2300 1316 2365 ﬁant
1344 2299 1450 2366 ﬁlii
1494 2297 1613 2367 ejus
1641 2313 1676 2352 a
1729 2296 1926 2366 salute,
1957 2301 2009 2353 et
2062 2311 2196 2350 con-

496 2391 743 2440 terentur
772 2388 830 2441 in
851 2394 1045 2457 porta,
1077 2394 1129 2443 et
1156 2405 1267 2443 non.
1298 2391 1404 2443 erit
1437 2391 1536 2459 qui
1561 2390 1780 2459 eripiat.

564 2477 616 2532 4.
674 2478 883 2532 Horum
945 2479 1050 2547 ﬁlii
1094 2495 1278 2535 omnes
1320 2479 1542 2549 perﬁdi.
1594 2480 1660 2534 In
1712 2479 1946 2547 Christo,
2002 2480 2099 2549 qui
2119 2471 2203 2531 est

486 2573 676 2636 porta,
709 2574 1091 2623 conteruntur.
1124 2599 1193 2611 —-
1223 2570 1354 2625 Filii
1396 2569 1575 2639 hujus
1624 2568 1789 2629 stulti
1821 2572 1959 2624 sunt
2004 2583 2205 2624 omnes

495 2661 593 2729 qui
624 2660 878 2730 perﬁdia;
910 2660 1070 2717 illius
1093 2661 1500 2732 praedicatione
1526 2666 1897 2734 generantur.
1949 2660 2056 2725 Qui
2087 2659 2204 2715 sci-

495 2747 627 2804 licet
653 2765 685 2802 a
714 2747 901 2805 salute
931 2750 1101 2821 longe
1132 2755 1288 2817 sunt,
1323 2752 1463 2823 quia
1491 2751 1599 2807 etsi
1622 2749 2002 2821 temporalem
2024 2750 2202 2806 vitam

494 2834 622 2890 sine
672 2836 986 2893 afﬂictione
1037 2838 1385 2909 percipiunt,
1429 2844 1646 2894 aeterna
1706 2838 1938 2907 gravius
1988 2837 2206 2894 ultione

491 2925 794 2993 feriuntur,
828 2928 981 2982 sicut
1005 2928 1075 2982 do
1103 2928 1322 2983 eisdem
1356 2927 1492 2984 ﬁliis
1524 2927 1686 2984 illius
1718 2928 2003 2984 Dominus
2032 2927 2204 2984 dicit:

500 3015 590 3067 γε
620 3014 788 3074 vobis,
820 3016 1024 3070 Scriba?
1054 3023 1107 3069 et
1148 3018 1415 3072 Pharisaei
1442 3017 1765 3087 hypocriten,
1815 3020 1913 3088 qui
1963 3020 2207 3074 circuitis

2299 1301 2690 1372 suggestionis
2717 1302 2936 1373 jaculis
2984 1303 3279 1371 exstinxit,
3314 1308 3381 1360 ut
3434 1305 3578 1359 unde
3632 1304 3925 1361 seioharere

2300 1389 2416 1446 Deo
2448 1396 2729 1461 crederet,
2762 1391 2899 1448 inde
2926 1393 3056 1462 ejus
3078 1392 3428 1449 ordinationi
3453 1400 3790 1465 repugnaret.
3806 1396 3923 1459 Quod

2300 1480 2559 1553 profecto
2590 1481 2911 1553 discipulos
2933 1482 3159 1538 Veritas
3182 1487 3523 1555 premonet,
3572 1483 3782 1538 dicens:
3807 1484 3924 1537 Venit

2302 1574 2440 1627 hora
2471 1579 2531 1625 ut
2569 1573 2744 1626 omnis
2774 1574 2871 1643 qui
2896 1573 3164 1641 interﬁcit
3192 1588 3287 1628 vos
3342 1570 3645 1627 arbitretur
3687 1572 3924 1644 obsequium

2299 1679 2354 1718 se
2386 1668 2658 1735 praestare
2679 1664 2788 1717 Deo
2819 1664 3041 1729 (Joann.
3076 1679 3193 1733 xvr,
3224 1664 3305 1735 2).
3339 1664 3647 1735 Sequitur:

2710 1751 2937 1807 CAPUT
2965 1751 3013 1805 v
3052 1753 3200 1823 [Vet.
3234 1759 3287 1807 et
3320 1753 3452 1808 Hec.
3480 1752 3604 1823 III].

2375 1842 2513 1897 Isto.
2548 1871 2615 1881 -
2646 1842 2713 1895 Et
2747 1839 2931 1895 bibent
2950 1843 3193 1896 sitientes
3222 1841 3453 1897 divitias
3483 1843 3618 1911 ejus.

2372 1932 2425 1984 6.
2460 1931 2696 2001 Eloquia
2725 1932 2823 1984 Dei
2852 1937 2903 1984 et
2932 1932 3113 1986 messis
3150 1938 3202 1985 et
3245 1931 3481 1986 divitiae.
3540 1930 3781 1995 Quomodo
3802 1937 3923 1985 etco-

2304 2021 2468 2088 medi,
2497 2029 2549 2077 et
2576 2021 2686 2076 bibi
2712 2021 2999 2077 dicuntur.
3033 2054 3101 2061 —
3131 2021 3325 2093 Hujus
3357 2022 3528 2079 stulti
3558 2021 3761 2077 divitias
3784 2021 3925 2076 sities.

2306 2116 2394 2169 tes
2428 2111 2657 2180 bibunt,
2691 2113 2828 2183 quia
2856 2112 3091 2169 ﬂuentis
3123 2110 3926 2184 sacrmlocutionis,qualudai-

2307 2218 2410 2258 cus
2460 2201 2712 2274 populus
2768 2202 2828 2258 in
2878 2203 3161 2275 superbiae
3213 2204 3605 2261 ostentatione
3652 2200 3921 2275 possederat,

2308 2306 2598 2348 conversae
2628 2291 2935 2364 gentilium
2978 2293 3567 2366 mentesirrigantur.
3614 2290 3754 2348 Unde
3776 2300 3817 2346 et
3844 2289 3923 2345 eis-

2311 2382 2442 2438 dem
2504 2398 2605 2452 per
2646 2381 2988 2453 prophetam
3038 2383 3287 2439 dicitur:
3343 2385 3538 2440 Omnes
3565 2385 3777 2438 sitientes
3800 2381 3923 2434 venit:

2310 2474 2383 2528 ad
2426 2488 2635 2544 aquas;
2689 2480 2741 2527 et
2772 2476 2868 2544 qui
2920 2490 3032 2528 non
3087 2474 3303 2529 habetis
3361 2479 3662 2546 argentum,
3704 2474 3924 2543 properate

2311 2564 2463 2633 (Isai.
2503 2581 2587 2632 LV,
2623 2568 2698 2635 1).
2756 2564 2897 2629 Quis
2965 2565 3122 2621 enim
3178 2566 3410 2636 argenti
3464 2563 3719 2621 vocabulo
3766 2559 3927 2628 eloquia

2312 2655 2508 2711 divina
2537 2656 2867 2729 signantur,
2902 2656 3208 2713 l’salmista
3229 2661 3501 2727 testatur,
3524 2657 3707 2711 dicens
3730 2671 3740 2708 :
3762 2651 3927 2721 Eloquia

2314 2747 2555 2814 Domini,
2615 2747 2835 2817 eloquia
2886 2753 3056 2813 casta,
3116 2755 3419 2816 argentum
3468 2749 3591 2817 igne
3642 2744 3927 2799 examinatum

2317 2836 2488 2907 (Psal.
2521 2852 2599 2905 χι,
2629 2837 2708 2906 7).
2768 2836 2877 2904 Qui
2926 2852 3063 2909 ergo
3122 2845 3433 2907 argentum
3494 2852 3601 2892 non
3652 2832 3847 2895 habent,
3881 2826 3926 2881 ad

2314 2941 2500 2997 aquas
2529 2930 2832 2994 vocantur,
2865 2926 3002 2998 quia
3032 2925 3318 2981 nimirum
3347 2925 3655 2999 gentilitas,
3682 2937 3786 2994 qua
3825 2918 3925 2974 Scri-

2318 3024 2496 3090 ptum
2529 3035 2707 3076 sacrm
2759 3023 3045 3091 praecepta
3101 3036 3217 3076 non
3248 3020 3573 3091 acceperat,
3616 3016 3744 3073 sacri
3786 3007 3935 3081 eloquii

491 3118 643 3157 mare
668 3110 719 3158 et
748 3105 986 3171 aridam,
1011 3112 1072 3159 ut
1100 3108 1323 3174 faciatis
1372 3123 1544 3161 unum
1568 3108 1938 3177 proselytum,
1981 3114 2034 3162 et
2083 3123 2203 3162 cum
2245 3152 2285 3181 η
2316 3109 2704 3166 inundatione
2724 3110 2993 3179 satiatur,
3019 3126 3195 3181 quam
3218 3114 3387 3167 tanto
3410 3108 3563 3166 nunc
3597 3106 3789 3163 avidius
3809 3102 3930 3174 potat.

484 3194 661 3259 fuerit
698 3194 901 3263 factus,
930 3196 1121 3263 facitis
1159 3212 1278 3251 cum
1320 3196 1495 3267 ﬁlium
1546 3197 1807 3266 gehennae
1840 3196 1993 3252 183
2031 3198 2205 3267 duplo

488 3299 651 3356 quam
680 3299 772 3338 vos
800 3285 1024 3355 (Matth.
1060 3302 1218 3353 xxm,
1257 3287 1360 3353 15).
1413 3286 1690 3358 Sequitur
1722 3303 1734 3340 :
1795 3288 1865 3342 Et
1906 3293 2201 3342 conteren-

2316 3205 2536 3271 quanto
2568 3199 2719 3255 hanc
2751 3199 2847 3253 diu
2902 3200 3058 3256 sicca
3105 3198 3365 3256 sitiebat.
3414 3200 3619 3256 Eadem
3662 3209 3775 3267 ergo
3798 3189 3933 3285 divisi

2311 3287 2546 3360 eloquia
2578 3293 2633 3343 et
2667 3303 2883 3344 messes
2916 3293 2972 3344 et
3004 3287 3219 3345 divitiis
3263 3293 3547 3346 vocantur
3579 3304 3590 3343 :
3623 3298 3806 3342 messes
3841 3291 3932 3349 qut!

490 3378 581 3426 tur
602 3374 657 3426 in
680 3379 871 3442 porta,
902 3380 955 3429 et
985 3391 1093 3429 non
1125 3378 1229 3429 erit
1259 3378 1355 3447 qui
1383 3377 1606 3446 eripiat.
1640 3375 1777 3440 Quis
1827 3376 1978 3432 alius
2023 3382 2199 3448 portes
2302 3378 2569 3448 jejuuam
2605 3382 2860 3433 mentem
2895 3378 3207 3446 reﬁciunt;
3242 3379 3483 3446 divitiae,
3514 3377 3642 3449 quia
3671 3386 3840 3443 magna
3862 3379 3929 3420 nos

486 3462 745 3529 nomine;
781 3463 893 3519 nisi
928 3464 1211 3521 mediator
1239 3467 1334 3522 Dei
1365 3471 1424 3522 et
1464 3467 1764 3522 hominum
1812 3467 1984 3523 debet
2030 3466 2201 3523 intel-

484 3550 611 3622 ligi,
646 3552 744 3623 qui
778 3552 894 3608 ait:
926 3555 1042 3623 Ego
1067 3571 1185 3610 sum
1213 3558 1432 3624 ostium,
1462 3572 1567 3627 per
1604 3572 1687 3612 me
1728 3559 1773 3611 si
1805 3558 1926 3627 quis
1964 3558 2203 3611 introie-

488 3642 587 3709 rit,
618 3642 927 3698 salvabitur
957 3643 1180 3714 (Joann.
1213 3663 1267 3711 x,
1298 3646 1405 3717 9)?
1438 3646 1567 3702 Filii
1599 3646 1782 3718 igitur
1812 3646 1993 3717 hujus
2036 3646 2199 3702 stulti

493 3736 655 3787 extra
701 3736 926 3803 portam
986 3736 1319 3806 proﬁciunt,
1352 3740 1408 3792 et
1456 3736 1516 3791 in
1574 3745 1741 3808 porta
1798 3740 2200 3808 conteruntur,

491 3824 1189 3895 quiapravanudssorum
1247 3827 1478 3883 soboles
1537 3832 1671 3884 ante
1728 3827 2063 3884 Medialoris
2095 3828 2202 3883 ad-

489 3917 726 3970 ventum
758 3914 814 3969 in
849 3915 993 3987 legis
1024 3917 1429 3975 observatione
1459 3917 1819 3989 ﬂoruerunt;
1850 3919 1951 3974 sed
1982 3918 2042 3974 in
2074 3919 2204 3990 ipsa

492 4003 898 4075 Redemptoris
930 4007 1113 4063 nostri
1143 4008 1449 4079 praesentia
1481 4025 1515 4063 a
1544 4008 1874 4065 Divinitatis
1896 4007 2201 4079 obsequio,

492 4095 747 4165 perﬁdiis
775 4111 893 4151 suae
918 4097 1142 4153 meritis
1184 4098 1403 4170 repulsi
1442 4098 1795 4155 ceciderunt.
1842 4099 1997 4163 Quos
2028 4098 2202 4154 nimi-

494 4199 623 4239 rum
646 4200 763 4239 non
803 4188 893 4241 est
940 4187 1040 4257 qui
1089 4187 1319 4259 eripiat,
1370 4188 1507 4258 quia
1550 4187 1773 4244 scilicet
1821 4188 1960 4242 dum
2011 4187 2203 4258 ipsum

496 4270 937 4343 Redemptorem
963 4276 1329 4349 exstinguere
1374 4277 1773 4348 persequendo
1821 4276 2014 4332 conati
2044 4281 2203 4347 sunt,

495 4358 689 4415 oblata
744 4362 858 4416 sibi
904 4365 1218 4437 ereptionis
1268 4367 1523 4423 remedia
1547 4365 1963 4433 absciderunt;
2000 4367 2069 4421 de
2092 4382 2205 4438 quo

500 4447 648 4504 bene
678 4450 993 4517 subditur;

1176 4545 1407 4602 CAPUT
1429 4545 1523 4602 IV.

573 4629 748 4685 Vaas.
791 4631 847 4686 5.
888 4659 955 4673 —
1004 4633 1174 4701 Cujus
1223 4652 1441 4692 messem
1497 4638 1784 4706 famelicus
1841 4639 2101 4707 comedet,
2161 4641 2215 4692 et

502 4720 682 4789 ipsum
712 4721 898 4790 rapiet
927 4729 1195 4780 armatus.

568 4810 623 4865 5.
665 4810 907 4868 Gentiles
943 4828 1164 4869 messem
1221 4832 1431 4883 eorum,
1490 4817 1547 4871 id
1603 4826 1703 4887 est,
1751 4834 1912 4873 sacra
1968 4816 2213 4889 eloquia,

500 4902 811 4973 comedunt,
846 4919 909 4958 ac
955 4902 1180 4961 divitias
1227 4909 1478 4975 rapiunt.
1513 4937 1581 4947 —-
1611 4908 1797 4977 Hujus
1827 4907 1985 4963 enim
2046 4906 2213 4963 stulti

500 4995 710 5051 messis
734 4996 921 5052 fuerat
951 4993 1031 5068 (α)
1055 4998 1205 5053 sacri
1227 5013 1393 5068 seges
1409 4996 1645 5069 eloquii.
1672 4998 1940 5063 Quaedam
1963 5012 2215 5069 namque

499 5085 792 5155 spicarum
824 5102 1027 5159 grana,
1061 5096 1197 5143 sunt
1227 5088 1403 5143 verba
1443 5086 1876 5159 prophetarum,
1910 5104 2038 5159 quas
2070 5087 2216 5144 stul-

499 5178 591 5230 tus
612 5177 838 5243 habuit,
872 5177 977 5235 sed
1006 5195 1119 5235 non
1152 5178 1426 5247 comedit,
1458 5177 1599 5249 quia
1627 5176 1914 5233 Judaicus
1963 5177 2213 5249 p0pulus

503 5261 689 5333 legem
711 5267 945 5336 quidem
979 5268 1150 5324 verbo
1192 5272 1363 5325 tenus
1394 5268 1601 5335 tenuit,
1656 5268 1756 5324 sed
1802 5284 1902 5339 per
1932 5267 2213 5324 fatuitatis

504 5347 800 5409 fastidium
846 5356 917 5410 ab
976 5358 1103 5427 ejus
1156 5358 1445 5414 intellectu
1488 5358 1795 5428 jejunavit.
1860 5358 2039 5429 Hujus
2084 5372 2215 5414 vero

505 5438 672 5494 stulti
704 5457 944 5498 messem
977 5445 1282 5503 famelicus
1315 5449 1586 5516 comedit,
1612 5447 1745 5520 quia
1766 5447 2045 5504 nimirum
2070 5463 2217 5520 gen—

505 5524 627 5582 tilis
676 5530 928 5601 populus
977 5535 1152 5591 verba
1192 5536 1336 5609 legis
1386 5537 1768 5611 intelligendo
1812 5538 1952 5609 edit,
1983 5539 2055 5595 ad
2087 5554 2217 5611 qua

576 5755 656 5830 (α)
683 5757 811 5824 ML,
835 5752 973 5812 Cod.
1002 5756 1061 5815 S.
1094 5753 1294 5827 Mioh.,
1323 5771 1494 5814 sacrae
1538 5760 1672 5830 tegis
1700 5761 1997 5835 eloquium.

2310 3482 2536 3523 morum
2564 3472 2871 3524 venustate
2910 3473 3284 3539 componunt.
3339 3470 3552 3525 Eadem
3582 3470 3633 3523 et
3676 3457 3854 3520 comedi
3877 3453 3932 3508 rli-

2309 3560 2527 3615 ouutur
2580 3560 2637 3612 et
2664 3557 2810 3622 bibi,
2842 3558 2982 3628 quia
3025 3556 3303 3613 nimirum
3357 3559 3493 3614 dum
3538 3554 3771 3629 quadam
3809 3548 3851 3601 in
3876 3544 3928 3598 eis

2309 3646 2557 3702 obscura
2586 3650 2745 3714 sunt,
2779 3662 2905 3718 quae
2929 3663 3043 3701 non
3068 3646 3180 3701 nisi
3201 3647 3578 3719 interpretata
3611 3638 3927 3709 intelligimus.

2309 3735 2431 3792 haec
2463 3735 2633 3807 quasi
2666 3735 2995 3791 mandendo
3016 3736 3298 3807 glutimus
3330 3755 3345 3803 ;
3407 3737 3545 3792 dum
3589 3731 3811 3805 quaedam
3834 3734 3923 3777 vero

2311 3827 2381 3883 ad
2404 3826 2851 3898 intelligendum
2905 3825 3095 3882 facilia
3123 3826 3202 3882 ita
3258 3826 3550 3883 sumimus
3573 3832 3627 3879 ut
3654 3816 3927 3877 invenimus,

2311 3933 2379 3972 ea
2408 3916 2574 3987 quasi
2605 3932 2716 3971 non
2751 3931 2957 3971 mansa
2986 3914 3263 3987 bibimus,
3299 3917 3435 3988 quia
3466 3931 3577 3971 non
3626 3912 3778 3967 tracta
3793 3900 3928 3959 sorbe-

2312 4022 2462 4062 mus.
2523 4007 2651 4060 Hinc
2708 4006 2815 4061 sub
2874 4004 3174 4062 intellectu
3226 4008 3471 4079 mystico
3540 4000 3683 4061 brevi
3720 3991 3931 4053 locutione

2312 4097 2790 4165 transcurrimus,
2844 4112 2916 4153 ne
2973 4095 3114 4167 quid
3166 4096 3414 4153 forsitan
3448 4092 3743 4169 praeterisse
3778 4082 3932 4137 νίάεῐε·

2316 4202 2468 4243 mur.
2500 4188 2609 4244 Sed
2644 4188 2785 4259 quia
2818 4187 2972 4243 beati
3023 4186 3179 4243 184
3215 4188 3321 4244 Job
3366 4185 3536 4244 amici
3580 4198 3692 4241 esse
3723 4190 3813 4234 non
3843 4180 3931 4241 p0!-

2314 4279 2465 4347 sent,
2496 4276 2610 4333 nisi
2650 4276 2709 4331 in
2743 4276 3091 4348 quibusdam
3124 4293 3361 4349 quoque
3384 4292 3582 4347 magna
3604 4280 3795 4329 morum
3809 4262 3931 4315 hone-

2316 4370 2468 4423 state
2497 4366 2800 4437 l'ulgerent,
2850 4370 3028 4424 restat
3058 4372 3122 4423 ut
3152 4368 3212 4422 in
3263 4383 3470 4423 eorum
3519 4361 3693 4421 verbis
3734 4352 3929 4410 virtutem

2234 4448 2282 4515 D
2314 4471 2555 4513 sensum
2587 4455 2888 4513 moraliter
2907 4455 3299 4527 inquiramus,
3351 4459 3631 4528 quatenus
3672 4449 3789 4504 dum
3814 4439 3926 4528 ιορα·

2319 4546 2499 4603 tionis
2528 4561 2727 4603 eorum
2754 4526 3349 4619 pondusidiscutitur,
3370 4526 3549 4618 cujus
3595 4526 3927 4597 doctrinamr-

2323 4637 2462 4706 rint,
2490 4637 2857 4693 ostendatur.

2833 4726 3077 4784 CAPUT
3106 4726 3180 4783 VI
3203 4728 3353 4799 [Περ.
3386 4726 3511 4798 IV].

2395 4819 2562 4875 Vrsas.
2596 4816 2650 4873 3.
2680 4846 2747 4858 -
2770 4818 2886 4887 Ego
2916 4818 3030 4873 vidi
3052 4789 3281 4875 stultum
3310 4789 3488 4889 ﬁrma.
3517 4810 3708 4875 radice,
3749 4805 3791 4858 et
3812 4789 3925 4852 malt-

2322 4906 2448 4962 diei
2468 4907 2886 4977 pulchritudini
2915 4907 3033 4977 ejus
3061 4910 3269 4964 statim.
3907 4965 3913 4975 _

2394 4996 2617 5052 Sensus
2645 5012 2914 5052 monens.
2958 5000 3010 5052 '7.
3083 4997 3327 5052 Terrena
3368 4997 3623 5051 sectantes
3658 4989 3704 5040 in
3724 4978 3928 5054 prosim"

2322 5086 2582 5143 videntur
2604 5090 2766 5157 ﬁrma
2795 5087 2998 5142 radice.
3033 5119 3099 5127 —
3139 5088 3317 5155 Quasi
3363 5086 3523 5141 ﬁrma
3575 5076 3745 5136 radice
3781 5060 3927 5122 stultus

2322 5176 2382 5231 in
2414 5180 2566 5233 terra
2588 5176 2805 5250 ﬁgitur,
2839 5176 2978 5249 quia
3008 5177 3145 5233 totis
3168 5175 3470 5233 desideriis
3492 5174 3545 5228 in
3577 5174 3774 5224 terreno
3791 5157 3924 5250 8910'?

2324 5246 2657 5324 solidatur:
2685 5246 2874 5323 Unde“
2906 5270 2964 5323 et
2996 5268 3225 5339 primus
3268 5265 3403 5323 Cain
3447 5263 3714 5319 civitatem
3750 5250 3797 5304 in
3827 5246 3925 5339 te”:

2324 5360 2715 5415 construxisse
2764 5327 3115 5416 describitur
3178 5360 3393 5431 (Genes.
3453 5372 3525 5423 ιν,
3559 5352 3655 5421 17),
3710 5348 3762 5400 Di
3792 5327 3924 5431 aperio

2325 5451 2749 5505 monstraretur
2773 5447 2913 5520 quia
2944 5447 3070 5518 ipse
3096 5414 3326 5504 interra
3349 5441 3753 5503 fundamentum
3772 5414 3921 5520 petu‘f;

2326 5537 2482 5610 quia
2513 5512 2807 5596 soliditate
2828 5512 3086 5596 cmlestis
3123 5538 3325 5610 patrias
3379 5536 3591 5594 alienus
3643 5522 3756 5581 fuit.
3805 5512 3922 5577 Qua“
