  <div class='ocr_page' id='page_1' title='image "/cluster/home/n/w/nwhite01/storage/ocr_20150623/75/hvd.32044054758800/372.png"; bbox 0 0 4134 6174; ppageno 0'>
   <div class='ocr_carea' id='block_1_1' title="bbox 195 241 317 307">
    <p class='ocr_par' dir='ltr' id='par_1_1' title="bbox 195 241 317 307">
     <span class='ocr_line' id='line_1_1' title="bbox 195 241 317 307; baseline -0.016 0"><span class='ocrx_word' id='word_1_1' title='bbox 195 241 317 307; x_wconf 86' lang='lat'><strong>733</strong></span> 
     </span>
    </p>
   </div>
   <div class='ocr_carea' id='block_1_2' title="bbox 1152 234 2794 307">
    <p class='ocr_par' dir='ltr' id='par_1_2' title="bbox 1152 234 2794 307">
     <span class='ocr_line' id='line_1_2' title="bbox 1152 234 2794 307; baseline 0.003 -8"><span class='ocrx_word' id='word_1_2' title='bbox 1152 236 1561 301; x_wconf 80' lang='lat' dir='ltr'><strong>MORALIUM</strong></span> <span class='ocrx_word' id='word_1_3' title='bbox 1607 234 1759 300; x_wconf 76' lang='lat' dir='ltr'><strong>LIB.</strong></span> <span class='ocrx_word' id='word_1_4' title='bbox 1808 239 1909 301; x_wconf 86' lang='lat' dir='ltr'><strong>Vl.</strong></span> <span class='ocrx_word' id='word_1_5' title='bbox 1956 274 2033 286; x_wconf 88' lang='lat'><strong><em>—</em></strong></span> <span class='ocrx_word' id='word_1_6' title='bbox 2075 236 2156 301; x_wconf 87' lang='lat' dir='ltr'><strong>IN</strong></span> <span class='ocrx_word' id='word_1_7' title='bbox 2202 243 2375 304; x_wconf 81' lang='lat' dir='ltr'><strong>CAP.</strong></span> <span class='ocrx_word' id='word_1_8' title='bbox 2421 240 2473 304; x_wconf 80' lang='grc' dir='ltr'><strong>ν</strong></span> <span class='ocrx_word' id='word_1_9' title='bbox 2516 244 2583 304; x_wconf 86' lang='grc' dir='ltr'><strong>Β.</strong></span> <span class='ocrx_word' id='word_1_10' title='bbox 2628 240 2794 307; x_wconf 85' lang='lat' dir='ltr'><strong>JOB.</strong></span> 
     </span>
    </p>
   </div>
   <div class='ocr_carea' id='block_1_3' title="bbox 3615 243 3735 304">
    <p class='ocr_par' dir='ltr' id='par_1_3' title="bbox 3615 243 3735 304">
     <span class='ocr_line' id='line_1_3' title="bbox 3615 243 3735 304; baseline -0.017 -1"><span class='ocrx_word' id='word_1_11' title='bbox 3615 243 3735 304; x_wconf 63' lang='lat'><strong>734</strong></span> 
     </span>
    </p>
   </div>
   <div class='ocr_carea' id='block_1_4' title="bbox 197 371 3737 450">
    <p class='ocr_par' dir='ltr' id='par_1_4' title="bbox 197 371 3737 450">
     <span class='ocr_line' id='line_1_4' title="bbox 197 371 3737 450; baseline -0.001 -16"><span class='ocrx_word' id='word_1_12' title='bbox 197 378 374 434; x_wconf 80' lang='lat' dir='ltr'><strong>ﬁrma</strong></span> <span class='ocrx_word' id='word_1_13' title='bbox 405 374 599 432; x_wconf 79' lang='lat' dir='ltr'><strong>radice</strong></span> <span class='ocrx_word' id='word_1_14' title='bbox 630 371 850 429; x_wconf 90' lang='lat' dir='ltr'><strong>stultus</strong></span> <span class='ocrx_word' id='word_1_15' title='bbox 881 371 1182 439; x_wconf 89' lang='lat' dir='ltr'><strong>attollitur,</strong></span> <span class='ocrx_word' id='word_1_16' title='bbox 1215 372 1452 444; x_wconf 83' lang='lat' dir='ltr'><strong>quando</strong></span> <span class='ocrx_word' id='word_1_17' title='bbox 1487 371 1581 430; x_wconf 85' lang='lat' dir='ltr'><strong>hic</strong></span> <span class='ocrx_word' id='word_1_18' title='bbox 1611 372 1919 444; x_wconf 81' lang='lat' dir='ltr'><strong>temporali</strong></span> <span class='ocrx_word' id='word_1_19' title='bbox 1948 376 1995 441; x_wconf 77' lang='grc' dir='ltr'><strong>Α</strong></span> <span class='ocrx_word' id='word_1_20' title='bbox 2030 374 2201 430; x_wconf 84' lang='lat' dir='ltr'><strong>simul</strong></span> <span class='ocrx_word' id='word_1_21' title='bbox 2241 378 2415 432; x_wconf 82' lang='lat' dir='ltr'><strong>etiam</strong></span> <span class='ocrx_word' id='word_1_22' title='bbox 2450 394 2675 448; x_wconf 66' lang='lat' dir='ltr'><strong>pinnam</strong></span> <span class='ocrx_word' id='word_1_23' title='bbox 2706 380 3046 450; x_wconf 75' lang='lat' dir='ltr'><strong>sequentem</strong></span> <span class='ocrx_word' id='word_1_24' title='bbox 3073 377 3211 434; x_wconf 87' lang='lat' dir='ltr'><strong>vidi.</strong></span> <span class='ocrx_word' id='word_1_25' title='bbox 3262 377 3389 434; x_wconf 90' lang='lat' dir='ltr'><strong>Non</strong></span> <span class='ocrx_word' id='word_1_26' title='bbox 3420 376 3577 431; x_wconf 90' lang='lat' dir='ltr'><strong>enim</strong></span> <span class='ocrx_word' id='word_1_27' title='bbox 3610 377 3737 431; x_wconf 81' lang='lat' dir='ltr'><strong>sta-</strong></span> 
     </span>
    </p>
   </div>
   <div class='ocr_carea' id='block_1_5' title="bbox 196 462 1916 541">
    <p class='ocr_par' dir='ltr' id='par_1_5' title="bbox 196 462 1916 541">
     <span class='ocr_line' id='line_1_5' title="bbox 196 462 1916 541; baseline -0.002 -19"><span class='ocrx_word' id='word_1_28' title='bbox 196 466 589 541; x_wconf 79' lang='lat' dir='ltr'><strong>prosperitate</strong></span> <span class='ocrx_word' id='word_1_29' title='bbox 621 462 898 530; x_wconf 72' lang='lat' dir='ltr'><strong>fulcitur;</strong></span> <span class='ocrx_word' id='word_1_30' title='bbox 929 467 993 517; x_wconf 89' lang='lat' dir='ltr'><strong>ut</strong></span> <span class='ocrx_word' id='word_1_31' title='bbox 1021 478 1193 518; x_wconf 89' lang='lat' dir='ltr'><strong>omne</strong></span> <span class='ocrx_word' id='word_1_32' title='bbox 1222 462 1373 533; x_wconf 89' lang='lat' dir='ltr'><strong>quod</strong></span> <span class='ocrx_word' id='word_1_33' title='bbox 1404 463 1617 533; x_wconf 88' lang='lat' dir='ltr'><strong>appetit</strong></span> <span class='ocrx_word' id='word_1_34' title='bbox 1649 478 1916 535; x_wconf 84' lang='lat' dir='ltr'><strong>assequa-</strong></span> 
     </span>
    </p>
   </div>
   <div class='ocr_carea' id='block_1_6' title="bbox 199 550 1919 627">
    <p class='ocr_par' dir='ltr' id='par_1_6' title="bbox 199 550 1919 627">
     <span class='ocr_line' id='line_1_6' title="bbox 199 550 1919 627; baseline -0.004 -13"><span class='ocrx_word' id='word_1_35' title='bbox 199 562 320 627; x_wconf 80' lang='lat' dir='ltr'><strong>tur,</strong></span> <span class='ocrx_word' id='word_1_36' title='bbox 357 555 603 612; x_wconf 82' lang='lat' dir='ltr'><strong>adversa</strong></span> <span class='ocrx_word' id='word_1_37' title='bbox 634 550 797 607; x_wconf 83' lang='lat' dir='ltr'><strong>nulla</strong></span> <span class='ocrx_word' id='word_1_38' title='bbox 826 551 1132 618; x_wconf 78' lang='lat' dir='ltr'><strong>sustineat,</strong></span> <span class='ocrx_word' id='word_1_39' title='bbox 1156 557 1358 607; x_wconf 87' lang='lat' dir='ltr'><strong>contra</strong></span> <span class='ocrx_word' id='word_1_40' title='bbox 1382 551 1648 607; x_wconf 77' lang='lat' dir='ltr'><strong>infirmos</strong></span> <span class='ocrx_word' id='word_1_41' title='bbox 1678 551 1805 607; x_wconf 85' lang='lat' dir='ltr'><strong>sine</strong></span> <span class='ocrx_word' id='word_1_42' title='bbox 1837 568 1919 608; x_wconf 86' lang='lat' dir='ltr'><strong>re-</strong></span> 
     </span>
    </p>
   </div>
   <div class='ocr_carea' id='block_1_7' title="bbox 200 642 1921 719">
    <p class='ocr_par' dir='ltr' id='par_1_7' title="bbox 200 642 1921 719">
     <span class='ocr_line' id='line_1_7' title="bbox 200 642 1921 719; baseline -0.001 -18"><span class='ocrx_word' id='word_1_43' title='bbox 200 646 567 719; x_wconf 89' lang='lat' dir='ltr'><strong>pugnatione</strong></span> <span class='ocrx_word' id='word_1_44' title='bbox 608 643 939 713; x_wconf 63' lang='lat' dir='ltr'><strong>praevaleat,</strong></span> <span class='ocrx_word' id='word_1_45' title='bbox 972 643 1118 699; x_wconf 87' lang='lat' dir='ltr'><strong>bene</strong></span> <span class='ocrx_word' id='word_1_46' title='bbox 1149 642 1457 713; x_wconf 89' lang='lat' dir='ltr'><strong>agentibus</strong></span> <span class='ocrx_word' id='word_1_47' title='bbox 1489 658 1555 697; x_wconf 82' lang='lat' dir='ltr'><strong>ex</strong></span> <span class='ocrx_word' id='word_1_48' title='bbox 1578 644 1921 699; x_wconf 72' lang='lat' dir='ltr'><strong>auctoritate</strong></span> 
     </span>
    </p>
   </div>
   <div class='ocr_carea' id='block_1_8' title="bbox 200 732 1923 803">
    <p class='ocr_par' dir='ltr' id='par_1_8' title="bbox 200 732 1923 803">
     <span class='ocr_line' id='line_1_8' title="bbox 200 732 1923 803; baseline -0.002 -12"><span class='ocrx_word' id='word_1_49' title='bbox 200 733 590 795; x_wconf 85' lang='lat' dir='ltr'><strong>contradicat.</strong></span> <span class='ocrx_word' id='word_1_50' title='bbox 650 733 721 787; x_wconf 92' lang='lat' dir='ltr'><strong>ad</strong></span> <span class='ocrx_word' id='word_1_51' title='bbox 771 733 994 801; x_wconf 87' lang='lat' dir='ltr'><strong>majora</strong></span> <span class='ocrx_word' id='word_1_52' title='bbox 1038 732 1344 786; x_wconf 89' lang='lat' dir='ltr'><strong>commoda</strong></span> <span class='ocrx_word' id='word_1_53' title='bbox 1381 748 1449 786; x_wconf 88' lang='lat' dir='ltr'><strong>ex</strong></span> <span class='ocrx_word' id='word_1_54' title='bbox 1481 732 1659 801; x_wconf 87' lang='lat' dir='ltr'><strong>pejori</strong></span> <span class='ocrx_word' id='word_1_55' title='bbox 1691 747 1923 803; x_wconf 79' lang='lat' dir='ltr'><strong>semper</strong></span> 
     </span>
    </p>
   </div>
   <div class='ocr_carea' id='block_1_9' title="bbox 195 820 1919 894">
    <p class='ocr_par' dir='ltr' id='par_1_9' title="bbox 195 820 1919 894">
     <span class='ocr_line' id='line_1_9' title="bbox 195 820 1919 894; baseline -0.005 -11"><span class='ocrx_word' id='word_1_56' title='bbox 195 824 431 883; x_wconf 83' lang='lat' dir='ltr'><strong>actione</strong></span> <span class='ocrx_word' id='word_1_57' title='bbox 461 822 775 894; x_wconf 84' lang='lat' dir='ltr'><strong>perveniat,</strong></span> <span class='ocrx_word' id='word_1_58' title='bbox 809 825 870 875; x_wconf 88' lang='lat' dir='ltr'><strong>ut</strong></span> <span class='ocrx_word' id='word_1_59' title='bbox 904 822 1059 875; x_wconf 90' lang='lat' dir='ltr'><strong>unde</strong></span> <span class='ocrx_word' id='word_1_60' title='bbox 1086 820 1235 877; x_wconf 86' lang='lat' dir='ltr'><strong>viam</strong></span> <span class='ocrx_word' id='word_1_61' title='bbox 1266 822 1396 876; x_wconf 56' lang='lat' dir='ltr'><strong>vitae</strong></span> <span class='ocrx_word' id='word_1_62' title='bbox 1426 820 1659 888; x_wconf 87' lang='lat' dir='ltr'><strong>deserit,</strong></span> <span class='ocrx_word' id='word_1_63' title='bbox 1693 821 1829 877; x_wconf 90' lang='lat' dir='ltr'><strong>inde</strong></span> <span class='ocrx_word' id='word_1_64' title='bbox 1849 820 1919 875; x_wconf 91' lang='lat' dir='ltr'><strong>ad</strong></span> 
     </span>
    </p>
   </div>
   <div class='ocr_carea' id='block_1_10' title="bbox 200 908 1923 985">
    <p class='ocr_par' dir='ltr' id='par_1_10' title="bbox 200 908 1923 985">
     <span class='ocr_line' id='line_1_10' title="bbox 200 908 1923 985; baseline -0.005 -13"><span class='ocrx_word' id='word_1_65' title='bbox 200 920 439 985; x_wconf 89' lang='lat' dir='ltr'><strong>tempus</strong></span> <span class='ocrx_word' id='word_1_66' title='bbox 469 912 691 969; x_wconf 83' lang='lat' dir='ltr'><strong>felicior</strong></span> <span class='ocrx_word' id='word_1_67' title='bbox 720 911 897 967; x_wconf 83' lang='lat' dir='ltr'><strong>vivat.</strong></span> <span class='ocrx_word' id='word_1_68' title='bbox 932 911 1042 967; x_wconf 88' lang='lat' dir='ltr'><strong>Sed</strong></span> <span class='ocrx_word' id='word_1_69' title='bbox 1074 926 1208 965; x_wconf 90' lang='lat' dir='ltr'><strong>cum</strong></span> <span class='ocrx_word' id='word_1_70' title='bbox 1243 909 1429 966; x_wconf 91' lang='lat' dir='ltr'><strong>malos</strong></span> <span class='ocrx_word' id='word_1_71' title='bbox 1461 914 1664 966; x_wconf 87' lang='lat' dir='ltr'><strong>florere</strong></span> <span class='ocrx_word' id='word_1_72' title='bbox 1704 908 1923 965; x_wconf 84' lang='lat' dir='ltr'><strong>infirmi</strong></span> 
     </span>
    </p>
   </div>
   <div class='ocr_carea' id='block_1_11' title="bbox 200 1000 1924 1076">
    <p class='ocr_par' dir='ltr' id='par_1_11' title="bbox 200 1000 1924 1076">
     <span class='ocr_line' id='line_1_11' title="bbox 200 1000 1924 1076; baseline -0.005 -15"><span class='ocrx_word' id='word_1_73' title='bbox 200 1001 601 1076; x_wconf 82' lang='lat' dir='ltr'><strong>conspiciunt,</strong></span> <span class='ocrx_word' id='word_1_74' title='bbox 632 1000 963 1071; x_wconf 88' lang='lat' dir='ltr'><strong>trepidant;</strong></span> <span class='ocrx_word' id='word_1_75' title='bbox 996 1003 1052 1056; x_wconf 90' lang='lat' dir='ltr'><strong>et</strong></span> <span class='ocrx_word' id='word_1_76' title='bbox 1090 1000 1244 1070; x_wconf 89' lang='lat' dir='ltr'><strong>apud</strong></span> <span class='ocrx_word' id='word_1_77' title='bbox 1285 1001 1633 1070; x_wconf 88' lang='lat' dir='ltr'><strong>semetipsos</strong></span> <span class='ocrx_word' id='word_1_78' title='bbox 1678 1014 1924 1070; x_wconf 87' lang='lat' dir='ltr'><strong>peccan-</strong></span> 
     </span>
    </p>
   </div>
   <div class='ocr_carea' id='block_1_12' title="bbox 199 1090 1925 1165">
    <p class='ocr_par' dir='ltr' id='par_1_12' title="bbox 199 1090 1925 1165">
     <span class='ocr_line' id='line_1_12' title="bbox 199 1090 1925 1165; baseline -0.002 -15"><span class='ocrx_word' id='word_1_79' title='bbox 199 1095 355 1150; x_wconf 87' lang='lat' dir='ltr'><strong>tium</strong></span> <span class='ocrx_word' id='word_1_80' title='bbox 388 1091 778 1165; x_wconf 84' lang='lat' dir='ltr'><strong>prosperitate</strong></span> <span class='ocrx_word' id='word_1_81' title='bbox 809 1090 1053 1157; x_wconf 88' lang='lat' dir='ltr'><strong>turbati,</strong></span> <span class='ocrx_word' id='word_1_82' title='bbox 1084 1090 1247 1145; x_wconf 88' lang='lat' dir='ltr'><strong>intus</strong></span> <span class='ocrx_word' id='word_1_83' title='bbox 1279 1090 1336 1144; x_wconf 91' lang='lat' dir='ltr'><strong>in</strong></span> <span class='ocrx_word' id='word_1_84' title='bbox 1384 1091 1683 1161; x_wconf 88' lang='lat' dir='ltr'><strong>gressibus</strong></span> <span class='ocrx_word' id='word_1_85' title='bbox 1715 1091 1925 1147; x_wconf 87' lang='lat' dir='ltr'><strong>mentis</strong></span> 
     </span>
    </p>
   </div>
   <div class='ocr_carea' id='block_1_13' title="bbox 201 1181 1926 1253">
    <p class='ocr_par' dir='ltr' id='par_1_13' title="bbox 201 1181 1926 1253">
     <span class='ocr_line' id='line_1_13' title="bbox 201 1181 1926 1253; baseline -0.004 -10"><span class='ocrx_word' id='word_1_86' title='bbox 201 1188 439 1243; x_wconf 85' lang='lat' dir='ltr'><strong>nutant.</strong></span> <span class='ocrx_word' id='word_1_87' title='bbox 474 1186 730 1250; x_wconf 87' lang='lat' dir='ltr'><strong>Quorum</strong></span> <span class='ocrx_word' id='word_1_88' title='bbox 765 1182 1021 1253; x_wconf 86' lang='lat' dir='ltr'><strong>profecto</strong></span> <span class='ocrx_word' id='word_1_89' title='bbox 1055 1182 1306 1252; x_wconf 87' lang='lat' dir='ltr'><strong>speciem</strong></span> <span class='ocrx_word' id='word_1_90' title='bbox 1341 1181 1926 1251; x_wconf 90' lang='lat' dir='ltr'><strong>sumpsitPsalmista</strong></span> 
     </span>
    </p>
   </div>
   <div class='ocr_carea' id='block_1_14' title="bbox 204 1273 1925 1343">
    <p class='ocr_par' dir='ltr' id='par_1_14' title="bbox 204 1273 1925 1343">
     <span class='ocr_line' id='line_1_14' title="bbox 204 1273 1925 1343; baseline -0.005 -10"><span class='ocrx_word' id='word_1_91' title='bbox 204 1290 345 1333; x_wconf 80' lang='lat' dir='ltr'><strong>cum</strong></span> <span class='ocrx_word' id='word_1_92' title='bbox 377 1274 599 1331; x_wconf 84' lang='lat' dir='ltr'><strong>diceret</strong></span> <span class='ocrx_word' id='word_1_93' title='bbox 628 1290 642 1328; x_wconf 89' lang='lat'><strong>:</strong></span> <span class='ocrx_word' id='word_1_94' title='bbox 675 1276 782 1329; x_wconf 78' lang='lat' dir='ltr'><strong>Mei</strong></span> <span class='ocrx_word' id='word_1_95' title='bbox 820 1281 1005 1328; x_wconf 87' lang='lat' dir='ltr'><strong>autem</strong></span> <span class='ocrx_word' id='word_1_96' title='bbox 1038 1289 1183 1343; x_wconf 88' lang='lat' dir='ltr'><strong>pene</strong></span> <span class='ocrx_word' id='word_1_97' title='bbox 1225 1276 1362 1328; x_wconf 88' lang='lat' dir='ltr'><strong>moti</strong></span> <span class='ocrx_word' id='word_1_98' title='bbox 1398 1280 1528 1329; x_wconf 89' lang='lat' dir='ltr'><strong>sunt</strong></span> <span class='ocrx_word' id='word_1_99' title='bbox 1564 1273 1752 1343; x_wconf 85' lang='lat' dir='ltr'><strong>pedes,</strong></span> <span class='ocrx_word' id='word_1_100' title='bbox 1783 1288 1925 1341; x_wconf 87' lang='lat' dir='ltr'><strong>pene</strong></span> 
     </span>
    </p>
   </div>
   <div class='ocr_carea' id='block_1_15' title="bbox 205 1359 1924 1433">
    <p class='ocr_par' dir='ltr' id='par_1_15' title="bbox 205 1359 1924 1433">
     <span class='ocr_line' id='line_1_15' title="bbox 205 1359 1924 1433; baseline -0.003 -12"><span class='ocrx_word' id='word_1_101' title='bbox 205 1365 376 1433; x_wconf 73' lang='lat' dir='ltr'><strong>effusi</strong></span> <span class='ocrx_word' id='word_1_102' title='bbox 404 1370 531 1419; x_wconf 86' lang='lat' dir='ltr'><strong>sunt</strong></span> <span class='ocrx_word' id='word_1_103' title='bbox 558 1378 776 1432; x_wconf 84' lang='lat' dir='ltr'><strong>gressus</strong></span> <span class='ocrx_word' id='word_1_104' title='bbox 796 1363 934 1427; x_wconf 84' lang='lat' dir='ltr'><strong>mei;</strong></span> <span class='ocrx_word' id='word_1_105' title='bbox 966 1359 1045 1430; x_wconf 83' lang='grc' dir='ltr'><strong>(α)</strong></span> <span class='ocrx_word' id='word_1_106' title='bbox 1076 1364 1209 1433; x_wconf 96' lang='lat' dir='ltr'><strong>quia</strong></span> <span class='ocrx_word' id='word_1_107' title='bbox 1238 1362 1410 1417; x_wconf 80' lang='lat' dir='ltr'><strong>zelavi</strong></span> <span class='ocrx_word' id='word_1_108' title='bbox 1437 1366 1493 1416; x_wconf 89' lang='lat' dir='ltr'><strong>in</strong></span> <span class='ocrx_word' id='word_1_109' title='bbox 1519 1361 1924 1432; x_wconf 79' lang='lat' dir='ltr'><strong>peccatoribus,</strong></span> 
     </span>
    </p>
   </div>
   <div class='ocr_carea' id='block_1_16' title="bbox 195 1450 1513 1527">
    <p class='ocr_par' dir='ltr' id='par_1_16' title="bbox 195 1450 1513 1527">
     <span class='ocr_line' id='line_1_16' title="bbox 195 1450 1513 1527; baseline -0.002 -18"><span class='ocrx_word' id='word_1_110' title='bbox 195 1470 401 1527; x_wconf 85' lang='lat' dir='ltr'><strong>pacem</strong></span> <span class='ocrx_word' id='word_1_111' title='bbox 434 1459 788 1523; x_wconf 83' lang='lat' dir='ltr'><strong>peccatorum</strong></span> <span class='ocrx_word' id='word_1_112' title='bbox 817 1451 1005 1506; x_wconf 85' lang='lat' dir='ltr'><strong>videns</strong></span> <span class='ocrx_word' id='word_1_113' title='bbox 1033 1450 1210 1519; x_wconf 88' lang='lat' dir='ltr'><strong>(Psal.</strong></span> <span class='ocrx_word' id='word_1_114' title='bbox 1244 1467 1413 1519; x_wconf 77' lang='lat' dir='ltr'><strong>LXXII,</strong></span> <span class='ocrx_word' id='word_1_115' title='bbox 1437 1452 1513 1522; x_wconf 85' lang='lat'><strong>2).</strong></span> 
     </span>
    </p>
   </div>
   <div class='ocr_carea' id='block_1_17' title="bbox 276 1542 1924 1614">
    <p class='ocr_par' dir='ltr' id='par_1_17' title="bbox 276 1542 1924 1614">
     <span class='ocr_line' id='line_1_17' title="bbox 276 1542 1924 1614; baseline -0.001 -16"><span class='ocrx_word' id='word_1_116' title='bbox 276 1545 334 1599; x_wconf 92' lang='lat'><strong>8.</strong></span> <span class='ocrx_word' id='word_1_117' title='bbox 375 1545 681 1600; x_wconf 88' lang='lat' dir='ltr'><strong>Prudentes</strong></span> <span class='ocrx_word' id='word_1_118' title='bbox 709 1558 897 1598; x_wconf 87' lang='lat' dir='ltr'><strong>eorum</strong></span> <span class='ocrx_word' id='word_1_119' title='bbox 944 1543 1181 1611; x_wconf 80' lang='lat' dir='ltr'><strong>gloriam</strong></span> <span class='ocrx_word' id='word_1_120' title='bbox 1225 1542 1561 1614; x_wconf 87' lang='lat' dir='ltr'><strong>despiciunt.</strong></span> <span class='ocrx_word' id='word_1_121' title='bbox 1608 1543 1711 1598; x_wconf 86' lang='lat' dir='ltr'><strong>Nec</strong></span> <span class='ocrx_word' id='word_1_122' title='bbox 1758 1542 1924 1597; x_wconf 89' lang='lat' dir='ltr'><strong>dam-</strong></span> 
     </span>
    </p>
   </div>
   <div class='ocr_carea' id='block_1_18' title="bbox 202 1630 1925 1702">
    <p class='ocr_par' dir='ltr' id='par_1_18' title="bbox 202 1630 1925 1702">
     <span class='ocr_line' id='line_1_18' title="bbox 202 1630 1925 1702; baseline -0.001 -15"><span class='ocrx_word' id='word_1_123' title='bbox 202 1649 343 1688; x_wconf 84' lang='lat' dir='ltr'><strong>nare</strong></span> <span class='ocrx_word' id='word_1_124' title='bbox 372 1632 665 1702; x_wconf 81' lang='lat' dir='ltr'><strong>differunt.</strong></span> <span class='ocrx_word' id='word_1_125' title='bbox 722 1661 793 1673; x_wconf 92' lang='lat'>—</span> <span class='ocrx_word' id='word_1_126' title='bbox 844 1634 985 1686; x_wconf 90' lang='lat' dir='ltr'><strong>Cum</strong></span> <span class='ocrx_word' id='word_1_127' title='bbox 1031 1647 1165 1687; x_wconf 89' lang='lat' dir='ltr'><strong>vero</strong></span> <span class='ocrx_word' id='word_1_128' title='bbox 1196 1647 1399 1687; x_wconf 90' lang='lat' dir='ltr'><strong>eorum</strong></span> <span class='ocrx_word' id='word_1_129' title='bbox 1449 1630 1695 1701; x_wconf 85' lang='lat' dir='ltr'><strong>gloriam</strong></span> <span class='ocrx_word' id='word_1_130' title='bbox 1748 1630 1925 1685; x_wconf 87' lang='lat' dir='ltr'><strong>fortes</strong></span> 
     </span>
    </p>
   </div>
   <div class='ocr_carea' id='block_1_19' title="bbox 200 1720 1903 1795">
    <p class='ocr_par' dir='ltr' id='par_1_19' title="bbox 200 1720 1903 1795">
     <span class='ocr_line' id='line_1_19' title="bbox 200 1720 1903 1795; baseline -0.005 -15"><span class='ocrx_word' id='word_1_131' title='bbox 200 1722 524 1795; x_wconf 87' lang='lat' dir='ltr'><strong>aspiciunt,</strong></span> <span class='ocrx_word' id='word_1_132' title='bbox 557 1722 821 1793; x_wconf 89' lang='lat' dir='ltr'><strong>protinus</strong></span> <span class='ocrx_word' id='word_1_133' title='bbox 842 1737 970 1792; x_wconf 64' lang='lat' dir='ltr'><strong>quae</strong></span> <span class='ocrx_word' id='word_1_134' title='bbox 1004 1725 1133 1790; x_wconf 91' lang='lat' dir='ltr'><strong>post</strong></span> <span class='ocrx_word' id='word_1_135' title='bbox 1162 1720 1406 1791; x_wconf 85' lang='lat' dir='ltr'><strong>gloriam</strong></span> <span class='ocrx_word' id='word_1_136' title='bbox 1434 1723 1903 1792; x_wconf 78' lang='lat' dir='ltr'><strong>pcenasequatur</strong></span> 
     </span>
    </p>
   </div>
   <div class='ocr_carea' id='block_1_20' title="bbox 137 1809 1923 1880">
    <p class='ocr_par' dir='ltr' id='par_1_20' title="bbox 137 1809 1923 1880">
     <span class='ocr_line' id='line_1_20' title="bbox 137 1809 1923 1880; baseline -0.003 -11"><span class='ocrx_word' id='word_1_137' title='bbox 137 1844 147 1852; x_wconf 91' lang='lat'><strong>-</strong></span> <span class='ocrx_word' id='word_1_138' title='bbox 208 1811 554 1877; x_wconf 87' lang='lat' dir='ltr'><strong>attendunt;</strong></span> <span class='ocrx_word' id='word_1_139' title='bbox 585 1814 643 1867; x_wconf 90' lang='lat' dir='ltr'><strong>et</strong></span> <span class='ocrx_word' id='word_1_140' title='bbox 673 1811 789 1866; x_wconf 87' lang='lat' dir='ltr'><strong>alta</strong></span> <span class='ocrx_word' id='word_1_141' title='bbox 819 1810 981 1866; x_wconf 89' lang='lat' dir='ltr'><strong>intus</strong></span> <span class='ocrx_word' id='word_1_142' title='bbox 1018 1809 1367 1879; x_wconf 79' lang='lat' dir='ltr'><strong>cogitatione</strong></span> <span class='ocrx_word' id='word_1_143' title='bbox 1414 1810 1744 1880; x_wconf 86' lang='lat' dir='ltr'><strong>despiciunt</strong></span> <span class='ocrx_word' id='word_1_144' title='bbox 1792 1809 1923 1874; x_wconf 89' lang='lat' dir='ltr'><strong>hoc,</strong></span> 
     </span>
    </p>
   </div>
   <div class='ocr_carea' id='block_1_21' title="bbox 209 1901 1923 1975">
    <p class='ocr_par' dir='ltr' id='par_1_21' title="bbox 209 1901 1923 1975">
     <span class='ocr_line' id='line_1_21' title="bbox 209 1901 1923 1975; baseline -0.004 -16"><span class='ocrx_word' id='word_1_145' title='bbox 209 1904 364 1975; x_wconf 91' lang='lat' dir='ltr'><strong>quod</strong></span> <span class='ocrx_word' id='word_1_146' title='bbox 399 1902 639 1973; x_wconf 89' lang='lat' dir='ltr'><strong>superbi</strong></span> <span class='ocrx_word' id='word_1_147' title='bbox 672 1903 825 1957; x_wconf 88' lang='lat' dir='ltr'><strong>foras</strong></span> <span class='ocrx_word' id='word_1_148' title='bbox 857 1902 1007 1957; x_wconf 86' lang='lat' dir='ltr'><strong>fastu</strong></span> <span class='ocrx_word' id='word_1_149' title='bbox 1052 1918 1246 1956; x_wconf 65' lang='lat' dir='ltr'><strong>vacum</strong></span> <span class='ocrx_word' id='word_1_150' title='bbox 1291 1901 1609 1957; x_wconf 80' lang='lat' dir='ltr'><strong>inflationis</strong></span> <span class='ocrx_word' id='word_1_151' title='bbox 1641 1902 1923 1955; x_wconf 87' lang='lat' dir='ltr'><strong>intumes-</strong></span> 
     </span>
    </p>
   </div>
   <div class='ocr_carea' id='block_1_22' title="bbox 209 1990 1927 2062">
    <p class='ocr_par' dir='ltr' id='par_1_22' title="bbox 209 1990 1927 2062">
     <span class='ocr_line' id='line_1_22' title="bbox 209 1990 1927 2062; baseline -0.005 -11"><span class='ocrx_word' id='word_1_152' title='bbox 209 1997 377 2051; x_wconf 87' lang='lat' dir='ltr'><strong>cunt.</strong></span> <span class='ocrx_word' id='word_1_153' title='bbox 410 1993 564 2049; x_wconf 88' lang='lat' dir='ltr'><strong>Bene</strong></span> <span class='ocrx_word' id='word_1_154' title='bbox 594 2008 728 2062; x_wconf 89' lang='lat' dir='ltr'><strong>ergo</strong></span> <span class='ocrx_word' id='word_1_155' title='bbox 758 1990 973 2047; x_wconf 82' lang='lat' dir='ltr'><strong>dicitur</strong></span> <span class='ocrx_word' id='word_1_156' title='bbox 1007 2009 1020 2047; x_wconf 91' lang='lat'>:</span> <span class='ocrx_word' id='word_1_157' title='bbox 1054 1993 1172 2060; x_wconf 89' lang='lat' dir='ltr'><strong>Ego</strong></span> <span class='ocrx_word' id='word_1_158' title='bbox 1215 1991 1333 2046; x_wconf 78' lang='lat' dir='ltr'><strong>vidi</strong></span> <span class='ocrx_word' id='word_1_159' title='bbox 1359 1992 1590 2047; x_wconf 87' lang='lat' dir='ltr'><strong>stultum</strong></span> <span class='ocrx_word' id='word_1_160' title='bbox 1639 1995 1799 2059; x_wconf 89' lang='lat' dir='ltr'><strong>ﬁrma</strong></span> <span class='ocrx_word' id='word_1_161' title='bbox 1830 2005 1927 2043; x_wconf 86' lang='lat' dir='ltr'><strong>ra-</strong></span> 
     </span>
    </p>
   </div>
   <div class='ocr_carea' id='block_1_23' title="bbox 209 2081 1925 2153">
    <p class='ocr_par' dir='ltr' id='par_1_23' title="bbox 209 2081 1925 2153">
     <span class='ocr_line' id='line_1_23' title="bbox 209 2081 1925 2153; baseline -0.003 -12"><span class='ocrx_word' id='word_1_162' title='bbox 209 2086 352 2152; x_wconf 90' lang='lat' dir='ltr'><strong>dice,</strong></span> <span class='ocrx_word' id='word_1_163' title='bbox 384 2092 438 2140; x_wconf 83' lang='lat' dir='ltr'><strong>et</strong></span> <span class='ocrx_word' id='word_1_164' title='bbox 461 2084 728 2139; x_wconf 66' lang='lat' dir='ltr'><strong>maledixi</strong></span> <span class='ocrx_word' id='word_1_165' title='bbox 751 2082 1162 2153; x_wconf 80' lang='lat' dir='ltr'><strong>pulchritudini</strong></span> <span class='ocrx_word' id='word_1_166' title='bbox 1192 2082 1309 2151; x_wconf 86' lang='lat' dir='ltr'><strong>ejus</strong></span> <span class='ocrx_word' id='word_1_167' title='bbox 1344 2086 1548 2138; x_wconf 81' lang='lat' dir='ltr'><strong>statim.</strong></span> <span class='ocrx_word' id='word_1_168' title='bbox 1585 2081 1925 2137; x_wconf 90' lang='lat' dir='ltr'><strong>Pulchritu-</strong></span> 
     </span>
    </p>
   </div>
   <div class='ocr_carea' id='block_1_24' title="bbox 212 2171 1929 2246">
    <p class='ocr_par' dir='ltr' id='par_1_24' title="bbox 212 2171 1929 2246">
     <span class='ocr_line' id='line_1_24' title="bbox 212 2171 1929 2246; baseline -0.003 -15"><span class='ocrx_word' id='word_1_169' title='bbox 212 2175 341 2231; x_wconf 89' lang='lat' dir='ltr'><strong>dini</strong></span> <span class='ocrx_word' id='word_1_170' title='bbox 374 2174 592 2246; x_wconf 88' lang='lat' dir='ltr'><strong>quippe</strong></span> <span class='ocrx_word' id='word_1_171' title='bbox 621 2174 791 2228; x_wconf 87' lang='lat' dir='ltr'><strong>stulti</strong></span> <span class='ocrx_word' id='word_1_172' title='bbox 840 2173 1208 2237; x_wconf 86' lang='lat' dir='ltr'><strong>maledicere,</strong></span> <span class='ocrx_word' id='word_1_173' title='bbox 1257 2180 1345 2228; x_wconf 89' lang='lat' dir='ltr'><strong>est</strong></span> <span class='ocrx_word' id='word_1_174' title='bbox 1391 2173 1519 2243; x_wconf 87' lang='lat' dir='ltr'><strong>ejus</strong></span> <span class='ocrx_word' id='word_1_175' title='bbox 1572 2171 1813 2242; x_wconf 81' lang='lat' dir='ltr'><strong>gloriam</strong></span> <span class='ocrx_word' id='word_1_176' title='bbox 1859 2186 1929 2225; x_wconf 87' lang='lat' dir='ltr'><strong>ex</strong></span> 
     </span>
    </p>
   </div>
   <div class='ocr_carea' id='block_1_25' title="bbox 207 2260 1929 2333">
    <p class='ocr_par' dir='ltr' id='par_1_25' title="bbox 207 2260 1929 2333">
     <span class='ocr_line' id='line_1_25' title="bbox 207 2260 1929 2333; baseline -0.002 -12"><span class='ocrx_word' id='word_1_177' title='bbox 207 2264 583 2321; x_wconf 88' lang='lat' dir='ltr'><strong>considerata</strong></span> <span class='ocrx_word' id='word_1_178' title='bbox 610 2262 988 2319; x_wconf 91' lang='lat' dir='ltr'><strong>damnatione</strong></span> <span class='ocrx_word' id='word_1_179' title='bbox 1030 2262 1318 2331; x_wconf 88' lang='lat' dir='ltr'><strong>judicare,</strong></span> <span class='ocrx_word' id='word_1_180' title='bbox 1368 2262 1508 2333; x_wconf 89' lang='lat' dir='ltr'><strong>quia</strong></span> <span class='ocrx_word' id='word_1_181' title='bbox 1559 2277 1625 2317; x_wconf 93' lang='lat' dir='ltr'><strong>eo</strong></span> <span class='ocrx_word' id='word_1_182' title='bbox 1674 2260 1929 2318; x_wconf 85' lang='lat' dir='ltr'><strong>atrocius</strong></span> 
     </span>
    </p>
   </div>
   <div class='ocr_carea' id='block_1_26' title="bbox 201 2350 1924 2424">
    <p class='ocr_par' dir='ltr' id='par_1_26' title="bbox 201 2350 1924 2424">
     <span class='ocr_line' id='line_1_26' title="bbox 201 2350 1924 2424; baseline -0.003 -13"><span class='ocrx_word' id='word_1_183' title='bbox 201 2356 268 2412; x_wconf 90' lang='lat' dir='ltr'><strong>in</strong></span> <span class='ocrx_word' id='word_1_184' title='bbox 299 2352 611 2410; x_wconf 86' lang='lat' dir='ltr'><strong>tormentis</strong></span> <span class='ocrx_word' id='word_1_185' title='bbox 641 2352 928 2420; x_wconf 81' lang='lat' dir='ltr'><strong>obruitur,</strong></span> <span class='ocrx_word' id='word_1_186' title='bbox 953 2368 1069 2424; x_wconf 91' lang='lat' dir='ltr'><strong>quo</strong></span> <span class='ocrx_word' id='word_1_187' title='bbox 1083 2351 1259 2408; x_wconf 86' lang='lat' dir='ltr'><strong>altius</strong></span> <span class='ocrx_word' id='word_1_188' title='bbox 1279 2351 1338 2407; x_wconf 88' lang='lat' dir='ltr'><strong>in</strong></span> <span class='ocrx_word' id='word_1_189' title='bbox 1364 2351 1614 2422; x_wconf 90' lang='lat' dir='ltr'><strong>peccatis</strong></span> <span class='ocrx_word' id='word_1_190' title='bbox 1639 2350 1924 2417; x_wconf 87' lang='lat' dir='ltr'><strong>elevatur;</strong></span> 
     </span>
    </p>
   </div>
   <div class='ocr_carea' id='block_1_27' title="bbox 205 2440 1923 2516">
    <p class='ocr_par' dir='ltr' id='par_1_27' title="bbox 205 2440 1923 2516">
     <span class='ocr_line' id='line_1_27' title="bbox 205 2440 1923 2516; baseline -0.003 -17"><span class='ocrx_word' id='word_1_191' title='bbox 205 2443 351 2516; x_wconf 86' lang='lat' dir='ltr'><strong>quia</strong></span> <span class='ocrx_word' id='word_1_192' title='bbox 386 2443 591 2499; x_wconf 86' lang='lat' dir='ltr'><strong>transit</strong></span> <span class='ocrx_word' id='word_1_193' title='bbox 620 2443 772 2513; x_wconf 90' lang='lat' dir='ltr'><strong>quod</strong></span> <span class='ocrx_word' id='word_1_194' title='bbox 815 2441 1136 2508; x_wconf 81' lang='lat' dir='ltr'><strong>extollitur,</strong></span> <span class='ocrx_word' id='word_1_195' title='bbox 1162 2449 1461 2513; x_wconf 88' lang='lat' dir='ltr'><strong>permanet</strong></span> <span class='ocrx_word' id='word_1_196' title='bbox 1483 2442 1636 2512; x_wconf 92' lang='lat' dir='ltr'><strong>quod</strong></span> <span class='ocrx_word' id='word_1_197' title='bbox 1656 2440 1923 2512; x_wconf 88' lang='lat' dir='ltr'><strong>punitur;</strong></span> 
     </span>
    </p>
   </div>
   <div class='ocr_carea' id='block_1_28' title="bbox 206 2529 1929 2605">
    <p class='ocr_par' dir='ltr' id='par_1_28' title="bbox 206 2529 1929 2605">
     <span class='ocr_line' id='line_1_28' title="bbox 206 2529 1929 2605; baseline -0.004 -15"><span class='ocrx_word' id='word_1_198' title='bbox 206 2534 352 2605; x_wconf 85' lang='lat' dir='ltr'><strong>quia</strong></span> <span class='ocrx_word' id='word_1_199' title='bbox 379 2533 482 2604; x_wconf 90' lang='lat' dir='ltr'><strong>qui</strong></span> <span class='ocrx_word' id='word_1_200' title='bbox 513 2533 832 2588; x_wconf 87' lang='lat' dir='ltr'><strong>honoratur</strong></span> <span class='ocrx_word' id='word_1_201' title='bbox 862 2531 1076 2601; x_wconf 40' lang='lat' dir='ltr'><strong>india,</strong></span> <span class='ocrx_word' id='word_1_202' title='bbox 1117 2531 1176 2586; x_wconf 91' lang='lat' dir='ltr'><strong>in</strong></span> <span class='ocrx_word' id='word_1_203' title='bbox 1222 2531 1587 2601; x_wconf 89' lang='lat' dir='ltr'><strong>perventions</strong></span> <span class='ocrx_word' id='word_1_204' title='bbox 1614 2529 1929 2587; x_wconf 87' lang='lat' dir='ltr'><strong>damnabi-</strong></span> 
     </span>
    </p>
   </div>
   <div class='ocr_carea' id='block_1_29' title="bbox 208 2622 1929 2695">
    <p class='ocr_par' dir='ltr' id='par_1_29' title="bbox 208 2622 1929 2695">
     <span class='ocr_line' id='line_1_29' title="bbox 208 2622 1929 2695; baseline 0.001 -16"><span class='ocrx_word' id='word_1_205' title='bbox 208 2628 347 2691; x_wconf 88' lang='lat' dir='ltr'><strong>tur;</strong></span> <span class='ocrx_word' id='word_1_206' title='bbox 381 2628 438 2679; x_wconf 93' lang='lat' dir='ltr'><strong>et</strong></span> <span class='ocrx_word' id='word_1_207' title='bbox 466 2626 630 2695; x_wconf 88' lang='lat' dir='ltr'><strong>quasi</strong></span> <span class='ocrx_word' id='word_1_208' title='bbox 664 2639 767 2694; x_wconf 93' lang='lat' dir='ltr'><strong>per</strong></span> <span class='ocrx_word' id='word_1_209' title='bbox 809 2622 1038 2679; x_wconf 53' lang='lat' dir='ltr'><strong>amatus</strong></span> <span class='ocrx_word' id='word_1_210' title='bbox 1080 2626 1245 2693; x_wconf 88' lang='lat' dir='ltr'><strong>prata</strong></span> <span class='ocrx_word' id='word_1_211' title='bbox 1275 2622 1346 2677; x_wconf 90' lang='lat' dir='ltr'><strong>ad</strong></span> <span class='ocrx_word' id='word_1_212' title='bbox 1388 2637 1679 2677; x_wconf 89' lang='lat' dir='ltr'><strong>carcerem</strong></span> <span class='ocrx_word' id='word_1_213' title='bbox 1722 2640 1929 2693; x_wconf 87' lang='lat' dir='ltr'><strong>perve-</strong></span> 
     </span>
    </p>
   </div>
   <div class='ocr_carea' id='block_1_30' title="bbox 216 2711 1928 2784">
    <p class='ocr_par' dir='ltr' id='par_1_30' title="bbox 216 2711 1928 2784">
     <span class='ocr_line' id='line_1_30' title="bbox 216 2711 1928 2784; baseline 0.001 -13"><span class='ocrx_word' id='word_1_214' title='bbox 216 2714 337 2781; x_wconf 89' lang='lat' dir='ltr'><strong>nit,</strong></span> <span class='ocrx_word' id='word_1_215' title='bbox 390 2713 485 2784; x_wconf 89' lang='lat' dir='ltr'><strong>qui</strong></span> <span class='ocrx_word' id='word_1_216' title='bbox 531 2729 631 2784; x_wconf 90' lang='lat' dir='ltr'><strong>per</strong></span> <span class='ocrx_word' id='word_1_217' title='bbox 680 2712 982 2784; x_wconf 69' lang='lat' dir='ltr'><strong>praesentis</strong></span> <span class='ocrx_word' id='word_1_218' title='bbox 1012 2711 1141 2767; x_wconf 70' lang='lat' dir='ltr'><strong>vitm</strong></span> <span class='ocrx_word' id='word_1_219' title='bbox 1190 2726 1465 2783; x_wconf 89' lang='lat' dir='ltr'><strong>prospera</strong></span> <span class='ocrx_word' id='word_1_220' title='bbox 1494 2713 1567 2768; x_wconf 91' lang='lat' dir='ltr'><strong>ad</strong></span> <span class='ocrx_word' id='word_1_221' title='bbox 1625 2713 1928 2773; x_wconf 89' lang='lat' dir='ltr'><strong>interitum</strong></span> 
     </span>
    </p>
   </div>
   <div class='ocr_carea' id='block_1_31' title="bbox 213 2800 1926 2873">
    <p class='ocr_par' dir='ltr' id='par_1_31' title="bbox 213 2800 1926 2873">
     <span class='ocr_line' id='line_1_31' title="bbox 213 2800 1926 2873; baseline 0.001 -14"><span class='ocrx_word' id='word_1_222' title='bbox 213 2800 434 2859; x_wconf 87' lang='lat' dir='ltr'><strong>tendit.</strong></span> <span class='ocrx_word' id='word_1_223' title='bbox 466 2802 794 2859; x_wconf 81' lang='lat' dir='ltr'><strong>Notandum</strong></span> <span class='ocrx_word' id='word_1_224' title='bbox 826 2817 983 2868; x_wconf 88' lang='lat' dir='ltr'><strong>vero,</strong></span> <span class='ocrx_word' id='word_1_225' title='bbox 1022 2802 1177 2873; x_wconf 92' lang='lat' dir='ltr'><strong>quod</strong></span> <span class='ocrx_word' id='word_1_226' title='bbox 1228 2817 1361 2856; x_wconf 91' lang='lat' dir='ltr'><strong>cum</strong></span> <span class='ocrx_word' id='word_1_227' title='bbox 1406 2801 1570 2856; x_wconf 86' lang='lat' dir='ltr'><strong>stulti</strong></span> <span class='ocrx_word' id='word_1_228' title='bbox 1605 2802 1926 2871; x_wconf 88' lang='lat' dir='ltr'><strong>pulchritu-</strong></span> 
     </span>
    </p>
   </div>
   <div class='ocr_carea' id='block_1_32' title="bbox 212 2890 1926 2962">
    <p class='ocr_par' dir='ltr' id='par_1_32' title="bbox 212 2890 1926 2962">
     <span class='ocr_line' id='line_1_32' title="bbox 212 2890 1926 2962; baseline 0.001 -14"><span class='ocrx_word' id='word_1_229' title='bbox 212 2892 340 2948; x_wconf 91' lang='lat' dir='ltr'><strong>dini</strong></span> <span class='ocrx_word' id='word_1_230' title='bbox 376 2891 750 2948; x_wconf 86' lang='lat' dir='ltr'><strong>maiedixisse</strong></span> <span class='ocrx_word' id='word_1_231' title='bbox 781 2908 844 2948; x_wconf 91' lang='lat' dir='ltr'><strong>se</strong></span> <span class='ocrx_word' id='word_1_232' title='bbox 874 2891 1111 2958; x_wconf 89' lang='lat' dir='ltr'><strong>diceret,</strong></span> <span class='ocrx_word' id='word_1_233' title='bbox 1144 2890 1411 2962; x_wconf 88' lang='lat' dir='ltr'><strong>protinus</strong></span> <span class='ocrx_word' id='word_1_234' title='bbox 1443 2892 1685 2959; x_wconf 86' lang='lat' dir='ltr'><strong>addidit,</strong></span> <span class='ocrx_word' id='word_1_235' title='bbox 1718 2896 1926 2949; x_wconf 79' lang='lat' dir='ltr'><strong>statim.</strong></span> 
     </span>
    </p>
   </div>
   <div class='ocr_carea' id='block_1_33' title="bbox 207 2980 1927 3054">
    <p class='ocr_par' dir='ltr' id='par_1_33' title="bbox 207 2980 1927 3054">
     <span class='ocr_line' id='line_1_33' title="bbox 207 2980 1927 3054; baseline 0.001 -17"><span class='ocrx_word' id='word_1_236' title='bbox 207 2982 333 3038; x_wconf 88' lang='lat' dir='ltr'><strong>Mos</strong></span> <span class='ocrx_word' id='word_1_237' title='bbox 348 2997 606 3052; x_wconf 89' lang='lat' dir='ltr'><strong>namque</strong></span> <span class='ocrx_word' id='word_1_238' title='bbox 632 2982 969 3037; x_wconf 69' lang='lat' dir='ltr'><strong>bumanaset</strong></span> <span class='ocrx_word' id='word_1_239' title='bbox 990 2980 1459 3036; x_wconf 79' lang='lat' dir='ltr'><strong>inﬁrmaementis</strong></span> <span class='ocrx_word' id='word_1_240' title='bbox 1482 2988 1587 3048; x_wconf 86' lang='lat' dir='ltr'><strong>est,</strong></span> <span class='ocrx_word' id='word_1_241' title='bbox 1621 2982 1771 3054; x_wconf 88' lang='lat' dir='ltr'><strong>ut(b)</strong></span> <span class='ocrx_word' id='word_1_242' title='bbox 1793 2999 1927 3039; x_wconf 91' lang='lat' dir='ltr'><strong>cum</strong></span> 
     </span>
    </p>
   </div>
   <div class='ocr_carea' id='block_1_34' title="bbox 212 3068 1929 3144">
    <p class='ocr_par' dir='ltr' id='par_1_34' title="bbox 212 3068 1929 3144">
     <span class='ocr_line' id='line_1_34' title="bbox 212 3068 1929 3144; baseline 0.001 -18"><span class='ocrx_word' id='word_1_243' title='bbox 212 3086 419 3126; x_wconf 85' lang='lat' dir='ltr'><strong>earum</strong></span> <span class='ocrx_word' id='word_1_244' title='bbox 454 3086 647 3126; x_wconf 91' lang='lat' dir='ltr'><strong>rerum</strong></span> <span class='ocrx_word' id='word_1_245' title='bbox 692 3086 836 3142; x_wconf 86' lang='lat' dir='ltr'><strong>quas</strong></span> <span class='ocrx_word' id='word_1_246' title='bbox 878 3068 1109 3140; x_wconf 83' lang='lat' dir='ltr'><strong>respicit</strong></span> <span class='ocrx_word' id='word_1_247' title='bbox 1140 3068 1412 3139; x_wconf 86' lang='lat' dir='ltr'><strong>qualitate</strong></span> <span class='ocrx_word' id='word_1_248' title='bbox 1459 3071 1734 3127; x_wconf 90' lang='lat' dir='ltr'><strong>varietur.</strong></span> <span class='ocrx_word' id='word_1_249' title='bbox 1768 3072 1929 3144; x_wconf 84' lang='lat' dir='ltr'><strong>Saepe</strong></span> 
     </span>
    </p>
   </div>
   <div class='ocr_carea' id='block_1_35' title="bbox 206 3138 1998 3233">
    <p class='ocr_par' dir='ltr' id='par_1_35' title="bbox 206 3138 1998 3233">
     <span class='ocr_line' id='line_1_35' title="bbox 206 3138 1998 3233; baseline 0.001 -16"><span class='ocrx_word' id='word_1_250' title='bbox 206 3160 369 3217; x_wconf 87' lang='lat' dir='ltr'><strong>enim</strong></span> <span class='ocrx_word' id='word_1_251' title='bbox 402 3160 530 3230; x_wconf 86' lang='lat' dir='ltr'><strong>ejus</strong></span> <span class='ocrx_word' id='word_1_252' title='bbox 574 3138 871 3230; x_wconf 76' lang='lat' dir='ltr'><strong>judicium</strong></span> <span class='ocrx_word' id='word_1_253' title='bbox 902 3138 1036 3215; x_wconf 84' lang='lat' dir='ltr'><strong>cum</strong></span> <span class='ocrx_word' id='word_1_254' title='bbox 1086 3138 1215 3229; x_wconf 85' lang='lat' dir='ltr'><strong>ipsa</strong></span> <span class='ocrx_word' id='word_1_255' title='bbox 1265 3159 1558 3230; x_wconf 70' lang='lat' dir='ltr'><strong>praesentis</strong></span> <span class='ocrx_word' id='word_1_256' title='bbox 1609 3161 1687 3217; x_wconf 91' lang='lat' dir='ltr'><strong>rei</strong></span> <span class='ocrx_word' id='word_1_257' title='bbox 1735 3138 1927 3233; x_wconf 74' lang='lat' dir='ltr'><strong>specie</strong></span> <span class='ocrx_word' id='word_1_258' title='bbox 1956 3138 1998 3205; x_wconf 59' lang='grc' dir='ltr'><strong>(ἶ</strong></span> 
     </span>
    </p>
   </div>
   <div class='ocr_carea' id='block_1_36' title="bbox 212 3249 1929 3321">
    <p class='ocr_par' dir='ltr' id='par_1_36' title="bbox 212 3249 1929 3321">
     <span class='ocr_line' id='line_1_36' title="bbox 212 3249 1929 3321; baseline 0.001 -14"><span class='ocrx_word' id='word_1_259' title='bbox 212 3252 473 3321; x_wconf 88' lang='lat' dir='ltr'><strong>ducitur,</strong></span> <span class='ocrx_word' id='word_1_260' title='bbox 506 3254 563 3307; x_wconf 91' lang='lat' dir='ltr'><strong>et</strong></span> <span class='ocrx_word' id='word_1_261' title='bbox 604 3250 772 3320; x_wconf 82' lang='lat' dir='ltr'><strong>juxta</strong></span> <span class='ocrx_word' id='word_1_262' title='bbox 816 3250 922 3305; x_wconf 90' lang='lat' dir='ltr'><strong>hoc</strong></span> <span class='ocrx_word' id='word_1_263' title='bbox 971 3250 1123 3320; x_wconf 88' lang='lat' dir='ltr'><strong>quod</strong></span> <span class='ocrx_word' id='word_1_264' title='bbox 1176 3249 1401 3320; x_wconf 88' lang='lat' dir='ltr'><strong>aspicit,</strong></span> <span class='ocrx_word' id='word_1_265' title='bbox 1463 3250 1711 3307; x_wconf 88' lang='lat' dir='ltr'><strong>intentio</strong></span> <span class='ocrx_word' id='word_1_266' title='bbox 1770 3251 1929 3309; x_wconf 91' lang='lat' dir='ltr'><strong>illius</strong></span> 
     </span>
    </p>
   </div>
   <div class='ocr_carea' id='block_1_37' title="bbox 210 3338 1926 3412">
    <p class='ocr_par' dir='ltr' id='par_1_37' title="bbox 210 3338 1926 3412">
     <span class='ocr_line' id='line_1_37' title="bbox 210 3338 1926 3412; baseline -0.001 -12"><span class='ocrx_word' id='word_1_267' title='bbox 210 3356 553 3412; x_wconf 86' lang='lat' dir='ltr'><strong>sensusque</strong></span> <span class='ocrx_word' id='word_1_268' title='bbox 584 3340 884 3396; x_wconf 83' lang='lat' dir='ltr'><strong>formatur.</strong></span> <span class='ocrx_word' id='word_1_269' title='bbox 917 3338 1061 3394; x_wconf 83' lang='lat' dir='ltr'><strong>Nam</strong></span> <span class='ocrx_word' id='word_1_270' title='bbox 1095 3338 1443 3411; x_wconf 91' lang='lat' dir='ltr'><strong>plerumque</strong></span> <span class='ocrx_word' id='word_1_271' title='bbox 1466 3341 1754 3409; x_wconf 88' lang='lat' dir='ltr'><strong>nonnulli,</strong></span> <span class='ocrx_word' id='word_1_272' title='bbox 1785 3344 1926 3399; x_wconf 89' lang='lat' dir='ltr'><strong>dum</strong></span> 
     </span>
    </p>
   </div>
   <div class='ocr_carea' id='block_1_38' title="bbox 213 3428 1929 3505">
    <p class='ocr_par' dir='ltr' id='par_1_38' title="bbox 213 3428 1929 3505">
     <span class='ocr_line' id='line_1_38' title="bbox 213 3428 1929 3505; baseline -0.001 -17"><span class='ocrx_word' id='word_1_273' title='bbox 213 3430 610 3505; x_wconf 88' lang='lat' dir='ltr'><strong>quorumdam</strong></span> <span class='ocrx_word' id='word_1_274' title='bbox 644 3428 894 3500; x_wconf 86' lang='lat' dir='ltr'><strong>gloriam</strong></span> <span class='ocrx_word' id='word_1_275' title='bbox 926 3433 1193 3496; x_wconf 86' lang='lat' dir='ltr'><strong>cernunt,</strong></span> <span class='ocrx_word' id='word_1_276' title='bbox 1233 3429 1495 3500; x_wconf 82' lang='lat' dir='ltr'><strong>ejusdem</strong></span> <span class='ocrx_word' id='word_1_277' title='bbox 1536 3430 1731 3503; x_wconf 69' lang='lat' dir='ltr'><strong>gloriae</strong></span> <span class='ocrx_word' id='word_1_278' title='bbox 1761 3447 1929 3504; x_wconf 91' lang='lat' dir='ltr'><strong>aspe-</strong></span> 
     </span>
    </p>
   </div>
   <div class='ocr_carea' id='block_1_39' title="bbox 206 3519 1926 3591">
    <p class='ocr_par' dir='ltr' id='par_1_39' title="bbox 206 3519 1926 3591">
     <span class='ocr_line' id='line_1_39' title="bbox 206 3519 1926 3591; baseline -0.001 -12"><span class='ocrx_word' id='word_1_279' title='bbox 206 3523 410 3579; x_wconf 88' lang='lat' dir='ltr'><strong>ctibus</strong></span> <span class='ocrx_word' id='word_1_280' title='bbox 432 3520 817 3587; x_wconf 86' lang='lat' dir='ltr'><strong>delectantur,</strong></span> <span class='ocrx_word' id='word_1_281' title='bbox 841 3535 908 3575; x_wconf 87' lang='lat' dir='ltr'><strong>ac</strong></span> <span class='ocrx_word' id='word_1_282' title='bbox 935 3534 1209 3591; x_wconf 89' lang='lat' dir='ltr'><strong>magnum</strong></span> <span class='ocrx_word' id='word_1_283' title='bbox 1234 3519 1455 3590; x_wconf 90' lang='lat' dir='ltr'><strong>aliquid</strong></span> <span class='ocrx_word' id='word_1_284' title='bbox 1479 3520 1548 3591; x_wconf 88' lang='lat' dir='ltr'><strong>(c)</strong></span> <span class='ocrx_word' id='word_1_285' title='bbox 1568 3520 1926 3590; x_wconf 87' lang='lat' dir='ltr'><strong>existimant,</strong></span> 
     </span>
    </p>
   </div>
   <div class='ocr_carea' id='block_1_40' title="bbox 207 3608 1951 3683">
    <p class='ocr_par' dir='ltr' id='par_1_40' title="bbox 207 3608 1951 3683">
     <span class='ocr_line' id='line_1_40' title="bbox 207 3608 1951 3683; baseline -0.001 -13"><span class='ocrx_word' id='word_1_286' title='bbox 207 3626 395 3683; x_wconf 84' lang='lat' dir='ltr'><strong>seque</strong></span> <span class='ocrx_word' id='word_1_287' title='bbox 424 3614 490 3666; x_wconf 90' lang='lat' dir='ltr'><strong>ut</strong></span> <span class='ocrx_word' id='word_1_288' title='bbox 528 3608 663 3665; x_wconf 86' lang='lat' dir='ltr'><strong>talia</strong></span> <span class='ocrx_word' id='word_1_289' title='bbox 720 3614 1054 3666; x_wconf 89' lang='lat' dir='ltr'><strong>mereantur</strong></span> <span class='ocrx_word' id='word_1_290' title='bbox 1101 3612 1395 3681; x_wconf 85' lang='lat' dir='ltr'><strong>exoptant.</strong></span> <span class='ocrx_word' id='word_1_291' title='bbox 1446 3609 1587 3665; x_wconf 87' lang='lat' dir='ltr'><strong>Cum</strong></span> <span class='ocrx_word' id='word_1_292' title='bbox 1636 3628 1768 3668; x_wconf 91' lang='lat' dir='ltr'><strong>vero</strong></span> <span class='ocrx_word' id='word_1_293' title='bbox 1816 3611 1951 3683; x_wconf 80' lang='lat' dir='ltr'><strong>glo-‘</strong></span> 
     </span>
    </p>
   </div>
   <div class='ocr_carea' id='block_1_41' title="bbox 208 3698 1933 3772">
    <p class='ocr_par' dir='ltr' id='par_1_41' title="bbox 208 3698 1933 3772">
     <span class='ocr_line' id='line_1_41' title="bbox 208 3698 1933 3772; baseline 0 -13"><span class='ocrx_word' id='word_1_294' title='bbox 208 3703 408 3759; x_wconf 86' lang='lat' dir='ltr'><strong>riosos</strong></span> <span class='ocrx_word' id='word_1_295' title='bbox 458 3715 742 3772; x_wconf 88' lang='lat' dir='ltr'><strong>quosque,</strong></span> <span class='ocrx_word' id='word_1_296' title='bbox 794 3708 895 3756; x_wconf 91' lang='lat' dir='ltr'><strong>aut</strong></span> <span class='ocrx_word' id='word_1_297' title='bbox 955 3700 1216 3772; x_wconf 88' lang='lat' dir='ltr'><strong>dejectos</strong></span> <span class='ocrx_word' id='word_1_298' title='bbox 1264 3698 1476 3767; x_wconf 88' lang='lat' dir='ltr'><strong>subito,</strong></span> <span class='ocrx_word' id='word_1_299' title='bbox 1535 3709 1633 3757; x_wconf 87' lang='lat' dir='ltr'><strong>aut</strong></span> <span class='ocrx_word' id='word_1_300' title='bbox 1690 3702 1933 3759; x_wconf 83' lang='lat' dir='ltr'><strong>fortasse</strong></span> 
     </span>
    </p>
   </div>
   <div class='ocr_carea' id='block_1_42' title="bbox 211 3788 1930 3862">
    <p class='ocr_par' dir='ltr' id='par_1_42' title="bbox 211 3788 1930 3862">
     <span class='ocr_line' id='line_1_42' title="bbox 211 3788 1930 3862; baseline -0.001 -14"><span class='ocrx_word' id='word_1_301' title='bbox 211 3790 399 3848; x_wconf 86' lang='lat' dir='ltr'><strong>etiam</strong></span> <span class='ocrx_word' id='word_1_302' title='bbox 419 3789 736 3846; x_wconf 86' lang='lat' dir='ltr'><strong>morientes</strong></span> <span class='ocrx_word' id='word_1_303' title='bbox 753 3788 1067 3861; x_wconf 86' lang='lat' dir='ltr'><strong>aspiciunt,</strong></span> <span class='ocrx_word' id='word_1_304' title='bbox 1100 3790 1238 3861; x_wconf 87' lang='lat' dir='ltr'><strong>quia</strong></span> <span class='ocrx_word' id='word_1_305' title='bbox 1258 3789 1519 3846; x_wconf 87' lang='lat' dir='ltr'><strong>humana</strong></span> <span class='ocrx_word' id='word_1_306' title='bbox 1547 3789 1735 3862; x_wconf 83' lang='lat' dir='ltr'><strong>gloria</strong></span> <span class='ocrx_word' id='word_1_307' title='bbox 1772 3792 1930 3848; x_wconf 90' lang='lat' dir='ltr'><strong>omni</strong></span> 
     </span>
    </p>
   </div>
   <div class='ocr_carea' id='block_1_43' title="bbox 211 3877 1934 3951">
    <p class='ocr_par' dir='ltr' id='par_1_43' title="bbox 211 3877 1934 3951">
     <span class='ocr_line' id='line_1_43' title="bbox 211 3877 1934 3951; baseline -0.001 -12"><span class='ocrx_word' id='word_1_308' title='bbox 211 3880 397 3939; x_wconf 88' lang='lat' dir='ltr'><strong>modo</strong></span> <span class='ocrx_word' id='word_1_309' title='bbox 428 3877 575 3934; x_wconf 86' lang='lat' dir='ltr'><strong>nihil</strong></span> <span class='ocrx_word' id='word_1_310' title='bbox 605 3877 701 3945; x_wconf 89' lang='lat' dir='ltr'><strong>sit,</strong></span> <span class='ocrx_word' id='word_1_311' title='bbox 734 3893 866 3934; x_wconf 90' lang='lat' dir='ltr'><strong>cum</strong></span> <span class='ocrx_word' id='word_1_312' title='bbox 901 3878 1124 3949; x_wconf 89' lang='lat' dir='ltr'><strong>gemitu</strong></span> <span class='ocrx_word' id='word_1_313' title='bbox 1158 3878 1429 3946; x_wconf 88' lang='lat' dir='ltr'><strong>fatentur,</strong></span> <span class='ocrx_word' id='word_1_314' title='bbox 1463 3879 1546 3935; x_wconf 89' lang='lat' dir='ltr'><strong>ita</strong></span> <span class='ocrx_word' id='word_1_315' title='bbox 1574 3887 1635 3935; x_wconf 89' lang='lat' dir='ltr'><strong>ut</strong></span> <span class='ocrx_word' id='word_1_316' title='bbox 1666 3880 1934 3951; x_wconf 88' lang='lat' dir='ltr'><strong>protinus</strong></span> 
     </span>
    </p>
   </div>
   <div class='ocr_carea' id='block_1_44' title="bbox 212 3966 1932 4038">
    <p class='ocr_par' dir='ltr' id='par_1_44' title="bbox 212 3966 1932 4038">
     <span class='ocr_line' id='line_1_44' title="bbox 212 3966 1932 4038; baseline 0 -13"><span class='ocrx_word' id='word_1_317' title='bbox 212 3969 419 4026; x_wconf 85' lang='lat' dir='ltr'><strong>dicant</strong></span> <span class='ocrx_word' id='word_1_318' title='bbox 451 3984 464 4021; x_wconf 76' lang='grc' dir='ltr'><strong>ε</strong></span> <span class='ocrx_word' id='word_1_319' title='bbox 498 3970 638 4022; x_wconf 83' lang='lat' dir='ltr'><strong>Ecce</strong></span> <span class='ocrx_word' id='word_1_320' title='bbox 660 3982 837 4038; x_wconf 90' lang='lat' dir='ltr'><strong>quam</strong></span> <span class='ocrx_word' id='word_1_321' title='bbox 873 3966 1019 4022; x_wconf 88' lang='lat' dir='ltr'><strong>nihil</strong></span> <span class='ocrx_word' id='word_1_322' title='bbox 1042 3971 1131 4023; x_wconf 93' lang='lat' dir='ltr'><strong>est</strong></span> <span class='ocrx_word' id='word_1_323' title='bbox 1161 3967 1352 4023; x_wconf 89' lang='lat' dir='ltr'><strong>homo.</strong></span> <span class='ocrx_word' id='word_1_324' title='bbox 1377 3967 1486 4031; x_wconf 87' lang='lat' dir='ltr'><strong>Qui</strong></span> <span class='ocrx_word' id='word_1_325' title='bbox 1516 3968 1623 4024; x_wconf 88' lang='lat' dir='ltr'><strong>hoc</strong></span> <span class='ocrx_word' id='word_1_326' title='bbox 1654 3968 1932 4025; x_wconf 88' lang='lat' dir='ltr'><strong>nimirum</strong></span> 
     </span>
    </p>
   </div>
   <div class='ocr_carea' id='block_1_45' title="bbox 214 4056 1933 4129">
    <p class='ocr_par' dir='ltr' id='par_1_45' title="bbox 214 4056 1933 4129">
     <span class='ocr_line' id='line_1_45' title="bbox 214 4056 1933 4129; baseline -0.001 -13"><span class='ocrx_word' id='word_1_327' title='bbox 214 4057 442 4116; x_wconf 85' lang='lat' dir='ltr'><strong>rectius</strong></span> <span class='ocrx_word' id='word_1_328' title='bbox 485 4056 762 4123; x_wconf 88' lang='lat' dir='ltr'><strong>dicerent,</strong></span> <span class='ocrx_word' id='word_1_329' title='bbox 795 4057 845 4112; x_wconf 93' lang='lat' dir='ltr'><strong>si</strong></span> <span class='ocrx_word' id='word_1_330' title='bbox 886 4073 1019 4113; x_wconf 90' lang='lat' dir='ltr'><strong>cum</strong></span> <span class='ocrx_word' id='word_1_331' title='bbox 1053 4056 1111 4112; x_wconf 91' lang='lat' dir='ltr'><strong>in</strong></span> <span class='ocrx_word' id='word_1_332' title='bbox 1156 4056 1340 4129; x_wconf 88' lang='lat' dir='ltr'><strong>gloria</strong></span> <span class='ocrx_word' id='word_1_333' title='bbox 1388 4057 1680 4115; x_wconf 89' lang='lat' dir='ltr'><strong>hominem</strong></span> <span class='ocrx_word' id='word_1_334' title='bbox 1729 4074 1933 4115; x_wconf 85' lang='lat' dir='ltr'><strong>cerne-</strong></span> 
     </span>
    </p>
   </div>
   <div class='ocr_carea' id='block_1_46' title="bbox 214 4146 1934 4218">
    <p class='ocr_par' dir='ltr' id='par_1_46' title="bbox 214 4146 1934 4218">
     <span class='ocr_line' id='line_1_46' title="bbox 214 4146 1934 4218; baseline 0 -12"><span class='ocrx_word' id='word_1_335' title='bbox 214 4153 374 4213; x_wconf 85' lang='lat' dir='ltr'><strong>rent,</strong></span> <span class='ocrx_word' id='word_1_336' title='bbox 418 4151 559 4204; x_wconf 91' lang='lat' dir='ltr'><strong>tunc</strong></span> <span class='ocrx_word' id='word_1_337' title='bbox 607 4147 736 4217; x_wconf 91' lang='lat' dir='ltr'><strong>ejus</strong></span> <span class='ocrx_word' id='word_1_338' title='bbox 775 4146 1073 4203; x_wconf 88' lang='lat' dir='ltr'><strong>interitum</strong></span> <span class='ocrx_word' id='word_1_339' title='bbox 1135 4148 1478 4218; x_wconf 81' lang='lat' dir='ltr'><strong>cogitantes,</strong></span> <span class='ocrx_word' id='word_1_340' title='bbox 1532 4152 1934 4207; x_wconf 86' lang='lat' dir='ltr'><strong>transeuntem</strong></span> 
     </span>
    </p>
   </div>
   <div class='ocr_carea' id='block_1_47' title="bbox 212 4235 1934 4310">
    <p class='ocr_par' dir='ltr' id='par_1_47' title="bbox 212 4235 1934 4310">
     <span class='ocr_line' id='line_1_47' title="bbox 212 4235 1934 4310; baseline 0 -16"><span class='ocrx_word' id='word_1_341' title='bbox 212 4236 545 4310; x_wconf 89' lang='lat' dir='ltr'><strong>potentiam</strong></span> <span class='ocrx_word' id='word_1_342' title='bbox 578 4235 723 4293; x_wconf 89' lang='lat' dir='ltr'><strong>nihil</strong></span> <span class='ocrx_word' id='word_1_343' title='bbox 756 4252 885 4293; x_wconf 89' lang='lat' dir='ltr'><strong>esse</strong></span> <span class='ocrx_word' id='word_1_344' title='bbox 914 4238 1255 4292; x_wconf 88' lang='lat' dir='ltr'><strong>sensissent.</strong></span> <span class='ocrx_word' id='word_1_345' title='bbox 1289 4238 1451 4294; x_wconf 87' lang='lat' dir='ltr'><strong>Tunc</strong></span> <span class='ocrx_word' id='word_1_346' title='bbox 1472 4239 1688 4310; x_wconf 90' lang='lat' dir='ltr'><strong>quippe</strong></span> <span class='ocrx_word' id='word_1_347' title='bbox 1717 4243 1806 4295; x_wconf 87' lang='lat' dir='ltr'><strong>est</strong></span> <span class='ocrx_word' id='word_1_348' title='bbox 1825 4239 1934 4294; x_wconf 84' lang='lat' dir='ltr'><strong>hu-</strong></span> 
     </span>
    </p>
   </div>
   <div class='ocr_carea' id='block_1_48' title="bbox 212 4325 1940 4399">
    <p class='ocr_par' dir='ltr' id='par_1_48' title="bbox 212 4325 1940 4399">
     <span class='ocr_line' id='line_1_48' title="bbox 212 4325 1940 4399; baseline -0.001 -14"><span class='ocrx_word' id='word_1_349' title='bbox 212 4343 396 4385; x_wconf 88' lang='lat' dir='ltr'><strong>mana</strong></span> <span class='ocrx_word' id='word_1_350' title='bbox 419 4325 589 4383; x_wconf 88' lang='lat' dir='ltr'><strong>elatio</strong></span> <span class='ocrx_word' id='word_1_351' title='bbox 622 4326 920 4396; x_wconf 87' lang='lat' dir='ltr'><strong>pensanda</strong></span> <span class='ocrx_word' id='word_1_352' title='bbox 949 4342 1125 4397; x_wconf 91' lang='lat' dir='ltr'><strong>quam</strong></span> <span class='ocrx_word' id='word_1_353' title='bbox 1146 4325 1289 4381; x_wconf 91' lang='lat' dir='ltr'><strong>nihil</strong></span> <span class='ocrx_word' id='word_1_354' title='bbox 1323 4327 1417 4397; x_wconf 90' lang='lat' dir='ltr'><strong>sit,</strong></span> <span class='ocrx_word' id='word_1_355' title='bbox 1440 4344 1575 4384; x_wconf 90' lang='lat' dir='ltr'><strong>cum</strong></span> <span class='ocrx_word' id='word_1_356' title='bbox 1608 4344 1732 4385; x_wconf 90' lang='lat' dir='ltr'><strong>sese</strong></span> <span class='ocrx_word' id='word_1_357' title='bbox 1763 4344 1940 4399; x_wconf 88' lang='lat' dir='ltr'><strong>super</strong></span> 
     </span>
    </p>
   </div>
   <div class='ocr_carea' id='block_1_49' title="bbox 209 4415 1939 4476">
    <p class='ocr_par' dir='ltr' id='par_1_49' title="bbox 209 4415 1939 4476">
     <span class='ocr_line' id='line_1_49' title="bbox 209 4415 1939 4476; baseline -0.001 -1"><span class='ocrx_word' id='word_1_358' title='bbox 209 4424 458 4476; x_wconf 61' lang='lat' dir='ltr'><strong>caeteros</strong></span> <span class='ocrx_word' id='word_1_359' title='bbox 506 4417 875 4472; x_wconf 84' lang='lat' dir='ltr'><strong>successibus</strong></span> <span class='ocrx_word' id='word_1_360' title='bbox 934 4415 1178 4472; x_wconf 83' lang='lat' dir='ltr'><strong>extollit.</strong></span> <span class='ocrx_word' id='word_1_361' title='bbox 1234 4417 1396 4473; x_wconf 90' lang='lat' dir='ltr'><strong>Tunc</strong></span> <span class='ocrx_word' id='word_1_362' title='bbox 1454 4418 1939 4475; x_wconf 89' lang='lat' dir='ltr'><strong>considerandum</strong></span> 
     </span>
    </p>
   </div>
   <div class='ocr_carea' id='block_1_50' title="bbox 2026 464 3737 539">
    <p class='ocr_par' dir='ltr' id='par_1_50' title="bbox 2026 464 3737 539">
     <span class='ocr_line' id='line_1_50' title="bbox 2026 464 3737 539; baseline -0.001 -19"><span class='ocrx_word' id='word_1_363' title='bbox 2026 465 2130 520; x_wconf 87' lang='lat' dir='ltr'><strong>tim</strong></span> <span class='ocrx_word' id='word_1_364' title='bbox 2168 465 2597 536; x_wconf 82' lang='lat' dir='ltr'><strong>maledicerem,</strong></span> <span class='ocrx_word' id='word_1_365' title='bbox 2630 468 2679 523; x_wconf 90' lang='lat' dir='ltr'><strong>si</strong></span> <span class='ocrx_word' id='word_1_366' title='bbox 2724 484 2839 537; x_wconf 92' lang='lat' dir='ltr'><strong>qua</strong></span> <span class='ocrx_word' id='word_1_367' title='bbox 2870 484 2963 523; x_wconf 91' lang='lat' dir='ltr'><strong>me</strong></span> <span class='ocrx_word' id='word_1_368' title='bbox 2989 467 3185 539; x_wconf 77' lang='lat' dir='ltr'><strong>gloria:</strong></span> <span class='ocrx_word' id='word_1_369' title='bbox 3232 467 3389 523; x_wconf 90' lang='lat' dir='ltr'><strong>illius</strong></span> <span class='ocrx_word' id='word_1_370' title='bbox 3429 464 3737 522; x_wconf 89' lang='lat' dir='ltr'><strong>delectatio</strong></span> 
     </span>
    </p>
   </div>
   <div class='ocr_carea' id='block_1_51' title="bbox 2029 553 3739 628">
    <p class='ocr_par' dir='ltr' id='par_1_51' title="bbox 2029 553 3739 628">
     <span class='ocr_line' id='line_1_51' title="bbox 2029 553 3739 628; baseline -0.001 -19"><span class='ocrx_word' id='word_1_371' title='bbox 2029 555 2351 623; x_wconf 88' lang='lat' dir='ltr'><strong>tenuisset;</strong></span> <span class='ocrx_word' id='word_1_372' title='bbox 2383 558 2479 611; x_wconf 82' lang='lat' dir='ltr'><strong>sed</strong></span> <span class='ocrx_word' id='word_1_373' title='bbox 2516 558 2641 611; x_wconf 88' lang='lat' dir='ltr'><strong>sine</strong></span> <span class='ocrx_word' id='word_1_374' title='bbox 2666 556 2929 612; x_wconf 86' lang='lat' dir='ltr'><strong>tarditate</strong></span> <span class='ocrx_word' id='word_1_375' title='bbox 2961 557 3258 618; x_wconf 83' lang='lat' dir='ltr'><strong>maledixi.</strong></span> <span class='ocrx_word' id='word_1_376' title='bbox 3282 558 3420 628; x_wconf 90' lang='lat' dir='ltr'><strong>quia</strong></span> <span class='ocrx_word' id='word_1_377' title='bbox 3450 553 3739 625; x_wconf 88' lang='lat' dir='ltr'><strong>supplicia</strong></span> 
     </span>
    </p>
   </div>
   <div class='ocr_carea' id='block_1_52' title="bbox 2032 642 3736 716">
    <p class='ocr_par' dir='ltr' id='par_1_52' title="bbox 2032 642 3736 716">
     <span class='ocr_line' id='line_1_52' title="bbox 2032 642 3736 716; baseline -0.001 -18"><span class='ocrx_word' id='word_1_378' title='bbox 2032 660 2304 699; x_wconf 90' lang='lat' dir='ltr'><strong>mansura</strong></span> <span class='ocrx_word' id='word_1_379' title='bbox 2352 646 2738 716; x_wconf 89' lang='lat' dir='ltr'><strong>conspiciens,</strong></span> <span class='ocrx_word' id='word_1_380' title='bbox 2783 646 2909 715; x_wconf 87' lang='lat' dir='ltr'><strong>ejus</strong></span> <span class='ocrx_word' id='word_1_381' title='bbox 2956 646 3270 715; x_wconf 90' lang='lat' dir='ltr'><strong>potentiam</strong></span> <span class='ocrx_word' id='word_1_382' title='bbox 3320 645 3447 700; x_wconf 88' lang='lat' dir='ltr'><strong>sine</strong></span> <span class='ocrx_word' id='word_1_383' title='bbox 3494 642 3736 699; x_wconf 91' lang='lat' dir='ltr'><strong>dubita-</strong></span> 
     </span>
    </p>
   </div>
   <div class='ocr_carea' id='block_1_53' title="bbox 2030 732 3739 808">
    <p class='ocr_par' dir='ltr' id='par_1_53' title="bbox 2030 732 3739 808">
     <span class='ocr_line' id='line_1_53' title="bbox 2030 732 3739 808; baseline -0.002 -20"><span class='ocrx_word' id='word_1_384' title='bbox 2030 734 2186 790; x_wconf 86' lang='lat' dir='ltr'><strong>tione</strong></span> <span class='ocrx_word' id='word_1_385' title='bbox 2218 735 2540 806; x_wconf 82' lang='lat' dir='ltr'><strong>reprobavi.</strong></span> <span class='ocrx_word' id='word_1_386' title='bbox 2575 736 2683 791; x_wconf 91' lang='lat' dir='ltr'><strong>Sed</strong></span> <span class='ocrx_word' id='word_1_387' title='bbox 2719 735 2856 807; x_wconf 90' lang='lat' dir='ltr'><strong>quia</strong></span> <span class='ocrx_word' id='word_1_388' title='bbox 2900 736 3086 807; x_wconf 89' lang='lat' dir='ltr'><strong>iniqui</strong></span> <span class='ocrx_word' id='word_1_389' title='bbox 3121 737 3335 808; x_wconf 85' lang='lat' dir='ltr'><strong>quique</strong></span> <span class='ocrx_word' id='word_1_390' title='bbox 3366 752 3478 807; x_wconf 89' lang='lat' dir='ltr'><strong>quo</strong></span> <span class='ocrx_word' id='word_1_391' title='bbox 3520 733 3649 804; x_wconf 90' lang='lat' dir='ltr'><strong>plus</strong></span> <span class='ocrx_word' id='word_1_392' title='bbox 3679 732 3739 786; x_wconf 91' lang='lat' dir='ltr'><strong>in</strong></span> 
     </span>
    </p>
   </div>
   <div class='ocr_carea' id='block_1_54' title="bbox 2034 824 3738 898">
    <p class='ocr_par' dir='ltr' id='par_1_54' title="bbox 2034 824 3738 898">
     <span class='ocr_line' id='line_1_54' title="bbox 2034 824 3738 898; baseline -0.001 -19"><span class='ocrx_word' id='word_1_393' title='bbox 2034 824 2140 880; x_wconf 89' lang='lat' dir='ltr'><strong>hoc</strong></span> <span class='ocrx_word' id='word_1_394' title='bbox 2170 825 2388 881; x_wconf 90' lang='lat' dir='ltr'><strong>mundo</strong></span> <span class='ocrx_word' id='word_1_395' title='bbox 2432 825 2767 896; x_wconf 85' lang='lat' dir='ltr'><strong>proﬁciunt,</strong></span> <span class='ocrx_word' id='word_1_396' title='bbox 2819 826 3015 898; x_wconf 88' lang='lat' dir='ltr'><strong>plures</strong></span> <span class='ocrx_word' id='word_1_397' title='bbox 3059 843 3254 882; x_wconf 89' lang='lat' dir='ltr'><strong>secum</strong></span> <span class='ocrx_word' id='word_1_398' title='bbox 3306 828 3376 881; x_wconf 89' lang='lat' dir='ltr'><strong>ad</strong></span> <span class='ocrx_word' id='word_1_399' title='bbox 3437 824 3738 879; x_wconf 90' lang='lat' dir='ltr'><strong>interitum</strong></span> 
     </span>
    </p>
   </div>
   <div class='ocr_carea' id='block_1_55' title="bbox 2032 916 3747 988">
    <p class='ocr_par' dir='ltr' id='par_1_55' title="bbox 2032 916 3747 988">
     <span class='ocr_line' id='line_1_55' title="bbox 2032 916 3747 988; baseline -0.001 -18"><span class='ocrx_word' id='word_1_400' title='bbox 2032 916 2294 983; x_wconf 89' lang='lat' dir='ltr'><strong>trahunt,</strong></span> <span class='ocrx_word' id='word_1_401' title='bbox 2328 921 2481 971; x_wconf 87' lang='lat' dir='ltr'><strong>recte</strong></span> <span class='ocrx_word' id='word_1_402' title='bbox 2512 917 3015 985; x_wconf 80' lang='lat' dir='ltr'><strong>subditurzLonge</strong></span> <span class='ocrx_word' id='word_1_403' title='bbox 3039 918 3116 988; x_wconf 77' lang='grc' dir='ltr'><strong>(ἀ)</strong></span> <span class='ocrx_word' id='word_1_404' title='bbox 3146 922 3283 986; x_wconf 88' lang='lat' dir='ltr'><strong>ﬁant</strong></span> <span class='ocrx_word' id='word_1_405' title='bbox 3314 918 3418 986; x_wconf 88' lang='lat' dir='ltr'><strong>ﬁlii</strong></span> <span class='ocrx_word' id='word_1_406' title='bbox 3448 917 3567 985; x_wconf 87' lang='lat' dir='ltr'><strong>ejus</strong></span> <span class='ocrx_word' id='word_1_407' title='bbox 3598 930 3632 969; x_wconf 87' lang='lat' dir='ltr'><strong>a</strong></span> <span class='ocrx_word' id='word_1_408' title='bbox 3661 930 3747 968; x_wconf 87' lang='lat' dir='ltr'><strong>sa-</strong></span> 
     </span>
    </p>
   </div>
   <div class='ocr_carea' id='block_1_56' title="bbox 2035 1003 3741 1077">
    <p class='ocr_par' dir='ltr' id='par_1_56' title="bbox 2035 1003 3741 1077">
     <span class='ocr_line' id='line_1_56' title="bbox 2035 1003 3741 1077; baseline -0.001 -18"><span class='ocrx_word' id='word_1_409' title='bbox 2035 1006 2165 1062; x_wconf 84' lang='lat' dir='ltr'><strong>lute.</strong></span> <span class='ocrx_word' id='word_1_410' title='bbox 2200 1005 2324 1060; x_wconf 87' lang='lat' dir='ltr'><strong>Filii</strong></span> <span class='ocrx_word' id='word_1_411' title='bbox 2359 1006 2570 1077; x_wconf 91' lang='lat' dir='ltr'><strong>quippe</strong></span> <span class='ocrx_word' id='word_1_412' title='bbox 2600 1006 2762 1061; x_wconf 90' lang='lat' dir='ltr'><strong>stulti</strong></span> <span class='ocrx_word' id='word_1_413' title='bbox 2796 1010 2955 1073; x_wconf 89' lang='lat' dir='ltr'><strong>sunt,</strong></span> <span class='ocrx_word' id='word_1_414' title='bbox 2988 1008 3084 1075; x_wconf 93' lang='lat' dir='ltr'><strong>qui</strong></span> <span class='ocrx_word' id='word_1_415' title='bbox 3114 1008 3171 1062; x_wconf 90' lang='lat' dir='ltr'><strong>in</strong></span> <span class='ocrx_word' id='word_1_416' title='bbox 3215 1007 3533 1062; x_wconf 87' lang='lat' dir='ltr'><strong>ambitione</strong></span> <span class='ocrx_word' id='word_1_417' title='bbox 3563 1003 3741 1073; x_wconf 89' lang='lat' dir='ltr'><strong>hujus</strong></span> 
     </span>
    </p>
   </div>
   <div class='ocr_carea' id='block_1_57' title="bbox 2033 1094 3740 1166">
    <p class='ocr_par' dir='ltr' id='par_1_57' title="bbox 2033 1094 3740 1166">
     <span class='ocr_line' id='line_1_57' title="bbox 2033 1094 3740 1166; baseline -0.003 -15"><span class='ocrx_word' id='word_1_418' title='bbox 2033 1094 2227 1151; x_wconf 60' lang='lat' dir='ltr'><strong>seculi</strong></span> <span class='ocrx_word' id='word_1_419' title='bbox 2257 1111 2323 1151; x_wconf 85' lang='lat' dir='ltr'><strong>ex</strong></span> <span class='ocrx_word' id='word_1_420' title='bbox 2355 1096 2481 1165; x_wconf 89' lang='lat' dir='ltr'><strong>ejus</strong></span> <span class='ocrx_word' id='word_1_421' title='bbox 2517 1095 2843 1151; x_wconf 89' lang='lat' dir='ltr'><strong>imitatione</strong></span> <span class='ocrx_word' id='word_1_422' title='bbox 2882 1104 3244 1162; x_wconf 89' lang='lat' dir='ltr'><strong>nascuntur;</strong></span> <span class='ocrx_word' id='word_1_423' title='bbox 3278 1096 3376 1166; x_wconf 90' lang='lat' dir='ltr'><strong>qui</strong></span> <span class='ocrx_word' id='word_1_424' title='bbox 3415 1094 3665 1166; x_wconf 89' lang='lat' dir='ltr'><strong>profecto</strong></span> <span class='ocrx_word' id='word_1_425' title='bbox 3706 1108 3740 1145; x_wconf 89' lang='lat' dir='ltr'><strong>a</strong></span> 
     </span>
    </p>
   </div>
   <div class='ocr_carea' id='block_1_58' title="bbox 2032 1182 3738 1256">
    <p class='ocr_par' dir='ltr' id='par_1_58' title="bbox 2032 1182 3738 1256">
     <span class='ocr_line' id='line_1_58' title="bbox 2032 1182 3738 1256; baseline -0.004 -15"><span class='ocrx_word' id='word_1_426' title='bbox 2032 1185 2219 1241; x_wconf 87' lang='lat' dir='ltr'><strong>salute</strong></span> <span class='ocrx_word' id='word_1_427' title='bbox 2247 1189 2409 1241; x_wconf 89' lang='lat' dir='ltr'><strong>tanto</strong></span> <span class='ocrx_word' id='word_1_428' title='bbox 2440 1184 2672 1256; x_wconf 89' lang='lat' dir='ltr'><strong>longius</strong></span> <span class='ocrx_word' id='word_1_429' title='bbox 2723 1186 2891 1251; x_wconf 83' lang='lat' dir='ltr'><strong>fiunt,</strong></span> <span class='ocrx_word' id='word_1_430' title='bbox 2942 1191 3159 1256; x_wconf 89' lang='lat' dir='ltr'><strong>quanto</strong></span> <span class='ocrx_word' id='word_1_431' title='bbox 3196 1185 3255 1241; x_wconf 89' lang='lat' dir='ltr'><strong>in</strong></span> <span class='ocrx_word' id='word_1_432' title='bbox 3307 1182 3738 1256; x_wconf 91' lang='lat' dir='ltr'><strong>perpetratione</strong></span> 
     </span>
    </p>
   </div>
   <div class='ocr_carea' id='block_1_59' title="bbox 2034 1272 3740 1346">
    <p class='ocr_par' dir='ltr' id='par_1_59' title="bbox 2034 1272 3740 1346">
     <span class='ocr_line' id='line_1_59' title="bbox 2034 1272 3740 1346; baseline -0.003 -15"><span class='ocrx_word' id='word_1_433' title='bbox 2034 1276 2301 1346; x_wconf 68' lang='lat' dir='ltr'><strong>nequitiae</strong></span> <span class='ocrx_word' id='word_1_434' title='bbox 2334 1274 2497 1331; x_wconf 90' lang='lat' dir='ltr'><strong>nulla</strong></span> <span class='ocrx_word' id='word_1_435' title='bbox 2526 1275 2857 1331; x_wconf 77' lang='lat' dir='ltr'><strong>infirmitate</strong></span> <span class='ocrx_word' id='word_1_436' title='bbox 2898 1276 3201 1331; x_wconf 89' lang='lat' dir='ltr'><strong>feriuntur.</strong></span> <span class='ocrx_word' id='word_1_437' title='bbox 3241 1274 3318 1331; x_wconf 91' lang='lat' dir='ltr'><strong>De</strong></span> <span class='ocrx_word' id='word_1_438' title='bbox 3349 1273 3561 1344; x_wconf 90' lang='lat' dir='ltr'><strong>quibus</strong></span> <span class='ocrx_word' id='word_1_439' title='bbox 3592 1272 3740 1326; x_wconf 85' lang='lat' dir='ltr'><strong>bene</strong></span> 
     </span>
    </p>
   </div>
   <div class='ocr_carea' id='block_1_60' title="bbox 2034 1366 2319 1420">
    <p class='ocr_par' dir='ltr' id='par_1_60' title="bbox 2034 1366 2319 1420">
     <span class='ocr_line' id='line_1_60' title="bbox 2034 1366 2319 1420; baseline -0.004 0"><span class='ocrx_word' id='word_1_440' title='bbox 2034 1366 2273 1420; x_wconf 87' lang='lat' dir='ltr'><strong>additur</strong></span> <span class='ocrx_word' id='word_1_441' title='bbox 2306 1381 2319 1419; x_wconf 90' lang='lat'><strong>:</strong></span> 
     </span>
    </p>
   </div>
   <div class='ocr_carea' id='block_1_61' title="bbox 2390 1527 3386 1600">
    <p class='ocr_par' dir='ltr' id='par_1_61' title="bbox 2390 1527 3386 1600">
     <span class='ocr_line' id='line_1_61' title="bbox 2390 1527 3386 1600; baseline -0.001 -16"><span class='ocrx_word' id='word_1_442' title='bbox 2390 1527 2622 1584; x_wconf 79' lang='lat' dir='ltr'><strong>CAPUT</strong></span> <span class='ocrx_word' id='word_1_443' title='bbox 2664 1529 2757 1585; x_wconf 88' lang='lat' dir='ltr'><strong>Vll</strong></span> <span class='ocrx_word' id='word_1_444' title='bbox 2797 1529 2946 1600; x_wconf 85' lang='lat' dir='ltr'><strong>[Vet.</strong></span> <span class='ocrx_word' id='word_1_445' title='bbox 2987 1530 3086 1596; x_wconf 81' lang='grc' dir='ltr'><strong>ιν,</strong></span> <span class='ocrx_word' id='word_1_446' title='bbox 3119 1532 3242 1584; x_wconf 85' lang='lat' dir='ltr'><strong>Rec.</strong></span> <span class='ocrx_word' id='word_1_447' title='bbox 3300 1529 3386 1599; x_wconf 84' lang='lat' dir='ltr'><strong>V].</strong></span> 
     </span>
    </p>
   </div>
   <div class='ocr_carea' id='block_1_62' title="bbox 2103 1666 3745 1742">
    <p class='ocr_par' dir='ltr' id='par_1_62' title="bbox 2103 1666 3745 1742">
     <span class='ocr_line' id='line_1_62' title="bbox 2103 1666 3745 1742; baseline -0.003 -17"><span class='ocrx_word' id='word_1_448' title='bbox 2103 1671 2277 1727; x_wconf 79' lang='lat' dir='ltr'><strong>Vens.</strong></span> <span class='ocrx_word' id='word_1_449' title='bbox 2304 1672 2355 1728; x_wconf 85' lang='grc'><strong>4.</strong></span> <span class='ocrx_word' id='word_1_450' title='bbox 2390 1703 2455 1715; x_wconf 89' lang='grc'><strong>-</strong></span> <span class='ocrx_word' id='word_1_451' title='bbox 2484 1673 2551 1726; x_wconf 88' lang='lat' dir='ltr'><strong>Et</strong></span> <span class='ocrx_word' id='word_1_452' title='bbox 2581 1678 2938 1728; x_wconf 81' lang='lat' dir='ltr'><strong>conterentur</strong></span> <span class='ocrx_word' id='word_1_453' title='bbox 2969 1675 3025 1725; x_wconf 85' lang='lat' dir='ltr'><strong>in</strong></span> <span class='ocrx_word' id='word_1_454' title='bbox 3046 1678 3237 1742; x_wconf 86' lang='lat' dir='ltr'><strong>porta,</strong></span> <span class='ocrx_word' id='word_1_455' title='bbox 3271 1677 3321 1726; x_wconf 91' lang='lat' dir='ltr'><strong>et</strong></span> <span class='ocrx_word' id='word_1_456' title='bbox 3352 1685 3462 1725; x_wconf 88' lang='lat' dir='ltr'><strong>non</strong></span> <span class='ocrx_word' id='word_1_457' title='bbox 3494 1670 3599 1724; x_wconf 88' lang='lat' dir='ltr'><strong>erit</strong></span> <span class='ocrx_word' id='word_1_458' title='bbox 3646 1666 3745 1738; x_wconf 88' lang='lat' dir='ltr'><strong>qui</strong></span> 
     </span>
    </p>
   </div>
   <div class='ocr_carea' id='block_1_63' title="bbox 1908 1753 2256 1834">
    <p class='ocr_par' dir='ltr' id='par_1_63' title="bbox 1908 1753 2256 1834">
     <span class='ocr_line' id='line_1_63' title="bbox 1908 1753 2256 1834; baseline -0.003 -15"><span class='ocrx_word' id='word_1_459' title='bbox 1908 1759 1922 1785; x_wconf 91' lang='lat'><strong>’</strong></span> <span class='ocrx_word' id='word_1_460' title='bbox 1954 1753 2002 1819; x_wconf 90' lang='grc' dir='ltr'><strong>Β</strong></span> <span class='ocrx_word' id='word_1_461' title='bbox 2032 1766 2256 1834; x_wconf 83' lang='lat' dir='ltr'><strong>eripiat.</strong></span> 
     </span>
    </p>
   </div>
   <div class='ocr_carea' id='block_1_64' title="bbox 2102 1905 3750 1981">
    <p class='ocr_par' dir='ltr' id='par_1_64' title="bbox 2102 1905 3750 1981">
     <span class='ocr_line' id='line_1_64' title="bbox 2102 1905 3750 1981; baseline -0.002 -18"><span class='ocrx_word' id='word_1_462' title='bbox 2102 1910 2157 1967; x_wconf 87' lang='lat'><strong>9.</strong></span> <span class='ocrx_word' id='word_1_463' title='bbox 2188 1910 2394 1965; x_wconf 84' lang='lat' dir='ltr'><strong>Judicii</strong></span> <span class='ocrx_word' id='word_1_464' title='bbox 2416 1910 2530 1964; x_wconf 88' lang='lat' dir='ltr'><strong>dies</strong></span> <span class='ocrx_word' id='word_1_465' title='bbox 2556 1917 2723 1980; x_wconf 88' lang='lat' dir='ltr'><strong>porta</strong></span> <span class='ocrx_word' id='word_1_466' title='bbox 2750 1914 2933 1981; x_wconf 84' lang='lat' dir='ltr'><strong>regni.</strong></span> <span class='ocrx_word' id='word_1_467' title='bbox 2968 1913 3115 1966; x_wconf 88' lang='lat' dir='ltr'><strong>Tunc</strong></span> <span class='ocrx_word' id='word_1_468' title='bbox 3152 1925 3263 1965; x_wconf 82' lang='lat' dir='ltr'><strong>non</strong></span> <span class='ocrx_word' id='word_1_469' title='bbox 3290 1909 3437 1964; x_wconf 87' lang='lat' dir='ltr'><strong>valet</strong></span> <span class='ocrx_word' id='word_1_470' title='bbox 3458 1906 3621 1978; x_wconf 85' lang='lat' dir='ltr'><strong>eripi,</strong></span> <span class='ocrx_word' id='word_1_471' title='bbox 3653 1905 3750 1977; x_wconf 86' lang='lat' dir='ltr'><strong>qui</strong></span> 
     </span>
    </p>
   </div>
   <div class='ocr_carea' id='block_1_65' title="bbox 2033 1993 3754 2069">
    <p class='ocr_par' dir='ltr' id='par_1_65' title="bbox 2033 1993 3754 2069">
     <span class='ocr_line' id='line_1_65' title="bbox 2033 1993 3754 2069; baseline -0.003 -15"><span class='ocrx_word' id='word_1_472' title='bbox 2033 2003 2218 2055; x_wconf 86' lang='lat' dir='ltr'><strong>renuit</strong></span> <span class='ocrx_word' id='word_1_473' title='bbox 2250 2001 2335 2053; x_wconf 85' lang='lat' dir='ltr'><strong>hic</strong></span> <span class='ocrx_word' id='word_1_474' title='bbox 2364 2002 2592 2069; x_wconf 84' lang='lat' dir='ltr'><strong>corripi.</strong></span> <span class='ocrx_word' id='word_1_475' title='bbox 2624 2030 2693 2042; x_wconf 91' lang='lat'><em>--</em></span> <span class='ocrx_word' id='word_1_476' title='bbox 2724 2000 2871 2055; x_wconf 90' lang='lat' dir='ltr'><strong>Nam</strong></span> <span class='ocrx_word' id='word_1_477' title='bbox 2895 2003 3049 2057; x_wconf 89' lang='lat' dir='ltr'><strong>sicut</strong></span> <span class='ocrx_word' id='word_1_478' title='bbox 3073 2000 3232 2056; x_wconf 91' lang='lat' dir='ltr'><strong>urbis</strong></span> <span class='ocrx_word' id='word_1_479' title='bbox 3263 1998 3459 2054; x_wconf 87' lang='lat' dir='ltr'><strong>aditus</strong></span> <span class='ocrx_word' id='word_1_480' title='bbox 3482 2004 3641 2068; x_wconf 87' lang='lat' dir='ltr'><strong>porta</strong></span> <span class='ocrx_word' id='word_1_481' title='bbox 3669 1993 3754 2049; x_wconf 86' lang='lat' dir='ltr'><strong>di-</strong></span> 
     </span>
    </p>
   </div>
   <div class='ocr_carea' id='block_1_66' title="bbox 2036 2088 3751 2161">
    <p class='ocr_par' dir='ltr' id='par_1_66' title="bbox 2036 2088 3751 2161">
     <span class='ocr_line' id='line_1_66' title="bbox 2036 2088 3751 2161; baseline -0.004 -15"><span class='ocrx_word' id='word_1_482' title='bbox 2036 2088 2224 2158; x_wconf 91' lang='lat' dir='ltr'><strong>citur;</strong></span> <span class='ocrx_word' id='word_1_483' title='bbox 2255 2089 2337 2145; x_wconf 90' lang='lat' dir='ltr'><strong>ita</strong></span> <span class='ocrx_word' id='word_1_484' title='bbox 2370 2098 2455 2144; x_wconf 91' lang='lat' dir='ltr'><strong>est</strong></span> <span class='ocrx_word' id='word_1_485' title='bbox 2487 2090 2611 2144; x_wconf 91' lang='lat' dir='ltr'><strong>dies</strong></span> <span class='ocrx_word' id='word_1_486' title='bbox 2633 2090 2843 2160; x_wconf 89' lang='lat' dir='ltr'><strong>judicii</strong></span> <span class='ocrx_word' id='word_1_487' title='bbox 2876 2094 3040 2160; x_wconf 92' lang='lat' dir='ltr'><strong>porta</strong></span> <span class='ocrx_word' id='word_1_488' title='bbox 3088 2090 3274 2161; x_wconf 89' lang='lat' dir='ltr'><strong>regni,</strong></span> <span class='ocrx_word' id='word_1_489' title='bbox 3309 2088 3443 2159; x_wconf 86' lang='lat' dir='ltr'><strong>quia</strong></span> <span class='ocrx_word' id='word_1_490' title='bbox 3484 2102 3586 2156; x_wconf 93' lang='lat' dir='ltr'><strong>per</strong></span> <span class='ocrx_word' id='word_1_491' title='bbox 3615 2100 3751 2140; x_wconf 91' lang='lat' dir='ltr'><strong>eum</strong></span> 
     </span>
    </p>
   </div>
   <div class='ocr_carea' id='block_1_67' title="bbox 2036 2174 3748 2249">
    <p class='ocr_par' dir='ltr' id='par_1_67' title="bbox 2036 2174 3748 2249">
     <span class='ocr_line' id='line_1_67' title="bbox 2036 2174 3748 2249; baseline -0.005 -14"><span class='ocrx_word' id='word_1_492' title='bbox 2036 2181 2108 2235; x_wconf 92' lang='lat' dir='ltr'><strong>ab</strong></span> <span class='ocrx_word' id='word_1_493' title='bbox 2140 2178 2341 2235; x_wconf 89' lang='lat' dir='ltr'><strong>electis</strong></span> <span class='ocrx_word' id='word_1_494' title='bbox 2373 2179 2648 2235; x_wconf 90' lang='lat' dir='ltr'><strong>omnibus</strong></span> <span class='ocrx_word' id='word_1_495' title='bbox 2678 2180 2749 2234; x_wconf 89' lang='lat' dir='ltr'><strong>ad</strong></span> <span class='ocrx_word' id='word_1_496' title='bbox 2784 2178 3033 2234; x_wconf 74' lang='lat' dir='ltr'><strong>caslestis</strong></span> <span class='ocrx_word' id='word_1_497' title='bbox 3066 2179 3264 2249; x_wconf 78' lang='lat' dir='ltr'><strong>patriae</strong></span> <span class='ocrx_word' id='word_1_498' title='bbox 3294 2175 3539 2248; x_wconf 86' lang='lat' dir='ltr'><strong>gloriam</strong></span> <span class='ocrx_word' id='word_1_499' title='bbox 3573 2174 3748 2228; x_wconf 83' lang='lat' dir='ltr'><strong>intra-</strong></span> 
     </span>
    </p>
   </div>
   <div class='ocr_carea' id='block_1_68' title="bbox 2034 2265 3749 2325">
    <p class='ocr_par' dir='ltr' id='par_1_68' title="bbox 2034 2265 3749 2325">
     <span class='ocr_line' id='line_1_68' title="bbox 2034 2265 3749 2325; baseline -0.006 0"><span class='ocrx_word' id='word_1_500' title='bbox 2034 2273 2151 2325; x_wconf 87' lang='lat' dir='ltr'><strong>tur.</strong></span> <span class='ocrx_word' id='word_1_501' title='bbox 2178 2268 2341 2323; x_wconf 91' lang='lat' dir='ltr'><strong>Unde</strong></span> <span class='ocrx_word' id='word_1_502' title='bbox 2362 2273 2420 2323; x_wconf 89' lang='lat' dir='ltr'><strong>et</strong></span> <span class='ocrx_word' id='word_1_503' title='bbox 2450 2268 2607 2323; x_wconf 91' lang='lat' dir='ltr'><strong>hunc</strong></span> <span class='ocrx_word' id='word_1_504' title='bbox 2639 2268 2794 2324; x_wconf 90' lang='lat' dir='ltr'><strong>diem</strong></span> <span class='ocrx_word' id='word_1_505' title='bbox 2817 2284 2949 2323; x_wconf 92' lang='lat' dir='ltr'><strong>cum</strong></span> <span class='ocrx_word' id='word_1_506' title='bbox 2970 2268 3040 2323; x_wconf 91' lang='lat' dir='ltr'><strong>ad</strong></span> <span class='ocrx_word' id='word_1_507' title='bbox 3065 2266 3507 2321; x_wconf 90' lang='lat' dir='ltr'><strong>retributionem</strong></span> <span class='ocrx_word' id='word_1_508' title='bbox 3532 2265 3749 2317; x_wconf 71' lang='lat' dir='ltr'><strong>sanctae</strong></span> 
     </span>
    </p>
   </div>
   <div class='ocr_carea' id='block_1_69' title="bbox 2035 2351 3747 2430">
    <p class='ocr_par' dir='ltr' id='par_1_69' title="bbox 2035 2351 3747 2430">
     <span class='ocr_line' id='line_1_69' title="bbox 2035 2351 3747 2430; baseline -0.005 -15"><span class='ocrx_word' id='word_1_509' title='bbox 2035 2358 2296 2415; x_wconf 69' lang='lat' dir='ltr'><strong>Ecclesia</strong></span> <span class='ocrx_word' id='word_1_510' title='bbox 2326 2357 2602 2414; x_wconf 89' lang='lat' dir='ltr'><strong>Salomon</strong></span> <span class='ocrx_word' id='word_1_511' title='bbox 2633 2360 3106 2430; x_wconf 89' lang='lat' dir='ltr'><strong>appropinquare</strong></span> <span class='ocrx_word' id='word_1_512' title='bbox 3136 2355 3521 2427; x_wconf 87' lang='lat' dir='ltr'><strong>conspiceret,</strong></span> <span class='ocrx_word' id='word_1_513' title='bbox 3552 2351 3697 2408; x_wconf 81' lang='lat' dir='ltr'><strong>dixit</strong></span> <span class='ocrx_word' id='word_1_514' title='bbox 3730 2367 3747 2407; x_wconf 89' lang='lat'><strong>:</strong></span> 
     </span>
    </p>
   </div>
   <div class='ocr_carea' id='block_1_70' title="bbox 2036 2447 3757 2519">
    <p class='ocr_par' dir='ltr' id='par_1_70' title="bbox 2036 2447 3757 2519">
     <span class='ocr_line' id='line_1_70' title="bbox 2036 2447 3757 2519; baseline -0.005 -14"><span class='ocrx_word' id='word_1_515' title='bbox 2036 2450 2240 2505; x_wconf 85' lang='lat' dir='ltr'><strong>Nobilis</strong></span> <span class='ocrx_word' id='word_1_516' title='bbox 2278 2450 2338 2501; x_wconf 89' lang='lat' dir='ltr'><strong>in</strong></span> <span class='ocrx_word' id='word_1_517' title='bbox 2362 2450 2541 2517; x_wconf 88' lang='lat' dir='ltr'><strong>portis</strong></span> <span class='ocrx_word' id='word_1_518' title='bbox 2572 2450 2659 2502; x_wconf 85' lang='lat' dir='ltr'><strong>vir</strong></span> <span class='ocrx_word' id='word_1_519' title='bbox 2705 2451 2843 2519; x_wconf 84' lang='lat' dir='ltr'><strong>ejus,</strong></span> <span class='ocrx_word' id='word_1_520' title='bbox 2895 2447 3122 2518; x_wconf 87' lang='lat' dir='ltr'><strong>quando</strong></span> <span class='ocrx_word' id='word_1_521' title='bbox 3161 2447 3361 2503; x_wconf 89' lang='lat' dir='ltr'><strong>sederit</strong></span> <span class='ocrx_word' id='word_1_522' title='bbox 3412 2460 3533 2500; x_wconf 88' lang='lat' dir='ltr'><strong>cum</strong></span> <span class='ocrx_word' id='word_1_523' title='bbox 3589 2458 3757 2498; x_wconf 87' lang='lat' dir='ltr'><strong>sena-</strong></span> 
     </span>
    </p>
   </div>
   <div class='ocr_carea' id='block_1_71' title="bbox 2039 2530 3755 2609">
    <p class='ocr_par' dir='ltr' id='par_1_71' title="bbox 2039 2530 3755 2609">
     <span class='ocr_line' id='line_1_71' title="bbox 2039 2530 3755 2609; baseline -0.003 -16"><span class='ocrx_word' id='word_1_524' title='bbox 2039 2538 2250 2594; x_wconf 85' lang='lat' dir='ltr'><strong>toribus</strong></span> <span class='ocrx_word' id='word_1_525' title='bbox 2273 2545 2435 2593; x_wconf 70' lang='lat' dir='ltr'><strong>terrae</strong></span> <span class='ocrx_word' id='word_1_526' title='bbox 2465 2539 2653 2605; x_wconf 85' lang='lat' dir='ltr'><strong>(Prov.</strong></span> <span class='ocrx_word' id='word_1_527' title='bbox 2687 2554 2840 2604; x_wconf 81' lang='lat' dir='ltr'><strong>xxxr,</strong></span> <span class='ocrx_word' id='word_1_528' title='bbox 2873 2537 2985 2603; x_wconf 89' lang='lat'><strong>23).</strong></span> <span class='ocrx_word' id='word_1_529' title='bbox 3020 2538 3118 2591; x_wconf 89' lang='lat' dir='ltr'><strong>Vir</strong></span> <span class='ocrx_word' id='word_1_530' title='bbox 3150 2535 3366 2609; x_wconf 91' lang='lat' dir='ltr'><strong>quippe</strong></span> <span class='ocrx_word' id='word_1_531' title='bbox 3416 2539 3504 2589; x_wconf 89' lang='lat' dir='ltr'><strong>est</strong></span> <span class='ocrx_word' id='word_1_532' title='bbox 3555 2530 3755 2588; x_wconf 83' lang='lat' dir='ltr'><strong>Eccle-</strong></span> 
     </span>
    </p>
   </div>
   <div class='ocr_carea' id='block_1_72' title="bbox 2038 2623 3753 2697">
    <p class='ocr_par' dir='ltr' id='par_1_72' title="bbox 2038 2623 3753 2697">
     <span class='ocr_line' id='line_1_72' title="bbox 2038 2623 3753 2697; baseline -0.004 -14"><span class='ocrx_word' id='word_1_533' title='bbox 2038 2628 2135 2684; x_wconf 59' lang='lat' dir='ltr'><strong>siae</strong></span> <span class='ocrx_word' id='word_1_534' title='bbox 2168 2627 2408 2683; x_wconf 88' lang='lat' dir='ltr'><strong>humani</strong></span> <span class='ocrx_word' id='word_1_535' title='bbox 2442 2626 2670 2693; x_wconf 85' lang='lat' dir='ltr'><strong>generis</strong></span> <span class='ocrx_word' id='word_1_536' title='bbox 2703 2627 3074 2697; x_wconf 83' lang='lat' dir='ltr'><strong>Redemptor,</strong></span> <span class='ocrx_word' id='word_1_537' title='bbox 3106 2626 3207 2697; x_wconf 91' lang='lat' dir='ltr'><strong>qui</strong></span> <span class='ocrx_word' id='word_1_538' title='bbox 3239 2626 3297 2679; x_wconf 93' lang='lat' dir='ltr'><strong>in</strong></span> <span class='ocrx_word' id='word_1_539' title='bbox 3330 2623 3514 2695; x_wconf 89' lang='lat' dir='ltr'><strong>portis</strong></span> <span class='ocrx_word' id='word_1_540' title='bbox 3556 2637 3618 2677; x_wconf 86' lang='lat' dir='ltr'><strong>se</strong></span> <span class='ocrx_word' id='word_1_541' title='bbox 3649 2638 3753 2676; x_wconf 91' lang='lat' dir='ltr'><strong>no-</strong></span> 
     </span>
    </p>
   </div>
   <div class='ocr_carea' id='block_1_73' title="bbox 2036 2710 3752 2787">
    <p class='ocr_par' dir='ltr' id='par_1_73' title="bbox 2036 2710 3752 2787">
     <span class='ocr_line' id='line_1_73' title="bbox 2036 2710 3752 2787; baseline -0.004 -14"><span class='ocrx_word' id='word_1_542' title='bbox 2036 2718 2209 2773; x_wconf 91' lang='lat' dir='ltr'><strong>bilem</strong></span> <span class='ocrx_word' id='word_1_543' title='bbox 2241 2716 2516 2784; x_wconf 87' lang='lat' dir='ltr'><strong>ostendit,</strong></span> <span class='ocrx_word' id='word_1_544' title='bbox 2551 2716 2651 2786; x_wconf 91' lang='lat' dir='ltr'><strong>qui</strong></span> <span class='ocrx_word' id='word_1_545' title='bbox 2698 2717 3007 2786; x_wconf 90' lang='lat' dir='ltr'><strong>despectus</strong></span> <span class='ocrx_word' id='word_1_546' title='bbox 3057 2716 3219 2787; x_wconf 91' lang='lat' dir='ltr'><strong>prius</strong></span> <span class='ocrx_word' id='word_1_547' title='bbox 3265 2714 3326 2769; x_wconf 90' lang='lat' dir='ltr'><strong>in</strong></span> <span class='ocrx_word' id='word_1_548' title='bbox 3375 2710 3752 2769; x_wconf 88' lang='lat' dir='ltr'><strong>contumeliis</strong></span> 
     </span>
    </p>
   </div>
   <div class='ocr_carea' id='block_1_74' title="bbox 2036 2799 3751 2876">
    <p class='ocr_par' dir='ltr' id='par_1_74' title="bbox 2036 2799 3751 2876">
     <span class='ocr_line' id='line_1_74' title="bbox 2036 2799 3751 2876; baseline -0.005 -13"><span class='ocrx_word' id='word_1_549' title='bbox 2036 2806 2269 2874; x_wconf 89' lang='lat' dir='ltr'><strong>exstitit,</strong></span> <span class='ocrx_word' id='word_1_550' title='bbox 2303 2805 2403 2860; x_wconf 92' lang='lat' dir='ltr'><strong>sed</strong></span> <span class='ocrx_word' id='word_1_551' title='bbox 2437 2805 2495 2859; x_wconf 90' lang='lat' dir='ltr'><strong>in</strong></span> <span class='ocrx_word' id='word_1_552' title='bbox 2528 2804 2795 2876; x_wconf 89' lang='lat' dir='ltr'><strong>ingressu</strong></span> <span class='ocrx_word' id='word_1_553' title='bbox 2818 2806 2979 2876; x_wconf 85' lang='lat' dir='ltr'><strong>regni</strong></span> <span class='ocrx_word' id='word_1_554' title='bbox 3004 2803 3279 2859; x_wconf 88' lang='lat' dir='ltr'><strong>sublimis</strong></span> <span class='ocrx_word' id='word_1_555' title='bbox 3294 2801 3617 2873; x_wconf 89' lang='lat' dir='ltr'><strong>apparebit.</strong></span> <span class='ocrx_word' id='word_1_556' title='bbox 3641 2799 3751 2863; x_wconf 87' lang='lat' dir='ltr'><strong>Qui</strong></span> 
     </span>
    </p>
   </div>
   <div class='ocr_carea' id='block_1_75' title="bbox 2037 2890 3748 2965">
    <p class='ocr_par' dir='ltr' id='par_1_75' title="bbox 2037 2890 3748 2965">
     <span class='ocr_line' id='line_1_75' title="bbox 2037 2890 3748 2965; baseline -0.006 -12"><span class='ocrx_word' id='word_1_557' title='bbox 2037 2912 2171 2953; x_wconf 90' lang='lat' dir='ltr'><strong>cum</strong></span> <span class='ocrx_word' id='word_1_558' title='bbox 2202 2900 2367 2950; x_wconf 62' lang='lat' dir='ltr'><strong>terrai</strong></span> <span class='ocrx_word' id='word_1_559' title='bbox 2407 2894 2778 2950; x_wconf 88' lang='lat' dir='ltr'><strong>senatoribus</strong></span> <span class='ocrx_word' id='word_1_560' title='bbox 2810 2894 3041 2960; x_wconf 87' lang='lat' dir='ltr'><strong>residet,</strong></span> <span class='ocrx_word' id='word_1_561' title='bbox 3091 2894 3231 2965; x_wconf 90' lang='lat' dir='ltr'><strong>quia</strong></span> <span class='ocrx_word' id='word_1_562' title='bbox 3252 2890 3461 2963; x_wconf 90' lang='lat' dir='ltr'><strong>judicii</strong></span> <span class='ocrx_word' id='word_1_563' title='bbox 3510 2892 3748 2945; x_wconf 89' lang='lat' dir='ltr'><strong>senten-</strong></span> 
     </span>
    </p>
   </div>
   <div class='ocr_carea' id='block_1_76' title="bbox 2034 2978 3745 3053">
    <p class='ocr_par' dir='ltr' id='par_1_76' title="bbox 2034 2978 3745 3053">
     <span class='ocr_line' id='line_1_76' title="bbox 2034 2978 3745 3053; baseline -0.005 -11"><span class='ocrx_word' id='word_1_564' title='bbox 2034 2986 2174 3042; x_wconf 86' lang='lat' dir='ltr'><strong>tiam</strong></span> <span class='ocrx_word' id='word_1_565' title='bbox 2206 3000 2340 3041; x_wconf 90' lang='lat' dir='ltr'><strong>cum</strong></span> <span class='ocrx_word' id='word_1_566' title='bbox 2381 2984 2603 3040; x_wconf 89' lang='lat' dir='ltr'><strong>sanctis</strong></span> <span class='ocrx_word' id='word_1_567' title='bbox 2634 2985 2900 3052; x_wconf 84' lang='lat' dir='ltr'><strong>ejusdem</strong></span> <span class='ocrx_word' id='word_1_568' title='bbox 2950 2982 3219 3039; x_wconf 81' lang='lat' dir='ltr'><strong>Ecclesiae</strong></span> <span class='ocrx_word' id='word_1_569' title='bbox 3269 2978 3745 3053; x_wconf 64' lang='lat' dir='ltr'><strong>praedicatoribus</strong></span> 
     </span>
    </p>
   </div>
   <div class='ocr_carea' id='block_1_77' title="bbox 2037 3068 3752 3144">
    <p class='ocr_par' dir='ltr' id='par_1_77' title="bbox 2037 3068 3752 3144">
     <span class='ocr_line' id='line_1_77' title="bbox 2037 3068 3752 3144; baseline -0.008 -11"><span class='ocrx_word' id='word_1_570' title='bbox 2037 3078 2326 3141; x_wconf 86' lang='lat' dir='ltr'><strong>decernet,</strong></span> <span class='ocrx_word' id='word_1_571' title='bbox 2358 3074 2510 3129; x_wconf 92' lang='lat' dir='ltr'><strong>sicut</strong></span> <span class='ocrx_word' id='word_1_572' title='bbox 2554 3073 2679 3144; x_wconf 89' lang='lat' dir='ltr'><strong>ipse</strong></span> <span class='ocrx_word' id='word_1_573' title='bbox 2719 3074 2780 3128; x_wconf 90' lang='lat' dir='ltr'><strong>in</strong></span> <span class='ocrx_word' id='word_1_574' title='bbox 2826 3072 3131 3144; x_wconf 88' lang='lat' dir='ltr'><strong>Evangelio</strong></span> <span class='ocrx_word' id='word_1_575' title='bbox 3163 3070 3339 3126; x_wconf 91' lang='lat' dir='ltr'><strong>dicit:</strong></span> <span class='ocrx_word' id='word_1_576' title='bbox 3394 3072 3497 3125; x_wconf 91' lang='lat' dir='ltr'><strong>Vos</strong></span> <span class='ocrx_word' id='word_1_577' title='bbox 3538 3068 3634 3139; x_wconf 89' lang='lat' dir='ltr'><strong>qui</strong></span> <span class='ocrx_word' id='word_1_578' title='bbox 3672 3082 3752 3121; x_wconf 89' lang='lat' dir='ltr'><strong>se-</strong></span> 
     </span>
    </p>
   </div>
   <div class='ocr_carea' id='block_1_78' title="bbox 2036 3156 3753 3232">
    <p class='ocr_par' dir='ltr' id='par_1_78' title="bbox 2036 3156 3753 3232">
     <span class='ocr_line' id='line_1_78' title="bbox 2036 3156 3753 3232; baseline -0.007 -12"><span class='ocrx_word' id='word_1_579' title='bbox 2036 3167 2150 3220; x_wconf 89' lang='lat' dir='ltr'><strong>cuti</strong></span> <span class='ocrx_word' id='word_1_580' title='bbox 2177 3167 2303 3220; x_wconf 88' lang='lat' dir='ltr'><strong>estis</strong></span> <span class='ocrx_word' id='word_1_581' title='bbox 2334 3180 2436 3229; x_wconf 86' lang='lat' dir='ltr'><strong>me,</strong></span> <span class='ocrx_word' id='word_1_582' title='bbox 2470 3166 2528 3216; x_wconf 86' lang='lat' dir='ltr'><strong>in</strong></span> <span class='ocrx_word' id='word_1_583' title='bbox 2558 3166 2972 3232; x_wconf 83' lang='lat' dir='ltr'><strong>regeneratione</strong></span> <span class='ocrx_word' id='word_1_584' title='bbox 3022 3178 3143 3217; x_wconf 91' lang='lat' dir='ltr'><strong>cum</strong></span> <span class='ocrx_word' id='word_1_585' title='bbox 3191 3160 3393 3215; x_wconf 87' lang='lat' dir='ltr'><strong>sederit</strong></span> <span class='ocrx_word' id='word_1_586' title='bbox 3444 3158 3614 3212; x_wconf 83' lang='lat' dir='ltr'><strong>Filius</strong></span> <span class='ocrx_word' id='word_1_587' title='bbox 3652 3156 3753 3209; x_wconf 85' lang='lat' dir='ltr'><strong>ho—</strong></span> 
     </span>
    </p>
   </div>
   <div class='ocr_carea' id='block_1_79' title="bbox 2037 3252 3754 3324">
    <p class='ocr_par' dir='ltr' id='par_1_79' title="bbox 2037 3252 3754 3324">
     <span class='ocr_line' id='line_1_79' title="bbox 2037 3252 3754 3324; baseline -0.008 -12"><span class='ocrx_word' id='word_1_588' title='bbox 2037 3258 2199 3312; x_wconf 84' lang='lat' dir='ltr'><strong>minis</strong></span> <span class='ocrx_word' id='word_1_589' title='bbox 2230 3258 2290 3309; x_wconf 89' lang='lat' dir='ltr'><strong>in</strong></span> <span class='ocrx_word' id='word_1_590' title='bbox 2319 3254 2468 3311; x_wconf 85' lang='lat' dir='ltr'><strong>sedes</strong></span> <span class='ocrx_word' id='word_1_591' title='bbox 2515 3255 2821 3324; x_wconf 86' lang='lat' dir='ltr'><strong>majestatis</strong></span> <span class='ocrx_word' id='word_1_592' title='bbox 2871 3269 3001 3322; x_wconf 68' lang='lat' dir='ltr'><strong>suae,</strong></span> <span class='ocrx_word' id='word_1_593' title='bbox 3046 3252 3297 3308; x_wconf 87' lang='lat' dir='ltr'><strong>sedebitis</strong></span> <span class='ocrx_word' id='word_1_594' title='bbox 3341 3256 3394 3305; x_wconf 90' lang='lat' dir='ltr'><strong>et</strong></span> <span class='ocrx_word' id='word_1_595' title='bbox 3441 3265 3531 3303; x_wconf 80' lang='lat' dir='ltr'><strong>vos</strong></span> <span class='ocrx_word' id='word_1_596' title='bbox 3589 3260 3754 3317; x_wconf 87' lang='lat' dir='ltr'><strong>super</strong></span> 
     </span>
    </p>
   </div>
   <div class='ocr_carea' id='block_1_80' title="bbox 2036 3335 3756 3413">
    <p class='ocr_par' dir='ltr' id='par_1_80' title="bbox 2036 3335 3756 3413">
     <span class='ocr_line' id='line_1_80' title="bbox 2036 3335 3756 3413; baseline -0.005 -16"><span class='ocrx_word' id='word_1_597' title='bbox 2036 3346 2159 3400; x_wconf 84' lang='lat' dir='ltr'><strong>sede</strong></span> <span class='ocrx_word' id='word_1_598' title='bbox 2223 3344 2528 3403; x_wconf 87' lang='lat' dir='ltr'><strong>duodecim,</strong></span> <span class='ocrx_word' id='word_1_599' title='bbox 2598 3343 2919 3413; x_wconf 87' lang='lat' dir='ltr'><strong>judicantes</strong></span> <span class='ocrx_word' id='word_1_600' title='bbox 2982 3342 3275 3397; x_wconf 85' lang='lat' dir='ltr'><strong>duodecim</strong></span> <span class='ocrx_word' id='word_1_601' title='bbox 3336 3340 3507 3394; x_wconf 88' lang='lat' dir='ltr'><strong>tribus</strong></span> <span class='ocrx_word' id='word_1_602' title='bbox 3582 3335 3756 3391; x_wconf 86' lang='lat' dir='ltr'><strong>Israel</strong></span> 
     </span>
    </p>
   </div>
   <div class='ocr_carea' id='block_1_81' title="bbox 2037 3428 3758 3503">
    <p class='ocr_par' dir='ltr' id='par_1_81' title="bbox 2037 3428 3758 3503">
     <span class='ocr_line' id='line_1_81' title="bbox 2037 3428 3758 3503; baseline -0.005 -16"><span class='ocrx_word' id='word_1_603' title='bbox 2037 3435 2222 3503; x_wconf 82' lang='lat' dir='ltr'><strong>(Matt.</strong></span> <span class='ocrx_word' id='word_1_604' title='bbox 2255 3448 2376 3497; x_wconf 76' lang='lat' dir='ltr'><strong>XIX,</strong></span> <span class='ocrx_word' id='word_1_605' title='bbox 2407 3431 2521 3501; x_wconf 90' lang='lat'><strong>28).</strong></span> <span class='ocrx_word' id='word_1_606' title='bbox 2555 3432 2718 3496; x_wconf 88' lang='lat' dir='ltr'><strong>Quod</strong></span> <span class='ocrx_word' id='word_1_607' title='bbox 2754 3431 2931 3486; x_wconf 85' lang='lat' dir='ltr'><strong>Isaias</strong></span> <span class='ocrx_word' id='word_1_608' title='bbox 2963 3446 3197 3502; x_wconf 90' lang='lat' dir='ltr'><strong>quoque</strong></span> <span class='ocrx_word' id='word_1_609' title='bbox 3230 3428 3396 3495; x_wconf 76' lang='lat' dir='ltr'><strong>longe</strong></span> <span class='ocrx_word' id='word_1_610' title='bbox 3436 3431 3572 3483; x_wconf 91' lang='lat' dir='ltr'><strong>ante</strong></span> <span class='ocrx_word' id='word_1_611' title='bbox 3600 3439 3758 3495; x_wconf 64' lang='lat' dir='ltr'><strong>prie-</strong></span> 
     </span>
    </p>
   </div>
   <div class='ocr_carea' id='block_1_82' title="bbox 2040 3515 3756 3589">
    <p class='ocr_par' dir='ltr' id='par_1_82' title="bbox 2040 3515 3756 3589">
     <span class='ocr_line' id='line_1_82' title="bbox 2040 3515 3756 3589; baseline -0.006 -12"><span class='ocrx_word' id='word_1_612' title='bbox 2040 3521 2317 3578; x_wconf 88' lang='lat' dir='ltr'><strong>nuntians</strong></span> <span class='ocrx_word' id='word_1_613' title='bbox 2348 3520 2429 3576; x_wconf 90' lang='lat' dir='ltr'><strong>ait</strong></span> <span class='ocrx_word' id='word_1_614' title='bbox 2460 3536 2473 3574; x_wconf 91' lang='lat'><strong>:</strong></span> <span class='ocrx_word' id='word_1_615' title='bbox 2509 3522 2773 3574; x_wconf 84' lang='lat' dir='ltr'><strong>Dominus</strong></span> <span class='ocrx_word' id='word_1_616' title='bbox 2802 3520 2876 3575; x_wconf 86' lang='lat' dir='ltr'><strong>ad</strong></span> <span class='ocrx_word' id='word_1_617' title='bbox 2895 3520 3177 3589; x_wconf 82' lang='lat' dir='ltr'><strong>judicium</strong></span> <span class='ocrx_word' id='word_1_618' title='bbox 3208 3520 3387 3573; x_wconf 86' lang='lat' dir='ltr'><strong>veniet</strong></span> <span class='ocrx_word' id='word_1_619' title='bbox 3415 3532 3536 3571; x_wconf 89' lang='lat' dir='ltr'><strong>cum</strong></span> <span class='ocrx_word' id='word_1_620' title='bbox 3564 3515 3756 3569; x_wconf 87' lang='lat' dir='ltr'><strong>senio-</strong></span> 
     </span>
    </p>
   </div>
   <div class='ocr_carea' id='block_1_83' title="bbox 2038 3601 3753 3679">
    <p class='ocr_par' dir='ltr' id='par_1_83' title="bbox 2038 3601 3753 3679">
     <span class='ocr_line' id='line_1_83' title="bbox 2038 3601 3753 3679; baseline -0.004 -16"><span class='ocrx_word' id='word_1_621' title='bbox 2038 3608 2190 3664; x_wconf 84' lang='lat' dir='ltr'><strong>ribus</strong></span> <span class='ocrx_word' id='word_1_622' title='bbox 2214 3607 2417 3679; x_wconf 85' lang='lat' dir='ltr'><strong>populi</strong></span> <span class='ocrx_word' id='word_1_623' title='bbox 2447 3606 2537 3661; x_wconf 90' lang='lat' dir='ltr'><strong>sui</strong></span> <span class='ocrx_word' id='word_1_624' title='bbox 2564 3607 2715 3677; x_wconf 90' lang='lat' dir='ltr'><strong>(Isai.</strong></span> <span class='ocrx_word' id='word_1_625' title='bbox 2751 3624 2836 3677; x_wconf 81' lang='lat' dir='ltr'><strong>nr,</strong></span> <span class='ocrx_word' id='word_1_626' title='bbox 2872 3607 2981 3679; x_wconf 78' lang='grc'><strong>14).</strong></span> <span class='ocrx_word' id='word_1_627' title='bbox 3016 3606 3095 3662; x_wconf 90' lang='lat' dir='ltr'><strong>De</strong></span> <span class='ocrx_word' id='word_1_628' title='bbox 3126 3606 3219 3661; x_wconf 91' lang='lat' dir='ltr'><strong>his</strong></span> <span class='ocrx_word' id='word_1_629' title='bbox 3251 3605 3433 3676; x_wconf 85' lang='lat' dir='ltr'><strong>portis</strong></span> <span class='ocrx_word' id='word_1_630' title='bbox 3480 3601 3753 3658; x_wconf 89' lang='lat' dir='ltr'><strong>Salomon</strong></span> 
     </span>
    </p>
   </div>
   <div class='ocr_carea' id='block_1_84' title="bbox 2041 3695 3757 3767">
    <p class='ocr_par' dir='ltr' id='par_1_84' title="bbox 2041 3695 3757 3767">
     <span class='ocr_line' id='line_1_84' title="bbox 2041 3695 3757 3767; baseline -0.005 -13"><span class='ocrx_word' id='word_1_631' title='bbox 2041 3700 2256 3755; x_wconf 89' lang='lat' dir='ltr'><strong>iterum</strong></span> <span class='ocrx_word' id='word_1_632' title='bbox 2288 3697 2432 3753; x_wconf 89' lang='lat' dir='ltr'><strong>dicit</strong></span> <span class='ocrx_word' id='word_1_633' title='bbox 2463 3714 2476 3752; x_wconf 90' lang='lat'><strong>:</strong></span> <span class='ocrx_word' id='word_1_634' title='bbox 2515 3698 2649 3752; x_wconf 87' lang='lat' dir='ltr'><strong>Date</strong></span> <span class='ocrx_word' id='word_1_635' title='bbox 2685 3698 2734 3752; x_wconf 86' lang='lat' dir='ltr'><strong>ei</strong></span> <span class='ocrx_word' id='word_1_636' title='bbox 2762 3698 2829 3752; x_wconf 90' lang='lat' dir='ltr'><strong>de</strong></span> <span class='ocrx_word' id='word_1_637' title='bbox 2874 3699 3070 3767; x_wconf 77' lang='lat' dir='ltr'><strong>[ructu</strong></span> <span class='ocrx_word' id='word_1_638' title='bbox 3098 3713 3361 3752; x_wconf 88' lang='lat' dir='ltr'><strong>manuum</strong></span> <span class='ocrx_word' id='word_1_639' title='bbox 3408 3709 3653 3757; x_wconf 87' lang='lat' dir='ltr'><strong>suarum,</strong></span> <span class='ocrx_word' id='word_1_640' title='bbox 3703 3695 3757 3745; x_wconf 88' lang='lat' dir='ltr'><strong>et</strong></span> 
     </span>
    </p>
   </div>
   <div class='ocr_carea' id='block_1_85' title="bbox 2044 3781 3757 3858">
    <p class='ocr_par' dir='ltr' id='par_1_85' title="bbox 2044 3781 3757 3858">
     <span class='ocr_line' id='line_1_85' title="bbox 2044 3781 3757 3858; baseline -0.003 -14"><span class='ocrx_word' id='word_1_641' title='bbox 2044 3789 2271 3844; x_wconf 87' lang='lat' dir='ltr'><strong>laudent</strong></span> <span class='ocrx_word' id='word_1_642' title='bbox 2309 3805 2428 3843; x_wconf 90' lang='lat' dir='ltr'><strong>eam</strong></span> <span class='ocrx_word' id='word_1_643' title='bbox 2468 3790 2528 3841; x_wconf 86' lang='lat' dir='ltr'><strong>in</strong></span> <span class='ocrx_word' id='word_1_644' title='bbox 2570 3791 2750 3858; x_wconf 83' lang='lat' dir='ltr'><strong>portis</strong></span> <span class='ocrx_word' id='word_1_645' title='bbox 2798 3804 2971 3858; x_wconf 84' lang='lat' dir='ltr'><strong>opera</strong></span> <span class='ocrx_word' id='word_1_646' title='bbox 3020 3788 3139 3857; x_wconf 80' lang='lat' dir='ltr'><strong>ejus</strong></span> <span class='ocrx_word' id='word_1_647' title='bbox 3196 3787 3381 3857; x_wconf 88' lang='lat' dir='ltr'><strong>(Prov.</strong></span> <span class='ocrx_word' id='word_1_648' title='bbox 3436 3800 3587 3849; x_wconf 79' lang='lat' dir='ltr'><strong>xxxi,</strong></span> <span class='ocrx_word' id='word_1_649' title='bbox 3642 3781 3757 3851; x_wconf 87' lang='grc'><strong>31).</strong></span> 
     </span>
    </p>
   </div>
   <div class='ocr_carea' id='block_1_86' title="bbox 2040 3877 3758 3951">
    <p class='ocr_par' dir='ltr' id='par_1_86' title="bbox 2040 3877 3758 3951">
     <span class='ocr_line' id='line_1_86' title="bbox 2040 3877 3758 3951; baseline -0.006 -15"><span class='ocrx_word' id='word_1_650' title='bbox 2040 3882 2198 3936; x_wconf 89' lang='lat' dir='ltr'><strong>Tunc</strong></span> <span class='ocrx_word' id='word_1_651' title='bbox 2226 3879 2439 3951; x_wconf 91' lang='lat' dir='ltr'><strong>quippe</strong></span> <span class='ocrx_word' id='word_1_652' title='bbox 2470 3883 2667 3934; x_wconf 89' lang='lat' dir='ltr'><strong>sancta</strong></span> <span class='ocrx_word' id='word_1_653' title='bbox 2699 3877 2951 3933; x_wconf 88' lang='lat' dir='ltr'><strong>Ecclesia</strong></span> <span class='ocrx_word' id='word_1_654' title='bbox 2982 3878 3054 3934; x_wconf 91' lang='lat' dir='ltr'><strong>de</strong></span> <span class='ocrx_word' id='word_1_655' title='bbox 3086 3878 3271 3932; x_wconf 90' lang='lat' dir='ltr'><strong>fructu</strong></span> <span class='ocrx_word' id='word_1_656' title='bbox 3306 3889 3592 3930; x_wconf 87' lang='lat' dir='ltr'><strong>manuum</strong></span> <span class='ocrx_word' id='word_1_657' title='bbox 3618 3887 3758 3926; x_wconf 86' lang='lat' dir='ltr'><strong>sua-</strong></span> 
     </span>
    </p>
   </div>
   <div class='ocr_carea' id='block_1_87' title="bbox 2043 3957 3758 4038">
    <p class='ocr_par' dir='ltr' id='par_1_87' title="bbox 2043 3957 3758 4038">
     <span class='ocr_line' id='line_1_87' title="bbox 2043 3957 3758 4038; baseline -0.008 -12"><span class='ocrx_word' id='word_1_658' title='bbox 2043 3985 2172 4026; x_wconf 89' lang='lat' dir='ltr'><strong>rum</strong></span> <span class='ocrx_word' id='word_1_659' title='bbox 2202 3967 2435 4038; x_wconf 88' lang='lat' dir='ltr'><strong>accipit,</strong></span> <span class='ocrx_word' id='word_1_660' title='bbox 2458 3982 2591 4023; x_wconf 90' lang='lat' dir='ltr'><strong>cum</strong></span> <span class='ocrx_word' id='word_1_661' title='bbox 2622 3982 2750 4022; x_wconf 91' lang='lat' dir='ltr'><strong>eam</strong></span> <span class='ocrx_word' id='word_1_662' title='bbox 2776 3966 2845 4021; x_wconf 93' lang='lat' dir='ltr'><strong>ad</strong></span> <span class='ocrx_word' id='word_1_663' title='bbox 2872 3965 3245 4037; x_wconf 89' lang='lat' dir='ltr'><strong>percipienda</strong></span> <span class='ocrx_word' id='word_1_664' title='bbox 3266 3962 3519 4019; x_wconf 85' lang='lat' dir='ltr'><strong>coelestia</strong></span> <span class='ocrx_word' id='word_1_665' title='bbox 3542 3957 3758 4015; x_wconf 85' lang='lat' dir='ltr'><strong>laboris</strong></span> 
     </span>
    </p>
   </div>
   <div class='ocr_carea' id='block_1_88' title="bbox 2043 4046 3754 4125">
    <p class='ocr_par' dir='ltr' id='par_1_88' title="bbox 2043 4046 3754 4125">
     <span class='ocr_line' id='line_1_88' title="bbox 2043 4046 3754 4125; baseline -0.008 -9"><span class='ocrx_word' id='word_1_666' title='bbox 2043 4060 2138 4116; x_wconf 87' lang='lat' dir='ltr'><strong>sui</strong></span> <span class='ocrx_word' id='word_1_667' title='bbox 2168 4056 2465 4115; x_wconf 90' lang='lat' dir='ltr'><strong>retributio</strong></span> <span class='ocrx_word' id='word_1_668' title='bbox 2496 4055 2729 4112; x_wconf 89' lang='lat' dir='ltr'><strong>attollit.</strong></span> <span class='ocrx_word' id='word_1_669' title='bbox 2762 4058 2922 4112; x_wconf 89' lang='lat' dir='ltr'><strong>Tunc</strong></span> <span class='ocrx_word' id='word_1_670' title='bbox 2953 4072 3080 4112; x_wconf 91' lang='lat' dir='ltr'><strong>eam</strong></span> <span class='ocrx_word' id='word_1_671' title='bbox 3128 4071 3236 4111; x_wconf 90' lang='lat' dir='ltr'><strong>sua</strong></span> <span class='ocrx_word' id='word_1_672' title='bbox 3274 4068 3451 4125; x_wconf 90' lang='lat' dir='ltr'><strong>opera</strong></span> <span class='ocrx_word' id='word_1_673' title='bbox 3480 4051 3540 4104; x_wconf 88' lang='lat' dir='ltr'><strong>in</strong></span> <span class='ocrx_word' id='word_1_674' title='bbox 3572 4046 3754 4120; x_wconf 86' lang='lat' dir='ltr'><strong>portis</strong></span> 
     </span>
    </p>
   </div>
   <div class='ocr_carea' id='block_1_89' title="bbox 2042 4136 3756 4219">
    <p class='ocr_par' dir='ltr' id='par_1_89' title="bbox 2042 4136 3756 4219">
     <span class='ocr_line' id='line_1_89' title="bbox 2042 4136 3756 4219; baseline -0.009 -13"><span class='ocrx_word' id='word_1_675' title='bbox 2042 4150 2306 4209; x_wconf 86' lang='lat' dir='ltr'><strong>laudant,</strong></span> <span class='ocrx_word' id='word_1_676' title='bbox 2350 4148 2578 4218; x_wconf 87' lang='lat' dir='ltr'><strong>quando</strong></span> <span class='ocrx_word' id='word_1_677' title='bbox 2618 4148 2745 4219; x_wconf 86' lang='lat' dir='ltr'><strong>ejus</strong></span> <span class='ocrx_word' id='word_1_678' title='bbox 2790 4147 3068 4202; x_wconf 88' lang='lat' dir='ltr'><strong>membris</strong></span> <span class='ocrx_word' id='word_1_679' title='bbox 3101 4146 3159 4201; x_wconf 90' lang='lat' dir='ltr'><strong>in</strong></span> <span class='ocrx_word' id='word_1_680' title='bbox 3208 4144 3332 4215; x_wconf 88' lang='lat' dir='ltr'><strong>ipso</strong></span> <span class='ocrx_word' id='word_1_681' title='bbox 3379 4140 3542 4213; x_wconf 87' lang='lat' dir='ltr'><strong>regni</strong></span> <span class='ocrx_word' id='word_1_682' title='bbox 3595 4136 3756 4192; x_wconf 90' lang='lat' dir='ltr'><strong>aditu</strong></span> 
     </span>
    </p>
   </div>
   <div class='ocr_carea' id='block_1_90' title="bbox 2043 4229 3759 4307">
    <p class='ocr_par' dir='ltr' id='par_1_90' title="bbox 2043 4229 3759 4307">
     <span class='ocr_line' id='line_1_90' title="bbox 2043 4229 3759 4307; baseline -0.011 -9"><span class='ocrx_word' id='word_1_683' title='bbox 2043 4240 2300 4298; x_wconf 85' lang='lat' dir='ltr'><strong>dicitur:</strong></span> <span class='ocrx_word' id='word_1_684' title='bbox 2336 4240 2573 4307; x_wconf 86' lang='lat' dir='ltr'><strong>Esurivi,</strong></span> <span class='ocrx_word' id='word_1_685' title='bbox 2624 4244 2677 4291; x_wconf 87' lang='lat' dir='ltr'><strong>et</strong></span> <span class='ocrx_word' id='word_1_686' title='bbox 2723 4238 2946 4293; x_wconf 83' lang='lat' dir='ltr'><strong>dedistis</strong></span> <span class='ocrx_word' id='word_1_687' title='bbox 2994 4237 3131 4291; x_wconf 88' lang='lat' dir='ltr'><strong>mihi</strong></span> <span class='ocrx_word' id='word_1_688' title='bbox 3176 4229 3759 4295; x_wconf 86' lang='lat' dir='ltr'><strong>mauducare;sitivi,</strong></span> 
     </span>
    </p>
   </div>
   <div class='ocr_carea' id='block_1_91' title="bbox 2045 4316 3760 4398">
    <p class='ocr_par' dir='ltr' id='par_1_91' title="bbox 2045 4316 3760 4398">
     <span class='ocr_line' id='line_1_91' title="bbox 2045 4316 3760 4398; baseline -0.008 -13"><span class='ocrx_word' id='word_1_689' title='bbox 2045 4337 2098 4385; x_wconf 86' lang='lat' dir='ltr'><strong>et</strong></span> <span class='ocrx_word' id='word_1_690' title='bbox 2127 4330 2353 4385; x_wconf 86' lang='lat' dir='ltr'><strong>dedistis</strong></span> <span class='ocrx_word' id='word_1_691' title='bbox 2402 4328 2537 4383; x_wconf 88' lang='lat' dir='ltr'><strong>mihi</strong></span> <span class='ocrx_word' id='word_1_692' title='bbox 2570 4327 2639 4398; x_wconf 90' lang='lat' dir='ltr'><strong>(c)</strong></span> <span class='ocrx_word' id='word_1_693' title='bbox 2683 4328 2897 4393; x_wconf 88' lang='lat' dir='ltr'><strong>bibere;</strong></span> <span class='ocrx_word' id='word_1_694' title='bbox 2936 4328 3122 4397; x_wconf 85' lang='lat' dir='ltr'><strong>hospes</strong></span> <span class='ocrx_word' id='word_1_695' title='bbox 3166 4342 3337 4391; x_wconf 89' lang='lat' dir='ltr'><strong>eram,</strong></span> <span class='ocrx_word' id='word_1_696' title='bbox 3370 4328 3421 4377; x_wconf 90' lang='lat' dir='ltr'><strong>et</strong></span> <span class='ocrx_word' id='word_1_697' title='bbox 3453 4316 3760 4387; x_wconf 86' lang='lat' dir='ltr'><strong>collegistis</strong></span> 
     </span>
    </p>
   </div>
   <div class='ocr_carea' id='block_1_92' title="bbox 2045 4411 3761 4491">
    <p class='ocr_par' dir='ltr' id='par_1_92' title="bbox 2045 4411 3761 4491">
     <span class='ocr_line' id='line_1_92' title="bbox 2045 4411 3761 4491; baseline -0.009 -14"><span class='ocrx_word' id='word_1_698' title='bbox 2045 4437 2129 4476; x_wconf 87' lang='lat' dir='ltr'><strong>me</strong></span> <span class='ocrx_word' id='word_1_699' title='bbox 2147 4438 2166 4481; x_wconf 90' lang='grc'><strong><em>;</em></strong></span> <span class='ocrx_word' id='word_1_700' title='bbox 2211 4420 2414 4489; x_wconf 87' lang='lat' dir='ltr'><strong>nudus,</strong></span> <span class='ocrx_word' id='word_1_701' title='bbox 2463 4426 2518 4475; x_wconf 89' lang='lat' dir='ltr'><strong>et</strong></span> <span class='ocrx_word' id='word_1_702' title='bbox 2564 4420 2922 4489; x_wconf 86' lang='lat' dir='ltr'><strong>cooperuistis</strong></span> <span class='ocrx_word' id='word_1_703' title='bbox 2968 4435 3051 4473; x_wconf 87' lang='lat' dir='ltr'><strong>me</strong></span> <span class='ocrx_word' id='word_1_704' title='bbox 3101 4417 3320 4491; x_wconf 84' lang='lat' dir='ltr'><strong>(Matth.</strong></span> <span class='ocrx_word' id='word_1_705' title='bbox 3352 4430 3480 4480; x_wconf 85' lang='lat' dir='ltr'><strong>xxv,</strong></span> <span class='ocrx_word' id='word_1_706' title='bbox 3540 4411 3655 4482; x_wconf 90' lang='lat'><strong>35),</strong></span> <span class='ocrx_word' id='word_1_707' title='bbox 3703 4411 3761 4463; x_wconf 88' lang='lat' dir='ltr'><strong>et</strong></span> 
     </span>
    </p>
   </div>
   <div class='ocr_carea' id='block_1_93' title="bbox 211 4495 3756 4580">
    <p class='ocr_par' dir='ltr' id='par_1_93' title="bbox 211 4495 3756 4580">
     <span class='ocr_line' id='line_1_93' title="bbox 211 4495 3756 4580; baseline -0.004 -15"><span class='ocrx_word' id='word_1_708' title='bbox 211 4514 305 4566; x_wconf 87' lang='lat' dir='ltr'><strong>est</strong></span> <span class='ocrx_word' id='word_1_709' title='bbox 336 4522 452 4579; x_wconf 89' lang='lat' dir='ltr'><strong>quo</strong></span> <span class='ocrx_word' id='word_1_710' title='bbox 484 4522 659 4562; x_wconf 88' lang='lat' dir='ltr'><strong>cursu</strong></span> <span class='ocrx_word' id='word_1_711' title='bbox 693 4506 942 4563; x_wconf 86' lang='lat' dir='ltr'><strong>felicitas</strong></span> <span class='ocrx_word' id='word_1_712' title='bbox 973 4506 1307 4573; x_wconf 88' lang='lat' dir='ltr'><strong>transvolet,</strong></span> <span class='ocrx_word' id='word_1_713' title='bbox 1340 4524 1473 4564; x_wconf 90' lang='lat' dir='ltr'><strong>cum</strong></span> <span class='ocrx_word' id='word_1_714' title='bbox 1499 4517 1630 4564; x_wconf 89' lang='lat' dir='ltr'><strong>ante</strong></span> <span class='ocrx_word' id='word_1_715' title='bbox 1652 4509 1937 4565; x_wconf 87' lang='lat' dir='ltr'><strong>humanos</strong></span> <span class='ocrx_word' id='word_1_716' title='bbox 1968 4511 2013 4575; x_wconf 89' lang='lat' dir='ltr'><strong>D</strong></span> <span class='ocrx_word' id='word_1_717' title='bbox 2047 4520 2270 4566; x_wconf 64' lang='lat' dir='ltr'><strong>cetera.</strong></span> <span class='ocrx_word' id='word_1_718' title='bbox 2324 4508 2449 4563; x_wconf 88' lang='lat' dir='ltr'><strong>Filii</strong></span> <span class='ocrx_word' id='word_1_719' title='bbox 2502 4508 2676 4580; x_wconf 88' lang='lat' dir='ltr'><strong>igitur</strong></span> <span class='ocrx_word' id='word_1_720' title='bbox 2727 4508 2899 4577; x_wconf 86' lang='lat' dir='ltr'><strong>hujus</strong></span> <span class='ocrx_word' id='word_1_721' title='bbox 2938 4507 3097 4563; x_wconf 90' lang='lat' dir='ltr'><strong>stulti</strong></span> <span class='ocrx_word' id='word_1_722' title='bbox 3156 4510 3290 4562; x_wconf 89' lang='lat' dir='ltr'><strong>ante</strong></span> <span class='ocrx_word' id='word_1_723' title='bbox 3336 4507 3566 4577; x_wconf 88' lang='lat' dir='ltr'><strong>portam</strong></span> <span class='ocrx_word' id='word_1_724' title='bbox 3618 4495 3756 4554; x_wconf 89' lang='lat' dir='ltr'><strong>elati</strong></span> 
     </span>
    </p>
   </div>
   <div class='ocr_carea' id='block_1_94' title="bbox 216 4595 1941 4667">
    <p class='ocr_par' dir='ltr' id='par_1_94' title="bbox 216 4595 1941 4667">
     <span class='ocr_line' id='line_1_94' title="bbox 216 4595 1941 4667; baseline -0.001 -14"><span class='ocrx_word' id='word_1_725' title='bbox 216 4596 421 4653; x_wconf 86' lang='lat' dir='ltr'><strong>oculos</strong></span> <span class='ocrx_word' id='word_1_726' title='bbox 455 4595 625 4667; x_wconf 89' lang='lat' dir='ltr'><strong>quasi</strong></span> <span class='ocrx_word' id='word_1_727' title='bbox 658 4611 1003 4666; x_wconf 85' lang='lat' dir='ltr'><strong>permanens</strong></span> <span class='ocrx_word' id='word_1_728' title='bbox 1034 4596 1231 4667; x_wconf 86' lang='lat' dir='ltr'><strong>pollet.</strong></span> <span class='ocrx_word' id='word_1_729' title='bbox 1282 4595 1426 4651; x_wconf 86' lang='lat' dir='ltr'><strong>Nam</strong></span> <span class='ocrx_word' id='word_1_730' title='bbox 1467 4596 1709 4667; x_wconf 88' lang='lat' dir='ltr'><strong>gloriam</strong></span> <span class='ocrx_word' id='word_1_731' title='bbox 1760 4598 1941 4653; x_wconf 91' lang='lat' dir='ltr'><strong>mori-</strong></span> 
     </span>
    </p>
   </div>
   <div class='ocr_carea' id='block_1_95' title="bbox 216 4686 1943 4759">
    <p class='ocr_par' dir='ltr' id='par_1_95' title="bbox 216 4686 1943 4759">
     <span class='ocr_line' id='line_1_95' title="bbox 216 4686 1943 4759; baseline -0.001 -14"><span class='ocrx_word' id='word_1_732' title='bbox 216 4688 341 4745; x_wconf 85' lang='lat' dir='ltr'><strong>turi</strong></span> <span class='ocrx_word' id='word_1_733' title='bbox 376 4686 525 4743; x_wconf 90' lang='lat' dir='ltr'><strong>nihil</strong></span> <span class='ocrx_word' id='word_1_734' title='bbox 554 4702 725 4753; x_wconf 83' lang='lat' dir='ltr'><strong>esse,</strong></span> <span class='ocrx_word' id='word_1_735' title='bbox 754 4686 814 4743; x_wconf 88' lang='lat' dir='ltr'><strong>in</strong></span> <span class='ocrx_word' id='word_1_736' title='bbox 857 4687 984 4758; x_wconf 86' lang='lat' dir='ltr'><strong>ipsa</strong></span> <span class='ocrx_word' id='word_1_737' title='bbox 1022 4687 1150 4757; x_wconf 88' lang='lat' dir='ltr'><strong>jam</strong></span> <span class='ocrx_word' id='word_1_738' title='bbox 1201 4691 1385 4744; x_wconf 89' lang='lat' dir='ltr'><strong>morte</strong></span> <span class='ocrx_word' id='word_1_739' title='bbox 1431 4704 1673 4759; x_wconf 89' lang='lat' dir='ltr'><strong>pensare</strong></span> <span class='ocrx_word' id='word_1_740' title='bbox 1724 4688 1943 4745; x_wconf 82' lang='lat' dir='ltr'><strong>infirmi</strong></span> 
     </span>
    </p>
   </div>
   <div class='ocr_carea' id='block_1_96' title="bbox 224 4774 1944 4847">
    <p class='ocr_par' dir='ltr' id='par_1_96' title="bbox 224 4774 1944 4847">
     <span class='ocr_line' id='line_1_96' title="bbox 224 4774 1944 4847; baseline 0.001 -14"><span class='ocrx_word' id='word_1_741' title='bbox 224 4775 385 4834; x_wconf 70' lang='grc'><strong>185</strong></span> <span class='ocrx_word' id='word_1_742' title='bbox 418 4774 660 4845; x_wconf 83' lang='lat' dir='ltr'><strong>quilibet</strong></span> <span class='ocrx_word' id='word_1_743' title='bbox 689 4779 955 4847; x_wconf 88' lang='lat' dir='ltr'><strong>possunt.</strong></span> <span class='ocrx_word' id='word_1_744' title='bbox 990 4776 1149 4832; x_wconf 89' lang='lat' dir='ltr'><strong>Tunc</strong></span> <span class='ocrx_word' id='word_1_745' title='bbox 1177 4775 1335 4833; x_wconf 89' lang='lat' dir='ltr'><strong>enim</strong></span> <span class='ocrx_word' id='word_1_746' title='bbox 1375 4777 1427 4833; x_wconf 91' lang='lat' dir='ltr'><strong>ei</strong></span> <span class='ocrx_word' id='word_1_747' title='bbox 1458 4776 1637 4833; x_wconf 90' lang='lat' dir='ltr'><strong>etiam</strong></span> <span class='ocrx_word' id='word_1_748' title='bbox 1669 4777 1751 4833; x_wconf 91' lang='lat' dir='ltr'><strong>illi</strong></span> <span class='ocrx_word' id='word_1_749' title='bbox 1781 4778 1944 4835; x_wconf 89' lang='lat' dir='ltr'><strong>dero-</strong></span> 
     </span>
    </p>
   </div>
   <div class='ocr_carea' id='block_1_97' title="bbox 229 4865 1948 4941">
    <p class='ocr_par' dir='ltr' id='par_1_97' title="bbox 229 4865 1948 4941">
     <span class='ocr_line' id='line_1_97' title="bbox 229 4865 1948 4941; baseline 0.001 -18"><span class='ocrx_word' id='word_1_750' title='bbox 229 4870 400 4941; x_wconf 85' lang='lat' dir='ltr'><strong>gant,</strong></span> <span class='ocrx_word' id='word_1_751' title='bbox 452 4865 554 4937; x_wconf 90' lang='lat' dir='ltr'><strong>qui</strong></span> <span class='ocrx_word' id='word_1_752' title='bbox 593 4865 742 4922; x_wconf 89' lang='lat' dir='ltr'><strong>hanc</strong></span> <span class='ocrx_word' id='word_1_753' title='bbox 772 4869 828 4921; x_wconf 90' lang='lat' dir='ltr'><strong>et</strong></span> <span class='ocrx_word' id='word_1_754' title='bbox 888 4881 1073 4936; x_wconf 88' lang='lat' dir='ltr'><strong>usque</strong></span> <span class='ocrx_word' id='word_1_755' title='bbox 1110 4866 1183 4923; x_wconf 89' lang='lat' dir='ltr'><strong>ad</strong></span> <span class='ocrx_word' id='word_1_756' title='bbox 1233 4870 1478 4924; x_wconf 85' lang='lat' dir='ltr'><strong>mortem</strong></span> <span class='ocrx_word' id='word_1_757' title='bbox 1533 4878 1844 4939; x_wconf 90' lang='lat' dir='ltr'><strong>sequentes</strong></span> <span class='ocrx_word' id='word_1_758' title='bbox 1888 4886 1948 4924; x_wconf 92' lang='lat' dir='ltr'><strong>a-</strong></span> 
     </span>
    </p>
   </div>
   <div class='ocr_carea' id='block_1_98' title="bbox 227 4954 1948 5027">
    <p class='ocr_par' dir='ltr' id='par_1_98' title="bbox 227 4954 1948 5027">
     <span class='ocr_line' id='line_1_98' title="bbox 227 4954 1948 5027; baseline 0.001 -15"><span class='ocrx_word' id='word_1_759' title='bbox 227 4959 419 5012; x_wconf 85' lang='lat' dir='ltr'><strong>mant.</strong></span> <span class='ocrx_word' id='word_1_760' title='bbox 455 4954 608 5011; x_wconf 91' lang='lat' dir='ltr'><strong>Bene</strong></span> <span class='ocrx_word' id='word_1_761' title='bbox 654 4954 848 5025; x_wconf 85' lang='lat' dir='ltr'><strong>itaque</strong></span> <span class='ocrx_word' id='word_1_762' title='bbox 894 4954 1151 5011; x_wconf 86' lang='lat' dir='ltr'><strong>dicitur:</strong></span> <span class='ocrx_word' id='word_1_763' title='bbox 1191 4958 1305 5025; x_wconf 85' lang='lat' dir='ltr'><strong>Ego</strong></span> <span class='ocrx_word' id='word_1_764' title='bbox 1350 4956 1463 5013; x_wconf 87' lang='lat' dir='ltr'><strong>vidi</strong></span> <span class='ocrx_word' id='word_1_765' title='bbox 1510 4958 1737 5013; x_wconf 87' lang='lat' dir='ltr'><strong>stultum</strong></span> <span class='ocrx_word' id='word_1_766' title='bbox 1787 4961 1948 5027; x_wconf 84' lang='lat' dir='ltr'><strong>ﬁrma</strong></span> 
     </span>
    </p>
   </div>
   <div class='ocr_carea' id='block_1_99' title="bbox 228 5044 1949 5116">
    <p class='ocr_par' dir='ltr' id='par_1_99' title="bbox 228 5044 1949 5116">
     <span class='ocr_line' id='line_1_99' title="bbox 228 5044 1949 5116; baseline 0 -13"><span class='ocrx_word' id='word_1_767' title='bbox 228 5046 442 5107; x_wconf 77' lang='lat' dir='ltr'><strong>radice,</strong></span> <span class='ocrx_word' id='word_1_768' title='bbox 486 5051 539 5098; x_wconf 90' lang='lat' dir='ltr'><strong>et</strong></span> <span class='ocrx_word' id='word_1_769' title='bbox 568 5044 834 5100; x_wconf 71' lang='lat' dir='ltr'><strong>maledixi</strong></span> <span class='ocrx_word' id='word_1_770' title='bbox 873 5044 1290 5114; x_wconf 80' lang='lat' dir='ltr'><strong>pulchritudini</strong></span> <span class='ocrx_word' id='word_1_771' title='bbox 1337 5047 1457 5116; x_wconf 86' lang='lat' dir='ltr'><strong>ejus</strong></span> <span class='ocrx_word' id='word_1_772' title='bbox 1494 5049 1703 5105; x_wconf 88' lang='lat' dir='ltr'><strong>statim.</strong></span> <span class='ocrx_word' id='word_1_773' title='bbox 1760 5050 1841 5103; x_wconf 77' lang='lat' dir='ltr'><strong>Ac</strong></span> <span class='ocrx_word' id='word_1_774' title='bbox 1898 5048 1949 5104; x_wconf 88' lang='lat' dir='ltr'><strong>si</strong></span> 
     </span>
    </p>
   </div>
   <div class='ocr_carea' id='block_1_100' title="bbox 229 5134 1949 5208">
    <p class='ocr_par' dir='ltr' id='par_1_100' title="bbox 229 5134 1949 5208">
     <span class='ocr_line' id='line_1_100' title="bbox 229 5134 1949 5208; baseline 0.002 -18"><span class='ocrx_word' id='word_1_775' title='bbox 229 5140 431 5208; x_wconf 90' lang='lat' dir='ltr'><strong>aperte</strong></span> <span class='ocrx_word' id='word_1_776' title='bbox 454 5134 709 5190; x_wconf 91' lang='lat' dir='ltr'><strong>diceret:</strong></span> <span class='ocrx_word' id='word_1_777' title='bbox 744 5136 957 5191; x_wconf 88' lang='lat' dir='ltr'><strong>Contra</strong></span> <span class='ocrx_word' id='word_1_778' title='bbox 990 5136 1151 5191; x_wconf 90' lang='lat' dir='ltr'><strong>stulti</strong></span> <span class='ocrx_word' id='word_1_779' title='bbox 1172 5135 1689 5206; x_wconf 89' lang='lat' dir='ltr'><strong>pulchritudinem,</strong></span> <span class='ocrx_word' id='word_1_780' title='bbox 1722 5153 1949 5194; x_wconf 90' lang='lat' dir='ltr'><strong>moram</strong></span> 
     </span>
    </p>
   </div>
   <div class='ocr_carea' id='block_1_101' title="bbox 229 5224 1947 5296">
    <p class='ocr_par' dir='ltr' id='par_1_101' title="bbox 229 5224 1947 5296">
     <span class='ocr_line' id='line_1_101' title="bbox 229 5224 1947 5296; baseline 0.003 -17"><span class='ocrx_word' id='word_1_781' title='bbox 229 5224 288 5281; x_wconf 92' lang='lat' dir='ltr'><strong>in</strong></span> <span class='ocrx_word' id='word_1_782' title='bbox 325 5224 737 5280; x_wconf 90' lang='lat' dir='ltr'><strong>maledictione</strong></span> <span class='ocrx_word' id='word_1_783' title='bbox 768 5241 882 5279; x_wconf 90' lang='lat' dir='ltr'><strong>non</strong></span> <span class='ocrx_word' id='word_1_784' title='bbox 910 5224 1105 5293; x_wconf 87' lang='lat' dir='ltr'><strong>habui,</strong></span> <span class='ocrx_word' id='word_1_785' title='bbox 1130 5226 1270 5296; x_wconf 90' lang='lat' dir='ltr'><strong>quia</strong></span> <span class='ocrx_word' id='word_1_786' title='bbox 1290 5241 1421 5281; x_wconf 90' lang='lat' dir='ltr'><strong>cum</strong></span> <span class='ocrx_word' id='word_1_787' title='bbox 1450 5225 1600 5282; x_wconf 89' lang='lat' dir='ltr'><strong>hanc</strong></span> <span class='ocrx_word' id='word_1_788' title='bbox 1631 5242 1947 5296; x_wconf 88' lang='lat' dir='ltr'><strong>cernerem,</strong></span> 
     </span>
    </p>
   </div>
   <div class='ocr_carea' id='block_1_102' title="bbox 303 5344 1953 5492">
    <p class='ocr_par' dir='ltr' id='par_1_102' title="bbox 303 5344 1953 5492">
     <span class='ocr_line' id='line_1_102' title="bbox 303 5344 1452 5488; baseline 0.003 -87"><span class='ocrx_word' id='word_1_789' title='bbox 303 5344 389 5488; x_wconf 54' lang='lat' dir='ltr'><strong>Ea)</strong></span> <span class='ocrx_word' id='word_1_790' title='bbox 422 5344 616 5406; x_wconf 84' lang='lat' dir='ltr'><strong>Corb.,</strong></span> <span class='ocrx_word' id='word_1_791' title='bbox 658 5348 790 5417; x_wconf 90' lang='lat' dir='ltr'><strong>quia</strong></span> <span class='ocrx_word' id='word_1_792' title='bbox 819 5349 994 5403; x_wconf 79' lang='lat' dir='ltr'><strong>zelavi</strong></span> <span class='ocrx_word' id='word_1_793' title='bbox 1022 5365 1189 5419; x_wconf 88' lang='lat' dir='ltr'><strong>super</strong></span> <span class='ocrx_word' id='word_1_794' title='bbox 1217 5351 1452 5420; x_wconf 87' lang='lat' dir='ltr'><strong>iniquos.</strong></span> 
     </span>
     <span class='ocr_line' id='line_1_103' title="bbox 335 5418 1953 5492; baseline 0.005 -21"><span class='ocrx_word' id='word_1_795' title='bbox 335 5418 387 5489; x_wconf 86' lang='lat' dir='ltr'><strong>b)</strong></span> <span class='ocrx_word' id='word_1_796' title='bbox 422 5418 586 5487; x_wconf 85' lang='lat' dir='ltr'><strong>Apud</strong></span> <span class='ocrx_word' id='word_1_797' title='bbox 619 5418 775 5487; x_wconf 91' lang='lat' dir='ltr'><strong>Coc.,</strong></span> <span class='ocrx_word' id='word_1_798' title='bbox 816 5428 866 5492; x_wconf 85' lang='lat' dir='ltr'><strong>et</strong></span> <span class='ocrx_word' id='word_1_799' title='bbox 902 5436 1022 5492; x_wconf 88' lang='lat' dir='ltr'><strong>seq.</strong></span> <span class='ocrx_word' id='word_1_800' title='bbox 1058 5421 1228 5490; x_wconf 80' lang='lat' dir='ltr'><strong>Edil.,</strong></span> <span class='ocrx_word' id='word_1_801' title='bbox 1272 5428 1333 5475; x_wconf 89' lang='lat' dir='ltr'><strong>ut</strong></span> <span class='ocrx_word' id='word_1_802' title='bbox 1362 5438 1484 5477; x_wconf 89' lang='lat' dir='ltr'><strong>cum</strong></span> <span class='ocrx_word' id='word_1_803' title='bbox 1534 5440 1722 5479; x_wconf 88' lang='lat' dir='ltr'><strong>earum</strong></span> <span class='ocrx_word' id='word_1_804' title='bbox 1771 5440 1953 5478; x_wconf 87' lang='lat' dir='ltr'><strong>rerum</strong></span> 
     </span>
    </p>
   </div>
   <div class='ocr_carea' id='block_1_103' title="bbox 234 5491 1951 5573">
    <p class='ocr_par' dir='ltr' id='par_1_103' title="bbox 234 5491 1951 5573">
     <span class='ocr_line' id='line_1_104' title="bbox 234 5491 1951 5573; baseline 0.002 -28"><span class='ocrx_word' id='word_1_805' title='bbox 234 5506 376 5562; x_wconf 89' lang='lat' dir='ltr'><strong>quas</strong></span> <span class='ocrx_word' id='word_1_806' title='bbox 404 5493 647 5573; x_wconf 38' lang='lat' dir='ltr'><strong>.respicit</strong></span> <span class='ocrx_word' id='word_1_807' title='bbox 696 5491 1303 5573; x_wconf 36' lang='lat' dir='ltr'><strong>qualitate&#39;varictur;</strong></span> <span class='ocrx_word' id='word_1_808' title='bbox 1332 5511 1474 5566; x_wconf 69' lang='lat' dir='ltr'><strong>saepe</strong></span> <span class='ocrx_word' id='word_1_809' title='bbox 1522 5497 1642 5566; x_wconf 88' lang='lat' dir='ltr'><strong>ejus</strong></span> <span class='ocrx_word' id='word_1_810' title='bbox 1665 5570 1673 5573; x_wconf 91' lang='lat'>_</span> <span class='ocrx_word' id='word_1_811' title='bbox 1675 5496 1951 5566; x_wconf 85' lang='lat' dir='ltr'><strong>judicium</strong></span> 
     </span>
    </p>
   </div>
   <div class='ocr_carea' id='block_1_104' title="bbox 234 5566 1950 5638">
    <p class='ocr_par' dir='ltr' id='par_1_104' title="bbox 234 5566 1950 5638">
     <span class='ocr_line' id='line_1_105' title="bbox 234 5566 1950 5638; baseline 0.003 -22"><span class='ocrx_word' id='word_1_812' title='bbox 234 5578 365 5638; x_wconf 83' lang='lat' dir='ltr'><strong>cum</strong></span> <span class='ocrx_word' id='word_1_813' title='bbox 392 5566 516 5631; x_wconf 89' lang='lat' dir='ltr'><strong>ipsa</strong></span> <span class='ocrx_word' id='word_1_814' title='bbox 560 5567 849 5638; x_wconf 65' lang='lat' dir='ltr'><strong>praesentis</strong></span> <span class='ocrx_word' id='word_1_815' title='bbox 899 5566 979 5638; x_wconf 79' lang='lat' dir='ltr'><strong>rei</strong></span> <span class='ocrx_word' id='word_1_816' title='bbox 1021 5568 1198 5635; x_wconf 86' lang='lat' dir='ltr'><strong>specie</strong></span> <span class='ocrx_word' id='word_1_817' title='bbox 1244 5566 1503 5633; x_wconf 87' lang='lat' dir='ltr'><strong>ducatur,</strong></span> <span class='ocrx_word' id='word_1_818' title='bbox 1550 5575 1600 5621; x_wconf 93' lang='lat' dir='ltr'><strong>et</strong></span> <span class='ocrx_word' id='word_1_819' title='bbox 1640 5570 1950 5638; x_wconf 66' lang='lat' dir='ltr'><strong>juxta......</strong></span> 
     </span>
    </p>
   </div>
   <div class='ocr_carea' id='block_1_105' title="bbox 237 5633 1953 5764">
    <p class='ocr_par' dir='ltr' id='par_1_105' title="bbox 237 5633 1953 5764">
     <span class='ocr_line' id='line_1_106' title="bbox 237 5633 1953 5764; baseline 0.002 -75"><span class='ocrx_word' id='word_1_820' title='bbox 237 5636 541 5764; x_wconf 51' lang='lat' dir='ltr'><strong>(armetur.</strong></span> <span class='ocrx_word' id='word_1_821' title='bbox 572 5633 677 5718; x_wconf 76' lang='lat' dir='ltr'><strong>Pro</strong></span> <span class='ocrx_word' id='word_1_822' title='bbox 708 5637 878 5692; x_wconf 88' lang='lat' dir='ltr'><strong>verbo</strong></span> <span class='ocrx_word' id='word_1_823' title='bbox 899 5633 1165 5721; x_wconf 46' lang='lat' dir='ltr'><strong>duca—tur.</strong></span> <span class='ocrx_word' id='word_1_824' title='bbox 1208 5638 1268 5693; x_wconf 90' lang='lat' dir='ltr'><strong>In</strong></span> <span class='ocrx_word' id='word_1_825' title='bbox 1301 5646 1408 5695; x_wconf 83' lang='lat' dir='ltr'><strong>vet.</strong></span> <span class='ocrx_word' id='word_1_826' title='bbox 1441 5639 1542 5722; x_wconf 59' lang='lat' dir='ltr'><strong>Iid.</strong></span> <span class='ocrx_word' id='word_1_827' title='bbox 1564 5712 1572 5722; x_wconf 39' lang='lat'><strong>.</strong></span> <span class='ocrx_word' id='word_1_828' title='bbox 1594 5633 1765 5695; x_wconf 77' lang='lat' dir='ltr'><strong>Basil.</strong></span> <span class='ocrx_word' id='word_1_829' title='bbox 1816 5638 1953 5693; x_wconf 78' lang='grc'><strong>1514</strong></span> 
     </span>
     <span class='ocr_line' id='line_1_107' title="bbox 266 5706 1952 5764; baseline 0.002 -3"><span class='ocrx_word' id='word_1_830' title='bbox 266 5708 468 5764; x_wconf 73' lang='lat' dir='ltr'><strong>emtur</strong></span> <span class='ocrx_word' id='word_1_831' title='bbox 510 5706 828 5764; x_wconf 67' lang='lat' dir='ltr'><strong>iudicetur:</strong></span> <span class='ocrx_word' id='word_1_832' title='bbox 896 5723 954 5764; x_wconf 86' lang='lat' dir='ltr'><strong>1n</strong></span> <span class='ocrx_word' id='word_1_833' title='bbox 1006 5708 1187 5764; x_wconf 81' lang='lat' dir='ltr'><strong>Paris.</strong></span> <span class='ocrx_word' id='word_1_834' title='bbox 1240 5710 1398 5764; x_wconf 85' lang='grc'><strong>1495.</strong></span> <span class='ocrx_word' id='word_1_835' title='bbox 1450 5710 1748 5764; x_wconf 74' lang='lat' dir='ltr'><strong>indicetur.</strong></span> <span class='ocrx_word' id='word_1_836' title='bbox 1799 5709 1952 5764; x_wconf 83' lang='lat' dir='ltr'><strong>quod</strong></span> 
     </span>
    </p>
   </div>
   <div class='ocr_carea' id='block_1_106' title="bbox 266 5704 1952 5781">
    <p class='ocr_par' dir='ltr' id='par_1_106' title="bbox 266 5704 1952 5781">
     <span class='ocr_line' id='line_1_108' title="bbox 266 5704 1952 5781; baseline 0.002 -20"><span class='ocrx_word' id='word_1_837' title='bbox 266 5704 468 5778; x_wconf 81' lang='lat' dir='ltr'><strong>agitur</strong></span> <span class='ocrx_word' id='word_1_838' title='bbox 508 5706 787 5774; x_wconf 79' lang='lat' dir='ltr'><strong>iudicetur</strong></span> <span class='ocrx_word' id='word_1_839' title='bbox 803 5723 828 5775; x_wconf 87' lang='lat'><em>;</em></span> <span class='ocrx_word' id='word_1_840' title='bbox 896 5706 954 5764; x_wconf 91' lang='lat' dir='ltr'><strong>in</strong></span> <span class='ocrx_word' id='word_1_841' title='bbox 1006 5708 1187 5766; x_wconf 87' lang='lat' dir='ltr'><strong>Paris.</strong></span> <span class='ocrx_word' id='word_1_842' title='bbox 1240 5710 1398 5781; x_wconf 85' lang='grc'><strong>1495,</strong></span> <span class='ocrx_word' id='word_1_843' title='bbox 1450 5710 1748 5778; x_wconf 86' lang='lat' dir='ltr'><strong>indicetur,</strong></span> <span class='ocrx_word' id='word_1_844' title='bbox 1799 5709 1952 5780; x_wconf 85' lang='lat' dir='ltr'><strong>quod</strong></span> 
     </span>
    </p>
   </div>
   <div class='ocr_carea' id='block_1_107' title="bbox 2050 4587 3757 4670">
    <p class='ocr_par' dir='ltr' id='par_1_107' title="bbox 2050 4587 3757 4670">
     <span class='ocr_line' id='line_1_109' title="bbox 2050 4587 3757 4670; baseline -0.01 -13"><span class='ocrx_word' id='word_1_845' title='bbox 2050 4603 2207 4668; x_wconf 89' lang='lat' dir='ltr'><strong>sunt,</strong></span> <span class='ocrx_word' id='word_1_846' title='bbox 2235 4599 2335 4656; x_wconf 90' lang='lat' dir='ltr'><strong>sed</strong></span> <span class='ocrx_word' id='word_1_847' title='bbox 2367 4599 2428 4655; x_wconf 90' lang='lat' dir='ltr'><strong>in</strong></span> <span class='ocrx_word' id='word_1_848' title='bbox 2457 4603 2623 4670; x_wconf 90' lang='lat' dir='ltr'><strong>porta</strong></span> <span class='ocrx_word' id='word_1_849' title='bbox 2654 4602 3048 4663; x_wconf 90' lang='lat' dir='ltr'><strong>conterentur,</strong></span> <span class='ocrx_word' id='word_1_850' title='bbox 3081 4597 3221 4670; x_wconf 91' lang='lat' dir='ltr'><strong>quia</strong></span> <span class='ocrx_word' id='word_1_851' title='bbox 3258 4599 3545 4652; x_wconf 89' lang='lat' dir='ltr'><strong>amatores</strong></span> <span class='ocrx_word' id='word_1_852' title='bbox 3575 4587 3757 4658; x_wconf 83' lang='lat' dir='ltr'><strong>hujus</strong></span> 
     </span>
    </p>
   </div>
   <div class='ocr_carea' id='block_1_108' title="bbox 2053 4679 3761 4764">
    <p class='ocr_par' dir='ltr' id='par_1_108' title="bbox 2053 4679 3761 4764">
     <span class='ocr_line' id='line_1_110' title="bbox 2053 4679 3761 4764; baseline -0.009 -15"><span class='ocrx_word' id='word_1_853' title='bbox 2053 4692 2249 4749; x_wconf 62' lang='grc' dir='ltr'><strong>δῶσι]ιὶ</strong></span> <span class='ocrx_word' id='word_1_854' title='bbox 2280 4692 2339 4747; x_wconf 90' lang='lat' dir='ltr'><strong>in</strong></span> <span class='ocrx_word' id='word_1_855' title='bbox 2373 4691 2641 4764; x_wconf 69' lang='lat' dir='ltr'><strong>praesenti</strong></span> <span class='ocrx_word' id='word_1_856' title='bbox 2671 4693 2785 4747; x_wconf 87' lang='lat' dir='ltr'><strong>vita</strong></span> <span class='ocrx_word' id='word_1_857' title='bbox 2816 4690 3181 4763; x_wconf 83' lang='lat' dir='ltr'><strong>superbiunt,</strong></span> <span class='ocrx_word' id='word_1_858' title='bbox 3216 4689 3317 4745; x_wconf 90' lang='lat' dir='ltr'><strong>sed</strong></span> <span class='ocrx_word' id='word_1_859' title='bbox 3348 4688 3408 4741; x_wconf 89' lang='lat' dir='ltr'><strong>in</strong></span> <span class='ocrx_word' id='word_1_860' title='bbox 3438 4686 3566 4757; x_wconf 89' lang='lat' dir='ltr'><strong>ipso</strong></span> <span class='ocrx_word' id='word_1_861' title='bbox 3595 4679 3761 4751; x_wconf 89' lang='lat' dir='ltr'><strong>regni</strong></span> 
     </span>
    </p>
   </div>
   <div class='ocr_carea' id='block_1_109' title="bbox 2054 4774 3762 4839">
    <p class='ocr_par' dir='ltr' id='par_1_109' title="bbox 2054 4774 3762 4839">
     <span class='ocr_line' id='line_1_111' title="bbox 2054 4774 3762 4839; baseline -0.009 0"><span class='ocrx_word' id='word_1_862' title='bbox 2054 4783 2214 4839; x_wconf 88' lang='lat' dir='ltr'><strong>aditu</strong></span> <span class='ocrx_word' id='word_1_863' title='bbox 2245 4786 2458 4838; x_wconf 62' lang='lat' dir='ltr'><strong>aeterna</strong></span> <span class='ocrx_word' id='word_1_864' title='bbox 2496 4781 3001 4838; x_wconf 86' lang='lat' dir='ltr'><strong>animadversione</strong></span> <span class='ocrx_word' id='word_1_865' title='bbox 3042 4781 3349 4836; x_wconf 82' lang='lat' dir='ltr'><strong>feriuntur.</strong></span> <span class='ocrx_word' id='word_1_866' title='bbox 3392 4776 3543 4830; x_wconf 90' lang='lat' dir='ltr'><strong>Bene</strong></span> <span class='ocrx_word' id='word_1_867' title='bbox 3568 4774 3762 4828; x_wconf 86' lang='lat' dir='ltr'><strong>autem</strong></span> 
     </span>
    </p>
   </div>
   <div class='ocr_carea' id='block_1_110' title="bbox 2056 4856 3764 4941">
    <p class='ocr_par' dir='ltr' id='par_1_110' title="bbox 2056 4856 3764 4941">
     <span class='ocr_line' id='line_1_112' title="bbox 2056 4856 3764 4941; baseline -0.011 -13"><span class='ocrx_word' id='word_1_868' title='bbox 2056 4872 2332 4928; x_wconf 89' lang='lat' dir='ltr'><strong>subditur</strong></span> <span class='ocrx_word' id='word_1_869' title='bbox 2363 4887 2375 4927; x_wconf 91' lang='lat'><strong>:</strong></span> <span class='ocrx_word' id='word_1_870' title='bbox 2409 4873 2479 4927; x_wconf 88' lang='lat' dir='ltr'><strong>Et</strong></span> <span class='ocrx_word' id='word_1_871' title='bbox 2508 4888 2623 4926; x_wconf 85' lang='lat' dir='ltr'><strong>non</strong></span> <span class='ocrx_word' id='word_1_872' title='bbox 2650 4874 2756 4925; x_wconf 88' lang='lat' dir='ltr'><strong>erit</strong></span> <span class='ocrx_word' id='word_1_873' title='bbox 2777 4874 2875 4941; x_wconf 87' lang='lat' dir='ltr'><strong>qui</strong></span> <span class='ocrx_word' id='word_1_874' title='bbox 2894 4873 3117 4941; x_wconf 86' lang='lat' dir='ltr'><strong>eripiat.</strong></span> <span class='ocrx_word' id='word_1_875' title='bbox 3147 4868 3279 4923; x_wconf 87' lang='lat' dir='ltr'><strong>illos</strong></span> <span class='ocrx_word' id='word_1_876' title='bbox 3312 4864 3524 4936; x_wconf 90' lang='lat' dir='ltr'><strong>quippe</strong></span> <span class='ocrx_word' id='word_1_877' title='bbox 3548 4856 3764 4913; x_wconf 89' lang='lat' dir='ltr'><strong>veritas</strong></span> 
     </span>
    </p>
   </div>
   <div class='ocr_carea' id='block_1_111' title="bbox 2057 4945 3765 5031">
    <p class='ocr_par' dir='ltr' id='par_1_111' title="bbox 2057 4945 3765 5031">
     <span class='ocr_line' id='line_1_113' title="bbox 2057 4945 3765 5031; baseline -0.012 -13"><span class='ocrx_word' id='word_1_878' title='bbox 2057 4962 2129 5018; x_wconf 89' lang='lat' dir='ltr'><strong>ab</strong></span> <span class='ocrx_word' id='word_1_879' title='bbox 2165 4965 2384 5017; x_wconf 64' lang='lat' dir='ltr'><strong>aterna</strong></span> <span class='ocrx_word' id='word_1_880' title='bbox 2414 4960 2759 5017; x_wconf 87' lang='lat' dir='ltr'><strong>adversitate</strong></span> <span class='ocrx_word' id='word_1_881' title='bbox 2798 4960 2988 5031; x_wconf 87' lang='lat' dir='ltr'><strong>eripit,</strong></span> <span class='ocrx_word' id='word_1_882' title='bbox 3043 4973 3187 5029; x_wconf 90' lang='lat' dir='ltr'><strong>quos</strong></span> <span class='ocrx_word' id='word_1_883' title='bbox 3236 4956 3292 5009; x_wconf 91' lang='lat' dir='ltr'><strong>in</strong></span> <span class='ocrx_word' id='word_1_884' title='bbox 3343 4945 3765 5020; x_wconf 83' lang='lat' dir='ltr'><strong>temporalibus</strong></span> 
     </span>
    </p>
   </div>
   <div class='ocr_carea' id='block_1_112' title="bbox 2058 5044 3767 5124">
    <p class='ocr_par' dir='ltr' id='par_1_112' title="bbox 2058 5044 3767 5124">
     <span class='ocr_line' id='line_1_114' title="bbox 2058 5044 3767 5124; baseline -0.011 -16"><span class='ocrx_word' id='word_1_885' title='bbox 2058 5052 2353 5124; x_wconf 87' lang='lat' dir='ltr'><strong>prosperis</strong></span> <span class='ocrx_word' id='word_1_886' title='bbox 2385 5066 2487 5122; x_wconf 91' lang='lat' dir='ltr'><strong>per</strong></span> <span class='ocrx_word' id='word_1_887' title='bbox 2517 5049 2889 5119; x_wconf 86' lang='lat' dir='ltr'><strong>disciplinam</strong></span> <span class='ocrx_word' id='word_1_888' title='bbox 2922 5046 3153 5119; x_wconf 90' lang='lat' dir='ltr'><strong>premit.</strong></span> <span class='ocrx_word' id='word_1_889' title='bbox 3187 5044 3290 5107; x_wconf 88' lang='lat' dir='ltr'><strong>Qui</strong></span> <span class='ocrx_word' id='word_1_890' title='bbox 3324 5056 3460 5111; x_wconf 90' lang='lat' dir='ltr'><strong>ergo</strong></span> <span class='ocrx_word' id='word_1_891' title='bbox 3484 5051 3639 5092; x_wconf 91' lang='lat' dir='ltr'><strong>nunc</strong></span> <span class='ocrx_word' id='word_1_892' title='bbox 3668 5049 3767 5090; x_wconf 82' lang='lat' dir='ltr'><strong>re-</strong></span> 
     </span>
    </p>
   </div>
   <div class='ocr_carea' id='block_1_113' title="bbox 2060 5126 3767 5212">
    <p class='ocr_par' dir='ltr' id='par_1_113' title="bbox 2060 5126 3767 5212">
     <span class='ocr_line' id='line_1_115' title="bbox 2060 5126 3767 5212; baseline -0.011 -16"><span class='ocrx_word' id='word_1_893' title='bbox 2060 5141 2191 5197; x_wconf 90' lang='lat' dir='ltr'><strong>nuit</strong></span> <span class='ocrx_word' id='word_1_894' title='bbox 2221 5140 2422 5212; x_wconf 91' lang='lat' dir='ltr'><strong>premi,</strong></span> <span class='ocrx_word' id='word_1_895' title='bbox 2456 5144 2597 5195; x_wconf 89' lang='lat' dir='ltr'><strong>tunc</strong></span> <span class='ocrx_word' id='word_1_896' title='bbox 2628 5155 2741 5194; x_wconf 91' lang='lat' dir='ltr'><strong>non</strong></span> <span class='ocrx_word' id='word_1_897' title='bbox 2795 5136 2945 5192; x_wconf 89' lang='lat' dir='ltr'><strong>valet</strong></span> <span class='ocrx_word' id='word_1_898' title='bbox 2990 5133 3155 5204; x_wconf 89' lang='lat' dir='ltr'><strong>eripi,</strong></span> <span class='ocrx_word' id='word_1_899' title='bbox 3204 5130 3342 5203; x_wconf 90' lang='lat' dir='ltr'><strong>quia</strong></span> <span class='ocrx_word' id='word_1_900' title='bbox 3390 5126 3575 5198; x_wconf 89' lang='lat' dir='ltr'><strong>iniqui</strong></span> <span class='ocrx_word' id='word_1_901' title='bbox 3610 5139 3767 5197; x_wconf 85' lang='lat' dir='ltr'><strong>eum,</strong></span> 
     </span>
    </p>
   </div>
   <div class='ocr_carea' id='block_1_114' title="bbox 2060 5220 3767 5300">
    <p class='ocr_par' dir='ltr' id='par_1_114' title="bbox 2060 5220 3767 5300">
     <span class='ocr_line' id='line_1_116' title="bbox 2060 5220 3767 5300; baseline -0.01 -15"><span class='ocrx_word' id='word_1_902' title='bbox 2060 5245 2234 5300; x_wconf 90' lang='lat' dir='ltr'><strong>quem</strong></span> <span class='ocrx_word' id='word_1_903' title='bbox 2297 5244 2396 5300; x_wconf 91' lang='lat' dir='ltr'><strong>per</strong></span> <span class='ocrx_word' id='word_1_904' title='bbox 2454 5226 2823 5299; x_wconf 89' lang='lat' dir='ltr'><strong>disciplinam</strong></span> <span class='ocrx_word' id='word_1_905' title='bbox 2882 5225 3095 5279; x_wconf 89' lang='lat' dir='ltr'><strong>habere</strong></span> <span class='ocrx_word' id='word_1_906' title='bbox 3167 5220 3467 5291; x_wconf 85' lang='lat' dir='ltr'><strong>negligunt</strong></span> <span class='ocrx_word' id='word_1_907' title='bbox 3519 5220 3767 5288; x_wconf 90' lang='lat' dir='ltr'><strong>patrem,</strong></span> 
     </span>
    </p>
   </div>
   <div class='ocr_carea' id='block_1_115' title="bbox 2061 5341 3769 5420">
    <p class='ocr_par' dir='ltr' id='par_1_115' title="bbox 2061 5341 3769 5420">
     <span class='ocr_line' id='line_1_117' title="bbox 2061 5341 3769 5420; baseline -0.008 -9"><span class='ocrx_word' id='word_1_908' title='bbox 2061 5357 2249 5411; x_wconf 89' lang='lat' dir='ltr'><strong>exstat</strong></span> <span class='ocrx_word' id='word_1_909' title='bbox 2278 5353 2337 5407; x_wconf 91' lang='lat' dir='ltr'><strong>in</strong></span> <span class='ocrx_word' id='word_1_910' title='bbox 2388 5351 2530 5409; x_wconf 90' lang='lat' dir='ltr'><strong>Mss.</strong></span> <span class='ocrx_word' id='word_1_911' title='bbox 2582 5351 2847 5417; x_wconf 85' lang='lat' dir='ltr'><strong>Vindoc.,</strong></span> <span class='ocrx_word' id='word_1_912' title='bbox 2894 5348 3088 5420; x_wconf 89' lang='lat' dir='ltr'><strong>Corb.,</strong></span> <span class='ocrx_word' id='word_1_913' title='bbox 3139 5346 3333 5404; x_wconf 88' lang='lat' dir='ltr'><strong>Germ.</strong></span> <span class='ocrx_word' id='word_1_914' title='bbox 3369 5352 3421 5403; x_wconf 89' lang='lat' dir='ltr'><strong>et</strong></span> <span class='ocrx_word' id='word_1_915' title='bbox 3472 5343 3576 5399; x_wconf 84' lang='lat' dir='ltr'><strong>Ed.</strong></span> <span class='ocrx_word' id='word_1_916' title='bbox 3628 5341 3769 5398; x_wconf 86' lang='lat' dir='ltr'><strong>Bar-</strong></span> 
     </span>
    </p>
   </div>
   <div class='ocr_carea' id='block_1_116' title="bbox 2060 5424 3769 5565">
    <p class='ocr_par' dir='ltr' id='par_1_116' title="bbox 2060 5424 3769 5565">
     <span class='ocr_line' id='line_1_118' title="bbox 2060 5424 3769 5565; baseline -0.004 -16"><span class='ocrx_word' id='word_1_917' title='bbox 2060 5424 2209 5565; x_wconf 45' lang='lat' dir='ltr'><strong>thfcl).</strong></span> <span class='ocrx_word' id='word_1_918' title='bbox 2237 5494 2535 5563; x_wconf 87' lang='lat' dir='ltr'><strong>Nonnulli,</strong></span> <span class='ocrx_word' id='word_1_919' title='bbox 2584 5494 2826 5563; x_wconf 79' lang='lat' dir='ltr'><strong>ejusdem</strong></span> <span class='ocrx_word' id='word_1_920' title='bbox 2861 5489 3176 5564; x_wconf 86' lang='lat' dir='ltr'><strong>aspectibus</strong></span> <span class='ocrx_word' id='word_1_921' title='bbox 3221 5493 3590 5559; x_wconf 83' lang='lat' dir='ltr'><strong>delectantur,</strong></span> <span class='ocrx_word' id='word_1_922' title='bbox 3626 5488 3769 5544; x_wconf 83' lang='lat' dir='ltr'><strong>hanc</strong></span> 
     </span>
    </p>
   </div>
   <div class='ocr_carea' id='block_1_117' title="bbox 2061 5566 2944 5637">
    <p class='ocr_par' dir='ltr' id='par_1_117' title="bbox 2061 5566 2944 5637">
     <span class='ocr_line' id='line_1_119' title="bbox 2061 5566 2944 5637; baseline -0.003 -15"><span class='ocrx_word' id='word_1_923' title='bbox 2061 5582 2324 5637; x_wconf 88' lang='lat' dir='ltr'><strong>magnum</strong></span> <span class='ocrx_word' id='word_1_924' title='bbox 2355 5566 2574 5637; x_wconf 88' lang='lat' dir='ltr'><strong>aliquid</strong></span> <span class='ocrx_word' id='word_1_925' title='bbox 2604 5568 2944 5622; x_wconf 75' lang='lat' dir='ltr'><strong>existimant.</strong></span> 
     </span>
    </p>
   </div>
   <div class='ocr_carea' id='block_1_118' title="bbox 2086 5636 3645 5711">
    <p class='ocr_par' dir='ltr' id='par_1_118' title="bbox 2086 5636 3645 5711">
     <span class='ocr_line' id='line_1_120' title="bbox 2086 5636 3645 5711; baseline -0.003 -18"><span class='ocrx_word' id='word_1_926' title='bbox 2086 5704 2089 5711; x_wconf 27' lang='grc' dir='ltr'><strong>η</strong></span> <span class='ocrx_word' id='word_1_927' title='bbox 2133 5636 2213 5709; x_wconf 87' lang='lat' dir='ltr'><strong>(d)</strong></span> <span class='ocrx_word' id='word_1_928' title='bbox 2236 5638 2405 5711; x_wconf 54' lang='lat' dir='ltr'><strong>Corp,</strong></span> <span class='ocrx_word' id='word_1_929' title='bbox 2438 5636 2655 5705; x_wconf 85' lang='lat' dir='ltr'><strong>Germ.,</strong></span> <span class='ocrx_word' id='word_1_930' title='bbox 2686 5638 2868 5711; x_wconf 80' lang='lat' dir='ltr'><strong>Co_lb.,</strong></span> <span class='ocrx_word' id='word_1_931' title='bbox 2900 5637 3057 5711; x_wconf 73' lang='lat' dir='ltr'><strong>longe</strong></span> <span class='ocrx_word' id='word_1_932' title='bbox 3084 5641 3216 5709; x_wconf 84' lang='lat' dir='ltr'><strong>ﬁent</strong></span> <span class='ocrx_word' id='word_1_933' title='bbox 3238 5638 3343 5711; x_wconf 81' lang='lat' dir='ltr'><strong>ﬁlii</strong></span> <span class='ocrx_word' id='word_1_934' title='bbox 3371 5636 3511 5706; x_wconf 87' lang='lat' dir='ltr'><strong>ejus,</strong></span> <span class='ocrx_word' id='word_1_935' title='bbox 3535 5640 3645 5693; x_wconf 84' lang='lat' dir='ltr'><strong>etc.</strong></span> 
     </span>
    </p>
   </div>
   <div class='ocr_carea' id='block_1_119' title="bbox 2088 5708 3521 5785">
    <p class='ocr_par' dir='ltr' id='par_1_119' title="bbox 2088 5708 3521 5785">
     <span class='ocr_line' id='line_1_121' title="bbox 2088 5708 3521 5785; baseline -0.001 -19"><span class='ocrx_word' id='word_1_936' title='bbox 2088 5708 2091 5779; x_wconf 63' lang='grc' dir='ltr'>ξ</span> <span class='ocrx_word' id='word_1_937' title='bbox 2132 5711 2206 5783; x_wconf 89' lang='lat' dir='ltr'><strong>(e)</strong></span> <span class='ocrx_word' id='word_1_938' title='bbox 2239 5712 2324 5769; x_wconf 89' lang='lat' dir='ltr'><strong>Ita</strong></span> <span class='ocrx_word' id='word_1_939' title='bbox 2352 5708 2491 5769; x_wconf 83' lang='lat' dir='ltr'><strong>Mss.</strong></span> <span class='ocrx_word' id='word_1_940' title='bbox 2522 5712 2597 5767; x_wconf 86' lang='lat' dir='ltr'><strong>At</strong></span> <span class='ocrx_word' id='word_1_941' title='bbox 2624 5709 2797 5783; x_wconf 84' lang='lat' dir='ltr'><strong>Editi,</strong></span> <span class='ocrx_word' id='word_1_942' title='bbox 2822 5714 2871 5766; x_wconf 86' lang='lat' dir='ltr'><strong>et</strong></span> <span class='ocrx_word' id='word_1_943' title='bbox 2900 5708 3122 5769; x_wconf 85' lang='lat' dir='ltr'><strong>dedistis</strong></span> <span class='ocrx_word' id='word_1_944' title='bbox 3151 5708 3287 5770; x_wconf 82' lang='lat' dir='ltr'><strong>mihi</strong></span> <span class='ocrx_word' id='word_1_945' title='bbox 3304 5714 3521 5785; x_wconf 83' lang='lat' dir='ltr'><strong>potum.</strong></span> 
     </span>
    </p>
   </div>
  </div>
