4156 6178
523 235 642 295 735

1808 231 2082 295 SANC'I‘I
2126 226 2497 293 GREGORII
2543 228 2798 291 MAGNI
3811 238 3891 297 736

512 364 788 421 afﬂiction
822 364 874 420 is
906 380 1024 420 suae
1047 367 1307 435 tempore
1347 380 1448 435 per
1482 365 1840 436 adjutorium
1895 382 2008 423 non
2058 366 2216 423 inve-
2246 367 2299 433 Α
2329 364 2657 421 ornamenti
2679 363 2767 421 sui
2792 378 2961 419 usum
2982 360 3217 417 minime
3237 362 3490 430 assumit,
3513 363 3635 436 quia
3650 366 3896 443 verbalsgis

505 454 679 509 niunt
710 457 1055 526 ereptorem.
1089 453 1373 524 Sequitur
1408 471 1421 510 :

1160 542 1390 599 CAPUT
1417 544 1562 599 VIII.

581 632 756 690 Visae.
791 637 843 689 5.
876 664 944 675 —
974 634 1140 705 Cujus
1160 650 1378 689 messem
1406 635 1690 702 famelicus
1718 636 1976 691 comedet.

583 724 667 778 10.
702 725 878 779 Malus
907 732 1057 780 recta
1093 732 1143 780 et
1174 725 1489 794 intelligens
1526 732 1578 781 et
1608 726 1812 797 dicens,
1862 742 2079 781 messem
2114 726 2217 780 ha-

509 814 594 867 bet
625 832 788 886 quam
817 816 916 871 alii
943 816 1248 873 comedent.
1280 847 1350 856 ——
1376 816 1560 873 Habet
1598 820 1769 873 etiam
1808 816 2020 872 stultus
2062 832 2218 871 mes-

506 918 649 969 sem,
699 906 932 975 quando
974 905 1212 976 iniquus
1254 906 1499 977 quisque
1548 906 1766 963 donum
1808 914 1959 962 recte
1999 904 2217 961 intelli-

505 993 712 1062 gentia
752 994 1005 1065 accipit:
1042 994 1353 1066 Scriptum
1394 1011 1566 1050 sacra:
1608 995 1916 1051 sententiis
1958 996 2214 1057 docetur,

506 1080 659 1135 bona
687 1080 967 1153 loquitur,
1002 1084 1102 1138 sed
1136 1088 1327 1139 tamen
1360 1084 1519 1140 nullo
1556 1086 1725 1141 modo
1751 1085 1859 1140 hoc
1891 1086 2042 1157 quod
2075 1084 2217 1139 dicit

504 1175 779 1240 operatur
813 1188 825 1226 :
860 1171 1021 1227 186
1053 1173 1227 1229 verba
1257 1173 1356 1229 Dei
1382 1173 1614 1245 profert,
1640 1190 1744 1230 nec
1765 1179 1959 1231 tamen
1992 1175 2212 1247 diligit;

499 1255 795 1316 laudando
826 1265 1156 1332 exaggerat,
1185 1262 1428 1318 vivendo
1450 1262 1650 1318 calcat.
1676 1262 1821 1326 Quia
1841 1280 1977 1335 ergo
2000 1263 2214 1321 stultus

501 1345 614 1403 iste
647 1354 802 1405 recta
832 1355 886 1405 et
916 1350 1189 1423 intelligit
1220 1355 1274 1406 et
1322 1352 1487 1418 dicit,
1539 1353 1639 1407 sed
1673 1357 1867 1408 tamen
1920 1353 2040 1409 haec
2071 1371 2217 1425 ope—

501 1439 684 1493 rando
739 1456 853 1495 non
902 1448 1076 1508 amat,
1130 1458 1380 1497 messem
1430 1441 1697 1497 habendo
1726 1443 1973 1514 jejunat.
2026 1446 2212 1508 Quam

500 1527 781 1583 nimirum
834 1530 1139 1587 famelicus
1178 1531 1452 1599 comedit,
1503 1532 1642 1603 quia
1675 1532 1723 1588 is
1774 1532 1874 1603 qui
1906 1533 1979 1588 ad
2027 1532 2212 1590 Deum

498 1618 720 1675 sanctis
744 1618 1049 1675 desideriis
1071 1620 1518 1689 anhelat,‘,discit
1540 1622 1692 1694 quod
1718 1623 1903 1691 audit,
1920 1623 2039 1694 agit
2055 1624 2211 1695 quod

500 1704 766 1813 didicerit
798 1722 811 1761 :
847 1711 903 1761 et
933 1708 1071 1762 dum
1105 1708 1354 1764 doctoris
1398 1708 1555 1781 pravi
1607 1714 1763 1765 recta
1804 1711 2212 1780 prmdicatione
2243 1747 2291 1813 Β

501 1793 779 1864 reficitur,
814 1795 953 1865 quid
988 1796 1143 1851 aliud
1184 1814 1355 1868 quam
1389 1797 1551 1853 stulti
1598 1799 1759 1869 fruge
1813 1799 2099 1855 satiatur?
2131 1802 2211 1857 An

502 1898 619 1937 non
653 1882 951 1940 famelicos
981 1900 1113 1940 suos
1144 1886 1389 1953 Veritas,
1425 1891 1487 1941 ut
1529 1887 1685 1942 stulti
1730 1903 1982 1944 messem
2013 1905 2209 1946 come-

500 1973 727 2037 derent,
753 1973 821 2027 ad
833 1974 1127 2042 monebat,
1148 1991 1279 2030 cum
1305 1992 1406 2046 per
1429 1976 1709 2031 desideria
1732 1982 1935 2032 sancta
1956 1978 2208 2048 ﬂagran-

494 2062 674 2129 tibus,
707 2062 777 2117 de
810 2062 1110 2119 Pharisais
1162 2064 1511 2135 praeciperet,
1557 2065 1755 2121 dicens
1786 2081 1799 2122 :
1853 2068 1989 2131 Quae
2016 2068 2209 2124 dicunt

493 2152 684 2220 facite,
708 2151 881 2219 juxta
911 2169 1081 2223 opera
1118 2169 1244 2209 vero
1292 2171 1479 2209 eorum
1529 2157 1704 2211 nolite
1749 2158 1936 2223 facere
1978 2157 2204 2228 (Matth.

492 2256 654 2311 XXIII,
688 2242 763 2312 3).
811 2244 890 2299 Ac
930 2243 979 2298 si
1038 2249 1232 2315 aperte
1283 2245 1501 2301 diceret
1534 2262 1547 2302 :
1583 2245 1756 2302 Verbi
1810 2262 2062 2304 messem
2118 2247 2208 2303 lo-

494 2331 728 2403 quendo
777 2331 1067 2402 excolunt,
1112 2335 1211 2390 sed
1274 2333 1423 2389 hanc
1474 2335 1624 2391 male
1680 2335 1917 2392 vivendo
1968 2337 2207 2394 minime

494 2419 859 2491 contingunt.
900 2422 1161 2478 Vestram
1187 2440 1322 2496 ergo
1347 2425 1555 2480 famem
1591 2426 1802 2481 messis
1826 2426 1939 2481 ista
1966 2427 2205 2498 reficiat,

493 2510 633 2579 quia
661 2510 826 2565 vobis
856 2510 1007 2567 hanc
1040 2528 1139 2583 per
1161 2514 1449 2571 fatuitatis
1471 2531 1591 2571 suae
1617 2515 1918 2571 fastidium
1950 2523 2203 2574 servant.

494 2595 650 2652 Bene
680 2603 875 2654 autem
909 2601 1179 2656 subditur
1212 2618 1225 2656 :

1164 2692 1398 2751 CAPUT
1446 2694 1539 2750 IX.

565 2781 706 2838 Iam.
740 2814 809 2825 —
847 2786 919 2839 Et
949 2786 1127 2854 ipsum
1156 2786 1339 2854 rapiet
1366 2791 1635 2840 armatus.

573 2876 658 2927 11.
696 2872 954 2929 Diabolus
986 2889 1125 2944 sazpe
1158 2875 1440 2929 scientiam
1465 2878 1762 2942 permittit,
1794 2880 1855 2930 ut
1883 2883 2202 2947 corrumpat

498 2964 686 3017 vitam.
721 2993 789 3004 -—
820 2964 1114 3035 Antiquus
1157 2982 1410 3036 namque
1440 2965 1626 3022 hostis
1659 2966 1824 3037 quasi
1864 2966 2202 3038 inermis(a)

2328 454 2591 521 audiens,
2624 468 2839 524 magna
2869 452 3101 523 quidem
3123 467 3245 507 esse
3275 451 3596 518 considerat,
3623 455 3709 511 sed
3732 458 3780 511 ad
3795 475 3896 515 com.

2329 544 2741 615 prehendenda
2783 542 2905 598 hac
2943 541 3102 598 nullo
3150 541 3338 597 studio
3384 542 3579 598 amoris
3621 544 3830 602 elaborat.
3851 554 3896 607 At

2328 638 2531 689 contra
2562 632 2710 688 alius
2740 632 2896 688 sitim
2932 631 3125 698 habet,
3152 631 3438 701 ingenium
3468 647 3569 687 non
3597 632 3736 690 habet
3756 652 3767 702 ;
3790 654 3897 694 amor

2328 723 2398 778 ad
2442 723 2842 778 meditandum
2886 720 3188 793 pertrahit,
3228 737 3428 777 sensus
3470 721 3719 779 hebetudo
3744 732 3900 781 contra-

2328 811 2504 879 dicit;
2537 815 2595 867 et
2623 827 2775 883 smpe
2804 810 2913 866 hoc
2944 810 3001 865 in
3033 809 3396 883 divinalegie
3413 810 3700 867 eruditione
3715 816 3895 884 quando-

2328 917 2438 972 que
2482 899 2771 957 studendo
2810 899 3104 970 intelligit,
3155 900 3307 971 quod
3348 916 3444 971 per
3476 900 3820 974 negligentiam
3847 905 3900 960 in-

2326 989 2601 1061 geniosus
2634 989 2836 1046 nescit.
2881 989 3067 1059 Hujus
3116 1005 3247 1060 ergo
3287 988 3442 1044 stulti
3484 989 3684 1045 divitias
3716 991 3902 1047 sitientes

2328 1078 2553 1148 bibunt,
2587 1080 2727 1134 dum
2762 1083 3045 1151 praecepta
3072 1078 3197 1146 Dei,
3221 1094 3341 1149 quis
3363 1077 3623 1149 ingeniosi
3643 1080 3903 1138 fastidientes

2326 1167 2613 1235 nesciunt,
2643 1167 2876 1224 hebetes
2908 1172 3172 1223 amantes
3192 1170 3589 1239 assequuntur.
3620 1169 3672 1223 In
3697 1167 3766 1224 his
3789 1170 3907 1225 nimi-

2325 1274 2453 1312 rum
2486 1261 2555 1326 (e)
2589 1258 2857 1314 tenebras
2882 1257 3251 1313 hebetudinis
3272 1257 3515 1313 illustret
3534 1257 3705 1314 oculus
3727 1260 3907 1329 amoris;

2324 1364 2457 1404 nam
2490 1348 2599 1404 hoc
2638 1349 2989 1405 tardioribus
3037 1348 3168 1404 sitis
3215 1347 3419 1419 aperit,
3450 1349 3585 1419 quod
3623 1348 3909 1404 velocioribus

2325 1436 2624 1493 fastidium
2656 1437 2890 1493 claudit.
2923 1436 3031 1501 Qui
3063 1441 3119 1493 et
3139 1436 3351 1492 ideirco
3383 1437 3449 1492 ad
3481 1435 3807 1504 intelligentiae
3829 1437 3907 1493 alia

2324 1526 2690 1597 perveniunt,
2723 1526 2864 1598 quia
2891 1541 3059 1597 agere
3078 1542 3205 1597 quae
3228 1524 3630 1595 intellexerunt,
3650 1526 3719 1580 vel
3739 1525 3905 1581 minimi

2324 1615 2486 1671 nulla
2507 1622 2915 1684 contemnunt;
2941 1619 2999 1671 et
3020 1616 3161 1671 dum
3176 1630 3409 1671 sensum
3435 1615 3675 1670 manibus
3691 1614 3902 1685 adjuvant,
3988 1608 3989 1621 ¹

2322 1720 2447 1760 sese
2505 1705 2657 1761 ultra
2712 1705 3079 1761 altitudinem
3130 1705 3558 1775 ingeniosorum
3604 1703 3904 1760 levant.Undo

2323 1792 2461 1848 bene
2494 1810 2596 1865 per
2614 1795 2985 1851 Salomonem
3019 1793 3233 1850 dicitur
3267 1809 3281 1848 :
3313 1793 3499 1850 Stellio
3520 1792 3733 1848 manibus
3754 1794 3905 1858 nititur,

2319 1890 2372 1936 et
2400 1891 2650 1939 moratur
2680 1888 2738 1938 in
2768 1884 2969 1940 aedibus
3021 1888 3168 1955 regis
3217 1885 3401 1955 (Prov.
3432 1900 3554 1951 xxx,
3594 1883 3691 1953 28).
3726 1882 3907 1937 Plerum-

2319 1989 2431 2044 que
2464 1975 2618 2030 enim
2651 1990 2803 2043 aves,
2836 1991 2983 2046 quas
3012 1975 3083 2029 ad
3128 1974 3385 2030 volatum
3418 1988 3596 2045 penna
3629 1971 3845 2035 sublevat,
3868 1970 3904 2024 in

2318 2063 2589 2135 vepribus
2618 2064 2906 2133 resident;
2938 2069 2994 2120 et
3024 2063 3234 2132 stellis,
3269 2064 3369 2137 qui
3399 2064 3466 2119 ad
3504 2061 3720 2119 volatum
3753 2075 3906 2130 pennas

2318 2170 2433 2209 non
2465 2154 2657 2223 habet,
2693 2155 2885 2211 nitens
2917 2155 3213 2221 manibus,
3238 2155 3320 2225 (ἀ)
3340 2153 3493 2225 regni
3510 2151 3905 2211 mdificiumtenet,

2318 2243 2451 2314 quia
2482 2245 2757 2300 nimirum
2781 2261 2934 2318 saepe
2964 2245 3252 2315 ingeniosi
3281 2244 3493 2316 quique
3524 2243 3644 2297 dum
3678 2255 3754 2311 per
3782 2236 3906 2308 negli-

2316 2338 2571 2405 gentiam
2612 2338 2866 2406 torpent,
2900 2335 2957 2390 in
2993 2334 3184 2406 pravis
3216 2333 3367 2390 187
3420 2333 3631 2390 actibus
3675 2330 3907 2387 remanent,

2316 2426 2373 2479 et
2418 2422 2739 2494 simplices,
2784 2440 2930 2495 quos
2976 2423 3190 2494 ingenii
3245 2440 3436 2496 penna
3478 2438 3582 2478 non
3631 2419 3833 2491 adjuvat,
3863 2415 3907 2469 ad

2317 2512 2633 2570 obtinenda
2655 2515 2852 2571 aeterni
2881 2514 3044 2587 regni
3074 2514 3295 2571 mcenia
3340 2513 3513 2570 virtus
3547 2508 3835 2585 operationis
3854 2504 3915 2560 ls-

2315 2611 2425 2658 vat.
2453 2603 2649 2659 Stellio
2680 2620 2813 2675 ergo
2845 2605 2989 2659 dum
3024 2604 3299 2661 manibus
3338 2603 3556 2670 nititur,
3585 2601 3638 2656 in
3677 2599 3797 2671 regis
3819 2592 3912 2650 adi-

2315 2694 2426 2751 bus
2458 2700 2741 2765 moratur,
2776 2697 2908 2769 quia
2936 2695 3033 2751 illo
3065 2696 3319 2768 simplex
3350 2711 3449 2767 per
3471 2692 3796 2750 intentionem
3820 2684 3913 2741 recti
4008 2718 4009 2743 ι

2314 2786 2506 2856 operis
2539 2791 2819 2857 pervenit,
2846 2802 2960 2857 quo
2983 2785 3330 2857 ingeniosus
3357 2785 3586 2841 minime
3606 2773 3918 2838 asoendit.Sed

2313 2873 2405 2929 his
2435 2876 2677 2942 auditis,
2712 2875 2956 2947 quaestio
3000 2880 3202 2930 nostro
3247 2875 3407 2931 cordi
3455 2872 3737 2936 suboritur,
3772 2882 3847 2921 cur
3866 2862 3919 2917 vel

2319 2963 2631 3036 negligenti
2651 2964 3051 3037 intelligentia:
3066 2965 3288 3020 donum
3313 2964 3593 3029 tribuitur,
3610 2959 3684 3015 vel
3704 2956 3915 3015 studiosus

3967 575 3971 703 Ἰ

3978 1052 3979 1141 l

3979 1162 3981 1253 ι

494 3052 769 3120 vincitur,
793 3069 926 3109 cum
953 3016 1105 3108 mala
1136 3016 1333 3125 aperte
1365 3016 1977 3127 suggereniihumanae
2004 3016 2204 3125 menti:
2238 3016 2282 3085 Ο
2320 3016 2568 3124 quisque
2598 3069 2806 3109 sensus
2835 3016 2925 3109 ξιιί
2977 3052 3247 3109 tarditate
3291 3048 3667 3125 prmpeditur?
3690 3048 3758 3101 Ad
3798 3056 3917 3115 quam
4014 3052 4015 3093 l

492 3138 646 3194 bona
677 3139 874 3195 omnia
901 3142 1081 3196 simul
1132 3141 1433 3198 destruere
1481 3149 1744 3199 conatur.
1796 3144 1908 3199 Sed
1944 3148 2206 3200 armatus

490 3230 665 3297 venit,
701 3230 935 3300 quando
992 3232 1147 3286 bona
1202 3230 1313 3286 alia
1360 3232 1579 3287 intacta
1619 3233 1912 3296 deserens,
1963 3231 2210 3288 latenter

499 3318 615 3374 alia
643 3319 981 3391 corrumpit.
1016 3320 1153 3375 Nam
1184 3337 1333 3392 saepe
1356 3322 1640 3389 quosdam
1679 3320 1736 3376 in
1768 3320 2060 3378 intellectu
2095 3339 2207 3379 non

498 3412 709 3473 tentat,
739 3408 939 3480 eisque
958 3409 1014 3463 in
1039 3410 1190 3465 sacri
1208 3410 1425 3482 eloquii
1449 3410 1823 3467 meditatione
1848 3428 1961 3467 non
1984 3414 2207 3481 obviat;

500 3498 601 3554 sed
634 3502 827 3553 tamen
878 3514 1079 3554 eorum
1126 3500 1302 3555 vitam
1355 3501 1412 3555 in
1461 3502 1794 3572 operatione
1843 3502 2206 3574 supplantat,

500 3586 600 3659 qui
627 3589 765 3643 dum
799 3588 869 3645 de
900 3589 1155 3645 scientiae
1187 3589 1397 3647 virtute
1449 3590 1778 3660 laudantur,
1832 3609 2206 3665 nequaquam

498 3693 743 3733 suorum
766 3694 1005 3750 operum
1030 3679 1247 3736 damna
1270 3682 1616 3753 respiciunt;
1652 3683 1978 3753 oumquein
2006 3684 2211 3739 favoris

496 3764 577 3837 (II)
593 3766 1036 3824 delectationem
1054 3771 1287 3826 animus
1303 3770 1557 3836 ducitur,
1581 3772 1708 3827 vitm
1726 3788 1843 3827 suae
1865 3772 2210 3829 vulneribus

502 3869 617 3907 non
651 3856 935 3910 medetur.
958 3857 1122 3914 Hunc
1148 3874 1283 3930 ergo
1308 3864 1567 3914 armatus
1590 3859 1776 3916 hostis
1796 3860 2008 3932 rapuit,
2034 3876 2208 3932 quem

496 3942 701 3999 fraude
749 3948 940 4001 tectus
963 3947 1020 4001 in
1051 3946 1161 4003 alia
1190 3949 1485 4015 deserens,
1511 3965 1580 4005 ex
1616 3950 1729 4005 alia
1768 3952 1930 4020 parte
1980 3966 2211 4021 supera-

499 4032 601 4089 vit.
632 4034 908 4105 Sequitur
940 4050 953 4089 :

1184 4126 1414 4183 CAPUT
1451 4126 1520 4184 Χ.

574 4217 718 4272 Isto.
752 4246 817 4259 ~—
848 4217 917 4271 Et
940 4217 1122 4272 bibent
1150 4216 1395 4273 sitientes
1420 4217 1641 4272 divitias
1670 4217 1808 4287 ejus.

578 4307 663 4359 10.
689 4308 843 4377 Szepe
886 4306 1039 4362 hebes
1082 4308 1273 4362 hocin
1322 4306 1525 4363 divinae
1567 4306 1703 4376 legis
1751 4307 2060 4363 eruditione
2088 4315 2217 4363 stu-

2319 3142 2490 3197 citius
2524 3144 2929 3214 respondetur,
2963 3144 3101 3198 dum
3135 3141 3404 3213 protinus
3434 3138 3722 3197 subditur:

2983 3230 3214 3288 CAPUT
3264 3231 3368 3287 XI.

2388 3321 2563 3377 Vaas.
2585 3324 2639 3377 6.
2672 3351 2739 3364 —
2767 3323 2915 3378 Nihil
2946 3324 3006 3377 in
3037 3329 3191 3377 terra
3218 3324 3343 3377 sine
3371 3335 3552 3377 causa.

2392 3412 2476 3465 13.
2502 3413 2611 3467 Cur
2642 3415 2923 3482 ingenium
2952 3412 3133 3467 studio
3164 3412 3410 3478 tardum,
3451 3406 3724 3480 negligenti
3740 3416 3834 3458 aere
3857 3399 3925 3453 tri-

2321 3502 2542 3558 buatur.
2575 3534 2642 3543 —
2674 3502 2889 3559 Idcirco
2914 3504 3065 3558 enim
3099 3516 3255 3574 saepe
3289 3511 3343 3559 et
3375 3500 3679 3558 desidiosus
3707 3489 3923 3574 ingenium

2319 3592 2551 3662 accipit,
2572 3592 2715 3663 ut(e)
2731 3592 2800 3648 de
2813 3572 3403 3663 negligentiajustius
3416 3589 3690 3663 puniatur.
3705 3572 3923 3656 quiaquod

2318 3680 2445 3738 sine
2476 3680 2672 3737 labore
2697 3680 2920 3751 assequi
2952 3681 3158 3752 potuit,
3191 3680 3346 3736 scire
3366 3676 3680 3736 contemnit.
3701 3673 3757 3728 Et
3774 3666 3926 3765 idoirto

2319 3786 2747 3843 nonnunquam
2771 3771 3075 3827 studiosus
3094 3771 3376 3827 tarditate
3398 3765 3923 3841 intelligentizpremt-

2318 3862 2432 3928 tur,
2467 3865 2532 3916 ut
2559 3876 2625 3916 eo
2658 3861 2876 3931 majora
2906 3860 3143 3932 praemia
3162 3858 3562 3916 retributionis
3581 3852 3825 3915 inveniat;
3848 3855 3926 3914 quo

2321 3949 2510 4020 magis
2540 3951 2598 4005 in
2631 3951 2818 4006 studio
2848 3950 3203 4006 inventionis
3248 3950 3524 4007 elaborat.
3554 3943 3693 4002 Nihil
3728 3952 3832 4008 61³80
3866 3933 3925 4020 θεέ

2319 4038 2378 4093 in
2404 4019 2557 4097 terra
2586 4040 2712 4097 sine
2750 4058 2944 4109 causa,
2977 4040 3206 4112 quando
3256 4048 3311 4097 et
3351 4039 3603 4096 studioso
3644 4029 3842 4089 ιιι-ἀίω
3877 4019 3925 4118 id

2320 4132 2623 4202 praemium
2658 4131 2904 4202 proiicit,
2937 4109 3009 4187 eti
3044 4130 3341 4187 desidioso
3373 4128 3633 4186 velocitas
3662 4121 3722 4179 ad
3762 4109 3927 4186 suppli-

2320 4222 2476 4278 cium
2509 4220 2735 4276 crescit.
2787 4221 2936 4291 [νει.
2977 4220 3066 4291 V.]
3116 4220 3202 4275 Ad
3251 4216 3623 4290 intelligenda
3650 4214 3806 4268 autem
3844 4212 3930 4272 qua

2320 4318 2475 4367 recta
2505 4316 2664 4377 sunt,
2695 4310 3009 4381 aliquando
3040 4309 3261 4365 laboris
3308 4309 3521 4374 studio,
3554 4296 3818 4375 aliquando
3842 4302 3931 4381 veto

504 4394 682 4448 dendo
738 4396 1025 4464 intelligit,
1084 4398 1232 4467 quod
1281 4413 1388 4468 per
1445 4398 1840 4467 negligentiam
1897 4400 2211 4467 ingeniosus
2242 4393 2287 4457 D
2321 4400 2516 4457 dolore
2540 4378 2931 4471 percussionis
2962 4400 3289 4456 erudimur.
3320 4399 3480 4455 Unde
3510 4410 3632 4453 cum
3659 4391 3837 4447 dictum
3862 4378 3927 4441 sit.

504 4485 697 4540 nescit.
730 4514 799 4525 —-
826 4488 986 4555 Saepe
1016 4488 1234 4543 stultus
1257 4488 1427 4544 habet
1457 4488 1669 4545 interni
1700 4487 1945 4559 liquoris
1969 4489 2209 4557 fontem,

500 4575 602 4630 sed
637 4591 751 4631 non
784 4574 948 4641 bibit,
991 4576 1127 4647 quia
1174 4576 1475 4649 ingenium
1525 4578 1761 4649 quidem
1813 4578 2209 4651 intelligentia:

499 4665 728 4736 accipit,
780 4665 880 4721 sed
928 4670 1121 4721 tamen
1183 4668 1441 4723 veritatis
1489 4670 1810 4725 sententias
1859 4685 2209 4741 cognoscere

497 4754 743 4828 legendo
795 4756 1151 4822 contemnit;
1203 4756 1312 4812 scit
1353 4757 1487 4827 quia
1548 4757 1873 4830 intelligere
1919 4759 2209 4816 studendo

498 4845 829 4918 prmvaleat,
863 4846 963 4902 sed
994 4845 1066 4901 ab
1105 4845 1261 4901 omni
1308 4846 1584 4903 doctrinas
1626 4848 1819 4904 studio
1853 4849 2209 4906 instudiosus

503 4942 711 4995 cessat.
746 4936 965 4993 Divitiis
998 4952 1230 5009 quoque
1262 4936 1492 5006 mentis,
1526 4945 1663 4993 sunt
1699 4939 1875 4994 verba
1922 4953 2096 4995 sacrae
2127 4939 2209 4995 lo-

503 5028 753 5086 cutionis
782 5028 920 5100 ;sed
954 5026 1060 5084 has
1090 5026 1320 5084 divitias
1350 5024 1566 5083 stultus
1588 5026 1771 5083 oculis
1801 5026 2031 5098 aspicit,
2063 5031 2121 5084 et
2150 5028 2209 5083 in

567 5294 646 5363 (a)
664 5291 997 5365 Vindocin.,
1016 5295 1177 5367 quasi
1194 5296 1418 5352 inermis
1438 5293 1627 5350 vincit.
1653 5292 1713 5349 Β.
1734 5287 2025 5359 Michael.,
2052 5290 2211 5362 quasi

500 5366 735 5419 inermes
764 5370 952 5422 vincit.

570 5435 641 5505 (b)
673 5436 914 5504 Gemet.,
944 5454 1171 5508 eumque
1202 5441 1259 5493 in
1289 5441 1500 5507 favoris
1530 5438 1953 5493 dilectationem.
1987 5437 2205 5491 Recen-

508 5504 638 5582 tio'ri
668 5512 861 5582 tamen
896 5504 1387 5582 manu—scriptum
1415 5510 1644 5582 legitur,
1685 5509 2120 5582 delectationem.

578 5576 647 5649 (ο)
677 5576 1009 5647 Vindocin.,
1060 5576 1299 5649 Turon.,
1339 5585 1393 5634 8.
1431 5576 1595 5635 Mart.
1628 5584 1684 5635 et
1711 5584 1768 5637 S.
1818 5579 2012 5648 Mich.,
2044 5581 2101 5632 in
2132 5578 2211 5633 his

500 5648 761 5708 nimirum
792 5648 1029 5704 tenebris
1051 5648 1393 5707 hebetudinis
1423 5651 1740 5706 illustratur
1760 5652 1949 5707 oculus
1984 5651 2208 5706 amoris.

568 5721 649 5795 (ἁ)
676 5723 763 5778 Ita
799 5720 979 5779 Corb.
1004 5721 1218 5785 Germ.,
1258 5722 1444 5787 Colb.,
1497 5721 1661 5792 Reg.,
1692 5723 1931 5792 Turon.,
1966 5722 2207 5790 Bellov.,

2320 4489 2467 4547 Nihil
2488 4492 2545 4544 in
2575 4497 2726 4545 terra
2757 4492 2872 4546 sine
2900 4505 3065 4545 causa
3086 4504 3108 4553 ;
3138 4492 3272 4561 apte
3304 4487 3565 4560 protinus
3594 4479 3795 4539 additur
3821 4486 3834 4527 :

2805 4578 3039 4636 CAPUT
3086 4578 3183 4634 x11
3228 4580 3376 4648 [ηερ.
3417 4577 3533 4648 VI].

2388 4671 2523 4727 IBID.
2555 4701 2622 4711 -—
2653 4673 2719 4727 Et
2746 4670 2813 4727 de
2843 4670 3007 4725 humo
3037 4670 3353 4739 egredietur
3381 4667 3557 4724 dolor.

2392 4759 2477 4815 14.
2509 4762 2611 4816 Per
2655 4760 2872 4817 occulta
2915 4737 3114 4816 merita
3161 4763 3449 4825 mentium,
3502 4757 3683 4825 aperta
3720 4737 3931 4817 P'Od‘w"

2315 4851 2542 4922 παρειια
2564 4869 2879 4923 poenarum.
2915 4883 2981 4894 —
3017 4851 3183 4907 Dolor
3212 4865 3465 4922 namque
3513 4842 3668 4917 quasi
3710 4837 3769 4893 de
3803 4831 3930 4923 hum?

2317 4912 2721 5015 '(nvegreditur,
2746 4960 2879 4999 cum
2903 4942 3077 4999 homo
3111 4943 3181 4998 ad
3203 4941 3304 4998 Dei
3338 4912 3634 5010 imaginem
3651 4912 3931 5015 conditus-tle

2317 5005 2489 5089 rebus
2518 5005 2962 5090 insensibilibus
2994 5031 3337 5105 ﬂagellatur.
3371 5005 3481 5087 Sed
3500 5026 3628 5099 quia
3648 5035 3738 5095 per
3760 5005 3930 5071 occuli!

2315 5289 2487 5341 Νυτω
2500 5326 2536 5351 ο»
2554 5285 2869 5357 compend.
2890 5286 3022 5342 Coc.
3040 5294 3091 5342 et
3107 5302 3226 5358 seq.
3244 5285 3319 5341 Ed
3332 5325 3369 5350 .,
3396 5282 3532 5353 regis
3544 5272 3796 5361 aedificium
3813 5260 3929 5332 tenet;

2319 5358 2441 5383 nu-
2508 5358 2677 5383 ι.-ι..,.ι
2729 5363 3031 5383 ..ι..,.......--
3084 5359 3423 5383 ι--ι;,...,.....
3463 5357 3641 5383 ιυυιιη
3690 5332 3929 5383 οτρῐηοΙιΓΙ

2319 5358 2463 5414 Utic.
2508 5344 3034 5429 habet|utramque
3084 5344 3561 5429 lectionem;h_oe
3591 5344 3647 5429 iu
3689 5344 3917 5429 βιεῖξῖξξξξξ

2316 5405 2754 5486 scribiturslilio
2771 5447 2868 5501 pro
2880 5405 3080 5495 sigllio,
3098 5429 3245 5485 etita
3259 5405 3480 5499 quoque
3494 5425 3549 5478 in
3572 5405 3930 5501 plerisqueﬂs‘l-

2387 5503 2453 5527 [Α
2490 5502 2629 5527 una:
2688 5508 2747 5527 ..ι
2790 5505 3105 5527 ιηηηηέηηω.
3132 5520 3141 5527 .
3180 5502 3324 5527 -..ΑΔ
3379 5500 3445 5527 ..ις
3480 5491 3728 5527 ηνηηιιιιηι
3772 5480 3931 5527 ποειτιε

2386 5503 2454 5569 (e)
2490 5502 2656 5566 Editi,
2688 5508 2747 5555 ut
2772 5488 3141 5571 ingeniosus;
3174 5488 3329 5572 quod
3378 5488 3447 5555 ab
3478 5488 3728 5553 omnibus
3772 5488 3896 5536 nos"

2316 5572 2455 5629 Mss.
2491 5573 2679 5641 abest,
2706 5576 2762 5627 et
2800 5590 2942 5629 sane
2980 5572 3311 5646 superﬂuit.
3917 5636 3934 5648 .

2386 5643 2453 5669 In
2488 5646 2545 5669 ι-
2582 5644 2782 5669 Π--..ι
2832 5649 2883 5669 ,ι
2914 5644 3212 5669 -----.-ιιε-
3274 5643 3421 5669 -..με
3453 5639 3513 5669 ,1η
3540 5636 3684 5669 imum
3711 5638 3804 5669 mm
3822 5624 3917 5669 earl

2385 5643 2454 5715 (f)
2488 5646 2549 5716 In
2582 5634 2802 5701 Gemet.
2828 5649 2883 5700 et
2914 5634 3236 5716 nonnullis,
3266 5643 3421 5716 quasi
3450 5636 3804 5716 deﬁgmqpon
3822 5634 3869 5687 69

2314 5699 2488 5772 ditur.
2524 5699 2610 5773 Ita
2637 5699 2869 5788 quoque
2897 5699 3243 5777 aiéiiiaiiéi
3272 5699 3435 5773 vetus
3456 5708 3553 5769 Ed.
3586 5699 3736 5761 Bssil.
