4134 6174
176 279 286 339 737

1089 275 1511 337 MORALIUM
1557 273 1701 333 LIB.
1749 271 1851 333 VI.
1899 303 1975 314 —
2018 272 2099 330 IN
2145 273 2319 336 CAP.
2365 276 2415 334 V
2458 276 2525 336 B.
2572 277 2736 338 JOB.

3569 289 3687 349 ’738

171 412 459 470 mentium
483 412 709 480 merita,
734 412 935 482 aperta
966 411 1255 482 prodeunt
1288 409 1517 481 ﬂagella
1544 423 1868 479 pmnarum,
1903 404 1956 472 Α
1986 403 2035 460 ls
2088 406 2181 476 qui
2242 409 2655 480 apprehendet,
2705 411 2927 467 noverit
2968 412 3063 468 diu
3126 417 3281 472 stare
3331 434 3445 475 non
3488 437 3682 491 posse.

167 509 222 561 et
252 506 327 559 de
350 504 533 560 humo
565 503 730 558 dolor
796 518 909 557 non
962 500 1271 572 egreditur,
1330 499 1605 572 quoniam
1666 514 1875 555 sensus

168 592 355 650 nostri
389 591 607 648 malitia
639 590 818 662 exigit
839 590 1137 646 utarebus
1158 588 1873 645 insensibilibusferiatur.

166 683 313 739 Ecce
344 682 499 738 enim
531 681 829 737 cernimus
859 680 1012 751 quod
1042 680 1114 734 ab
1148 680 1573 750 correptionem
1613 680 1871 733 nostram

171 775 541 841 exspectatus
563 769 751 824 imber
772 773 969 824 arente
999 773 1151 824 terra
1171 768 1573 837 suspenditur,
1601 771 1657 822 et
1678 768 1753 835 (a)
1777 782 1878 821 ca-

166 861 455 932 liginosus
471 876 571 914 aer
586 858 987 914 inardescente
1000 856 1122 912 sole
1139 858 1419 924 siccatur;
1436 870 1594 911 mare
1610 854 1876 926 procellis

164 949 618 1006 tumescentibus
676 947 856 1013 saevit,
892 950 947 1002 et
977 946 1123 1001 alios
1152 947 1223 1001 ad
1273 945 1751 1001 transmeandum
1784 960 1879 999 su-

166 1045 401 1111 sceptos
446 1038 761 1107 intercipit,
805 1037 941 1092 aliis
985 1036 1382 1092 desideratum
1431 1035 1538 1091 iter
1578 1040 1768 1091 erecta
1816 1034 1875 1089 in

167 1127 474 1187 cumulum
500 1127 658 1182 unda
687 1126 770 1198 (b)
799 1126 1180 1193 contradicit;
1211 1129 1369 1181 terra
1393 1141 1507 1181 non
1532 1124 1723 1181 solum
1746 1141 1875 1196 ger-

166 1219 331 1275 mina
347 1216 717 1273 fecunditatis
735 1215 1057 1283 imminuit,
1076 1215 1178 1270 sed
1198 1216 1370 1271 etiam
1389 1215 1617 1271 semina
1642 1219 1879 1287 accepta

171 1308 486 1364 consumit.
521 1308 584 1362 In
608 1305 824 1377 quibus
856 1304 1135 1361 nimirum
1168 1305 1393 1360 cunctis
1423 1308 1685 1377 patenter
1726 1304 1877 1375 aspi-

169 1398 330 1455 citur
354 1400 480 1465 hoc,
512 1396 659 1467 quod
686 1396 924 1466 quidam
956 1394 1189 1465 sapiens
1219 1396 1287 1450 de
1318 1393 1565 1449 Domino
1608 1398 1875 1462 testatur,

168 1486 420 1543 dicens:
472 1488 539 1541 Et
571 1486 851 1556 pugnabit
908 1501 1028 1540 cum
1062 1501 1123 1539 eo
1176 1484 1319 1539 orbis
1363 1490 1640 1539 terrarum
1679 1491 1879 1538 contra

161 1580 474 1632 insensatos
502 1577 664 1645 (Sap.
698 1592 761 1641 v,,
782 1576 897 1646 21).
922 1574 1092 1629 Orbis
1109 1574 1325 1645 quippe
1340 1578 1624 1628 terrarum
1650 1573 1721 1643 (ο)
1740 1589 1872 1627 cum

166 1665 424 1722 Domino
454 1668 655 1720 contra
684 1665 1014 1719 insensatos
1068 1668 1307 1734 pugnat,
1339 1661 1576 1733 quando
1614 1662 1673 1717 in
1711 1678 1875 1733 poena

1983 495 2180 552 Sancti
2215 502 2406 553 autem
2438 500 2543 554 viri
2575 500 2711 570 quia
2750 503 3115 558 transeuntis
3156 522 3271 561 non
3313 515 3533 577 amant,
3569 530 3682 570 non

1980 585 2171 641 solum
2205 588 2363 643 nulla
2396 591 2805 663 temporalium
2834 593 3258 650 desideriorum
3303 600 3555 669 pondera
3591 612 3682 659 lo-

1980 675 2198 743 lerant;
2242 678 2345 733 sed
2385 684 2441 735 et
2484 680 2671 753 siqua
2710 682 2952 738 adversa
2992 692 3377 757 consurgunt,
3418 689 3478 746 in
3542 692 3685 763 ipsis

1980 766 2103 821 suis
2136 768 2427 837 pressuris
2443 770 2902 842 etlanguoribus
2926 790 3043 827 non
3067 774 3351 833 laborant.
3387 782 3494 844 Qui
3520 784 3676 840 enim

1981 854 2226 926 ﬂagellis
2276 858 2527 914 durius?
2565 866 2619 915 et
2671 865 2864 916 tamen
2923 862 2993 917 de
3047 862 3355 935 ﬂagellatis
3407 874 3683 939 apostolis

1981 945 2265 1016 scriptum
2298 952 2412 1003 est:
2474 950 2637 1004 Ibant
2675 952 2973 1019 gaudentes
3017 970 3051 1006 a
3098 962 3385 1025 conspectu
3442 963 3680 1033 concilii,

1981 1036 2243 1103 quoniam
2272 1036 2429 1105 digni
2457 1038 2633 1093 habiti
2660 1048 2788 1094 sunt
2812 1056 2921 1109 pro
2968 1045 3184 1097 nomine
3213 1046 3339 1099 Jesu
3398 1056 3684 1105 contume-

1980 1122 2109 1178 liam
2142 1129 2267 1195 pati
2294 1128 2446 1197 (Act.
2482 1145 2533 1195 v,
2578 1130 2689 1199 41).
2750 1131 2897 1195 Quid
2955 1148 3091 1203 ergo
3130 1149 3331 1190 eorum
3393 1140 3686 1196 mentibus

1980 1211 2140 1268 labor
2170 1219 2278 1280 est,
2320 1216 2532 1285 quibus
2556 1222 2611 1272 et
2652 1235 2824 1289 pmna
2864 1220 3171 1277 verberum
3222 1222 3380 1281 laber
3413 1243 3528 1283 non
3561 1230 3685 1284 est?

1979 1306 2164 1358 Homo
2195 1320 2332 1376 ergo
2386 1308 2455 1361 ad
2520 1308 2779 1364 laborem
2830 1311 3106 1376 nascitur,
3158 1314 3295 1385 quia
3353 1315 3449 1371 ille
3508 1318 3684 1389 hujus

1980 1391 2183 1445 mundi
2215 1395 2494 1449 veraciter
2527 1396 2676 1451 mala
2698 1398 2894 1463 sentit,
2928 1400 3026 1470 qui
3051 1402 3179 1471 ejus
3222 1403 3371 1457 bona
3393 1404 3687 1462 inhianter

1980 1481 2216 1551 appetit.
2242 1486 2385 1537 Nam
2421 1485 2590 1554 cujus
2622 1501 2786 1541 mens
2822 1488 2890 1541 ad
2946 1486 3062 1542 alta
3119 1492 3513 1561 suspenditur,
3573 1496 3682 1551 sub

1978 1568 2106 1640 ipsa
2136 1575 2224 1625 est
2264 1572 2547 1643 quidquid
2598 1576 2853 1631 exterius
2911 1582 3111 1632 contra
3150 1579 3333 1649 ipsam
3388 1588 3677 1640 movetur.

1982 1657 2132 1729 [Vet.
2175 1660 2290 1731 VL]
2314 1661 2462 1717 Bene
2492 1662 2681 1733 itaque
2706 1664 2996 1725 subditur,
3049 1668 3116 1720 Et
3158 1671 3271 1723 avis
3309 1670 3383 1723 ad
3420 1671 3683 1728 volatum.

166 1754 637 1825 delinquentium
693 1758 751 1810 et
798 1754 1219 1809 elementorum
1261 1754 1585 1810 adversitas
1638 1752 1873 1807 militat.
1905 1774 1953 1840 Β
1984 1749 2129 1813 Quia
2159 1754 2317 1805 tanto
2351 1751 2635 1806 animusa
2664 1751 2881 1809 laboris
2912 1755 3229 1811 afﬂictione
3270 1774 3331 1812 se
3371 1760 3684 1831 subtrahit,

166 1844 280 1901 Sed
308 1852 502 1898 tamen
536 1845 607 1899 de
652 1842 830 1898 bumo
875 1843 1040 1899 dolor
1075 1859 1188 1898 non
1239 1843 1555 1914 egreditur,
1605 1843 1740 1913 quia
1790 1857 1879 1896 res

172 1934 452 2006 qualibet
474 1933 836 1988 insensibilis
858 1934 929 1988 ad
963 1933 1334 1989 aiﬂictionem
1360 1938 1619 1988 nostram
1639 1932 1877 1988 stimulo

172 2028 393 2079 nostra
426 2022 673 2079 actionis
704 2022 1005 2077 excitatur.
1040 2022 1119 2078 De
1152 2022 1329 2078 humo
1360 2022 1525 2078 dolor
1559 2039 1670 2078 non
1705 2037 1877 2093 egre-

165 2115 349 2179 ditur,
382 2115 519 2184 quia
550 2128 919 2184 nequaquam
946 2130 1113 2185 pcena
1131 2114 1201 2168 de
1232 2129 1299 2168 ea
1314 2112 1568 2169 nascitur
1588 2118 1876 2181 creatura,

168 2220 299 2275 quas
334 2203 602 2274 percutit,
635 2203 735 2257 sed
770 2203 840 2258 de
868 2218 935 2257 ea
969 2202 1166 2274 procul
1195 2202 1392 2270 dubio,
1431 2219 1555 2274 quae
1588 2205 1878 2274 peccando

170 2295 290 2349 vim
328 2292 725 2365 persuasionis
757 2294 1016 2347 extorsit.
1042 2294 1144 2347 Sed
1178 2294 1501 2348 curandum
1528 2308 1879 2363 magnopere

164 2388 256 2440 est
292 2388 360 2437 ut
395 2398 528 2438 cum
589 2382 647 2435 in
700 2382 873 2438 rebus
927 2380 1312 2438 exterioribus
1366 2382 1621 2451 pondere
1664 2381 1879 2436 doloris

168 2473 495 2539 alﬁcimur,
523 2488 624 2541 spe
656 2473 726 2527 ad
776 2486 1033 2543 superna
1092 2472 1443 2538 tendamus;
1478 2474 1765 2541 quatenus
1812 2487 1879 2526 eo

161 2580 341 2620 mens
359 2563 429 2617 ad
455 2561 574 2618 alta
605 2560 919 2634 perveniat,
955 2578 1068 2633 quo
1092 2579 1197 2617 nos
1229 2563 1480 2617 exterior
1511 2578 1677 2632 pmna
1706 2561 1876 2616 casti-

159 2658 284 2726 gat.
326 2652 489 2709 Unde
519 2659 570 2708 et
603 2657 737 2723 apte
766 2652 1165 2723 subjungitur:

650 2741 881 2797 CAPUT
904 2742 1038 2797 x111
1072 2743 1216 2813 meo.
1252 2743 1400 2814 v11].

237 2831 425 2887 Vens.
459 2832 511 2887 7.
542 2863 609 2873 —
638 2833 816 2887 Homo
840 2832 914 2887 ad
946 2832 1185 2888 laborem
1230 2836 1495 2899 nascitur,
1552 2839 1605 2887 ct
1652 2835 1768 2889 avis
1807 2834 1881 2889 ad

160 2923 439 2979 volatum.

237 3014 336 3068 15.
385 3014 663 3078 Quantum
708 3030 839 3069 caro
875 3016 1110 3085 ﬂagellis
1158 3017 1424 3084 afﬁcitur,
1474 3031 1624 3071 mens
1669 3021 1742 3072 ad
1789 3017 1883 3071 al-

162 3107 315 3160 tiora
348 3104 682 3158 sublevatur.
711 3135 779 3143 —
810 3105 893 3160 Ad
926 3105 1180 3161 laborem
1205 3105 1416 3176 quippe
1440 3105 1880 3162 uasciturbomo

169 3193 313 3264 quia
357 3191 637 3247 nimirum
689 3192 737 3247 is
776 3193 877 3262 qui
917 3198 1152 3264 accepta
1185 3200 1272 3249 est
1312 3194 1589 3264 praeditus
1639 3195 1881 3265 ratione,

164 3280 510 3337 considerat
549 3281 704 3350 quod
746 3280 910 3336 valde
962 3282 1071 3337 sibi
1119 3282 1195 3337 sit
1224 3282 1608 3354 impossibile,
1652 3288 1716 3339 ut
1763 3284 1885 3341 haec

174 3368 666 3441 peregrinationis
723 3386 843 3425 suae
900 3375 1165 3442 tempora
1213 3371 1340 3427 sine
1387 3373 1606 3442 gemitu
1660 3374 1881 3430 evadat.

172 3460 348 3516 Unde
372 3459 517 3516 bene
550 3460 767 3515 Paulus
798 3476 929 3515 cum
962 3459 1369 3519 tribulationes
1400 3479 1539 3517 suas
1578 3463 1884 3535 discipulis

171 3553 557 3608 enumeraret
604 3548 915 3620 adiunxit:
966 3552 1080 3619 Ipsi
1126 3554 1268 3605 enim
1312 3554 1458 3607 scitis
1488 3553 1635 3622 quod
1688 3554 1744 3606 in
1788 3554 1884 3609 hoc

164 3642 351 3712 positi
370 3655 554 3693 sumus
582 3640 636 3709 (Ι
659 3638 843 3695 Thess.
880 3655 964 3706 111,
1012 3640 1093 3710 3).
1147 3639 1255 3695 Sed
1303 3640 1363 3695 in
1422 3657 1487 3696 eo
1537 3641 1691 3711 quod
1750 3657 1884 3697 caro

169 3728 432 3801 ﬂagellis
477 3727 755 3798 afficitur,
795 3728 948 3785 188
983 3745 1146 3785 mens
1194 3730 1266 3785 ad
1326 3732 1651 3801 appetenda
1682 3730 1885 3786 altiora

168 3820 549 3886 sublevatur;
582 3818 759 3875 Paulo
792 3836 996 3875 rursus
1028 3825 1357 3887 attestante,
1392 3821 1489 3892 qui
1522 3821 1601 3876 ait
1626 3839 1639 3876 :
1664 3824 1730 3877 Et
1762 3824 1884 3877 licet

168 3914 215 3967 is
248 3912 359 3983 qui
395 3910 531 3977 foris
560 3916 637 3965 est
668 3916 853 3965 noster
882 3912 1039 3966 homo
1070 3913 1469 3981 corrumpitur,
1504 3918 1685 3967 tamen
1712 3911 1759 3968 is
1790 3916 1886 3982 qui

170 4004 325 4057 intus
360 4007 463 4068 est,
513 4008 812 4055 renovatur
850 4000 915 4055 de
958 4001 1045 4055 die
1087 4003 1142 4055 in
1190 4001 1333 4055 diem
1372 4002 1449 4070 (II
1486 4002 1606 4057 Cor.
1643 4017 1717 4069 1v,
1774 4004 1882 4075 16).

172 4092 372 4149 Homo
395 4106 532 4163 ergo
564 4092 635 4146 ad
668 4090 927 4147 laborem
962 4091 1243 4160 nascitur,
1284 4094 1341 4147 et
1360 4092 1481 4147 avis
1512 4092 1582 4147 ad
1614 4092 1885 4161 volatum,

173 4185 320 4255 quia
356 4182 492 4237 inde
521 4182 771 4236 mensad
790 4180 1407 4248 summaevolat,unde
1432 4197 1563 4237 caro
1586 4182 1643 4236 in
1670 4182 1888 4238 inlimis

172 4272 393 4329 durius
413 4271 661 4326 laborat.

250 4363 346 4417 16.
388 4361 710 4417 Carnalium
748 4362 934 4429 gravis
976 4360 1148 4423 labor,
1192 4362 1529 4431 spiritalium
1585 4361 1791 4417 nullus.
1820 4392 1895 4405 -—-

1981 1843 2201 1908 quanto
2226 1856 2326 1909 per
2348 1856 2512 1910 spem
2546 1843 2617 1895 ad
2650 1859 2886 1898 summa
2908 1844 3181 1900 sustollit.
3232 1853 3315 1901 An
3362 1865 3475 1903 non
3521 1854 3688 1921 quasi

1982 1929 2126 1995 avis,
2163 1928 2375 1984 Paulus
2409 1932 2477 1984 ad
2503 1930 2758 1986 volatum
2786 1938 2956 1988 natus
2981 1934 3188 2002 fuerat,
3214 1938 3311 2006 qui
3346 1944 3428 1992 tot
3449 1941 3689 1997 adversa

1981 2018 2278 2073 sustinens
2332 2019 2614 2075 dicebat:
2652 2023 2849 2076 Nostra
2910 2027 3253 2079 conversatio
3306 2029 3366 2080 in
3406 2030 3555 2085 ccelis
3612 2039 3689 2086 est

1982 2108 2209 2178 (Philip.
2270 2125 2424 2172 χχχι,
2473 2109 2608 2178 20)?
2656 2110 2725 2165 Et
2774 2128 3039 2166 rursum:
3093 2115 3302 2169 Scimus
3329 2120 3592 2185 quoniam
3644 2124 3692 2175 si

1984 2200 2258 2252 terrestris
2289 2198 2478 2252 domus
2507 2205 2702 2254 nostra
2729 2201 2894 2268 hujus
2924 2200 3287 2257 habitationis
3336 2205 3688 2276 dissolvatur,

1983 2287 2131 2357 quod
2159 2287 2575 2356 mdiﬁcationem
2608 2288 2862 2344 habemus
2900 2307 2969 2344 ea:
2998 2292 3127 2359 Deo,
3161 2292 3380 2347 domum
3437 2311 3547 2349 non
3579 2314 3692 2351 ma-

1982 2379 2296 2444 nufactam,
2329 2383 2600 2433 aeternam
2632 2381 2690 2431 in
2712 2380 2859 2433 coalis
2882 2380 2961 2450 (II
2989 2382 3112 2436 Cor.
3150 2399 3202 2449 ν,
3229 2384 3301 2452 1).
3353 2381 3523 2439 Velut
3570 2386 3691 2440 avis

1984 2480 2121 2536 ergo
2151 2465 2271 2520 ima
2290 2467 2928 2535 transcenderat,quem
2952 2467 3144 2525 adhuc
3166 2485 3408 2540 corpore
3447 2471 3505 2526 in
3539 2474 3689 2529 terra

1984 2553 2408 2621 demoranlem,
2441 2554 2562 2623 jam
2605 2554 2662 2609 in
2697 2554 3049 2611 sublimibus
3082 2558 3205 2627 spei
3249 2574 3440 2627 penna
3484 2560 3689 2616 suble-
3798 2544 3799 2549 γ

1985 2642 2173 2698 vabat.
2200 2642 2310 2697 Sed
2343 2644 2482 2714 quia
2516 2643 2714 2699 nullus
2744 2643 2873 2699 suis
2903 2645 3124 2700 viribus
3156 2646 3307 2701 valet
3338 2664 3462 2703 sese
3485 2648 3542 2703 in
3567 2649 3687 2706 alta

1987 2732 2318 2802 sustollere,
2351 2737 2411 2788 ut
2441 2749 2574 2788 cum
2599 2732 2930 2789 visibilibus
2954 2734 3254 2807 afﬂigitur,
3283 2736 3338 2791 in
3379 2736 3693 2794 invisibilia

1984 2819 2346 2885 sublevetur,
2380 2827 2530 2875 recte
2560 2835 2692 2875 mox
2713 2820 3015 2875 subditur:

2623 2908 2852 2965 CAPUT
2882 2908 3020 2963 XIV.

2055 2999 2230 3054 Vens.
2274 2998 2307 3052 8
2358 3027 2424 3040 -
2463 2998 2824 3064 Quamobrem
2865 3014 2964 3067 ego
3011 2998 3349 3069 deprecabor
3384 3002 3693 3068 Dominum,

1992 3096 2046 3144 et
2074 3090 2147 3145 ad
2168 3091 2337 3144 Deum
2361 3104 2569 3158 ponam
2599 3090 2875 3158 eloquium
2905 3104 3102 3142 meum.

2070 3182 2155 3235 17.
2190 3181 2302 3233 Hoc
2337 3180 2434 3232 Dei
2462 3178 2667 3232 donum
2706 3184 2803 3233 est.
2859 3208 2927 3216 —-
2967 3179 3045 3232 Ac
3093 3177 3141 3232 si
3172 3182 3366 3247 aperte
3416 3178 3630 3237 diceret
3679 3198 3691 3235 :

1992 3266 2157 3323 illum
2191 3284 2349 3340 rogo,
2392 3282 2495 3339 per
2534 3282 2709 3338 quem
2741 3266 2861 3322 hinc
2892 3266 3068 3321 tribui
3119 3265 3260 3323 scio.
3293 3265 3353 3321 Si
3399 3268 3556 3323 enim
3588 3269 3697 3325 hoc

1994 3373 2095 3429 per
2116 3373 2177 3412 se
2209 3356 2420 3411 habere
2450 3371 2512 3411 se
2542 3355 2821 3420 crederet,
2884 3354 3178 3425 deprecari
3231 3354 3413 3410 Deum
3457 3372 3571 3413 non
3600 3357 3697 3412 in—

1994 3446 2238 3517 digeret.
2272 3444 2576 3516 Sequitur:

2654 3532 2884 3588 CAPUT
2904 3531 3019 3588 XV.

2064 3623 2238 3677 Vens.
2270 3623 2324 3676 9.
2349 3654 2415 3662 —
2439 3624 2545 3686 Qui
2572 3621 2715 3689 facit
2745 3638 2949 3691 magna
2970 3629 3020 3677 et
3052 3625 3437 3681 inscrutabilia
3467 3634 3519 3681 et
3538 3631 3699 3683 mira-

1995 3715 2131 3771 bilia
2161 3715 2362 3783 absque
2393 3728 2639 3767 numero.

2066 3804 2152 3859 18.
2206 3805 2352 3858 Mira
2393 3805 2491 3857 Dei
2538 3818 2707 3872 opera
2748 3802 3001 3857 humanis
3047 3804 3216 3859 oculis
3256 3820 3357 3859 usu
3396 3806 3700 3864 viluerunt.

1988 3922 2066 3938 --
2092 3892 2231 3958 Quis
2258 3891 2675 3963 omnipotentis
2708 3890 2803 3945 Dei
2838 3890 3128 3947 mirabilia
3158 3895 3509 3962 perscrutari
3534 3896 3706 3949 sulti-

1996 3984 2131 4048 ciat,
2161 3983 2311 4054 quod
2342 3984 2550 4038 cuncta
2571 3997 2637 4037 ex
2670 3980 2852 4035 nihilo
2883 3981 3116 4049 creavit,
3151 3981 3306 4050 quod
3340 3982 3465 4050 ipsa
3498 3985 3703 4039 mundi

1995 4073 2211 4130 fabrica
2234 4073 2381 4129 mira
2413 4072 2682 4144 potentia:
2704 4071 2915 4126 virtute
2946 4069 3229 4140 disposita
3294 4078 3401 4137 est,
3435 4076 3492 4127 et
3539 4089 3713 4145 super

1997 4179 2130 4219 aera
2159 4162 2367 4219 ccelum
2421 4161 2821 4233 suspenditur,
2879 4165 2936 4216 et
2984 4176 3157 4230 super
3206 4159 3485 4230 abyssum
3546 4166 3702 4219 terra

2002 4252 2286 4321 libratur;
2320 4254 2475 4326 quod
2498 4268 2563 4308 ex
2595 4252 2772 4307 rebus
2802 4250 3211 4305 invisibilibus
3242 4248 3400 4305 omni
3432 4250 3554 4308 haec
3586 4252 3714 4309 uni-

2001 4345 2241 4401 versitas
2270 4360 2336 4399 ac
2370 4341 2700 4398 visibilibus
2752 4340 2962 4407 existit,
3013 4339 3165 4411 quod
3201 4339 3490 4397 hominem
3550 4341 3706 4410 fecit,

175 4454 386 4510 Ροιεει
430 4466 663 4522 quoque
704 4450 1087 4522 appellatione
1126 4429 1386 4505 hominis
1430 4451 1747 4507 carnalium
1782 4454 1899 4509 vim
1934 4451 1975 4515 ι)
2010 4438 2070 4491 ut
2102 4436 2183 4490 ita
2214 4433 2483 4501 dixerim,
2518 4433 2572 4486 in
2618 4430 2779 4487 brevi
2814 4429 3096 4502 colligens
3134 4430 3315 4486 mund
3343 4446 3437 4486 um
3477 4430 3718 4489 alterum

176 4541 433 4614 signari.
468 4539 627 4595 Unde
658 4543 715 4595 et
748 4539 960 4595 Paulus
993 4540 1073 4593 ait
1106 4557 1117 4593 :
1153 4540 1285 4594 Cum
1328 4542 1471 4594 enim
1508 4542 1581 4595 sit
1623 4544 1768 4595 inter
1806 4559 1897 4598 vos

2006 4528 2107 4582 sed
2142 4524 2516 4591 rationalem;
2551 4524 2705 4595 quod
2742 4523 2891 4578 hanc
2914 4539 2982 4577 ex
2998 4522 3196 4577 anima
3219 4527 3274 4577 et
3295 4538 3467 4579 carne
3496 4524 3711 4580 consti-

172 4634 331 4688 zelus
365 4637 417 4684 et
450 4633 751 4698 contentio,
786 4646 969 4685 nonne
989 4630 1239 4685 carnales
1260 4633 1429 4685 estis?
1457 4631 1513 4701 (Ι
1555 4630 1675 4687 Cor.
1711 4649 1792 4699 111,
1817 4632 1894 4703 3.)

2008 4621 2200 4684 tuens,
2234 4611 2621 4681 investigabili
2651 4611 2886 4668 virtutis
2937 4611 3324 4683 dispositione
3374 4613 3717 4681 permiscuit

179 4722 423 4790 Quibus
456 4720 624 4790 paulo
651 4726 780 4791 post
816 4720 1087 4788 subjecit,
1112 4719 1313 4776 dicens
1354 4737 1367 4773 :
1422 4722 1610 4775 Nonne
1665 4700 1902 4778 homines

2009 4703 2554 4777 spiritumetlutum
2574 4703 2600 4757 ?
2632 4702 2707 4757 Ex
2730 4702 2822 4757 his
2846 4701 2996 4756 189
3024 4701 3218 4773 itaque
3240 4700 3397 4756 aliud
3422 4702 3714 4769 novimus,

178 4788 354 4867 estis?
384 4788 574 4879 (Ibid.,
605 4788 680 4879 4:)
715 4810 774 4863 in
809 4810 915 4865 hac
946 4808 1140 4879 itaque
1169 4809 1289 4863 vita
1320 4808 1491 4865 homo
1523 4811 1593 4864 ad
1642 4808 1900 4868 laborem

2011 4795 2171 4851 aliud
2203 4798 2259 4849 et
2289 4808 2526 4857 sumus;
2554 4794 2649 4846 sed
2685 4796 2882 4847 tamen
2916 4790 3116 4847 mirari
3170 4788 3545 4861 negligimus,
3578 4791 3716 4860 quia

183 4904 480 4965 nascitur,
513 4898 651 4969 quia
681 4897 927 4953 carnalis
958 4898 1204 4969 quisque
1238 4913 1369 4953 cum
1412 4899 1775 4955 transeuntia
1806 4918 1905 4972 ap-

2012 4903 2081 4943 ea
2128 4901 2254 4955 qua)
2304 4881 2881 4951 incomprehensibili
2934 4880 3301 4951 indagatione
3350 4878 3497 4934 mira
3554 4882 3717 4947 sunt,

184 4990 362 5063 petit,
381 4965 806 5043 desideriorum
842 4965 1081 5043 suorum
1099 4965 1161 5044 se
1180 4990 1433 5059 pondere
1456 4988 1679 5059 afﬂigit.
1704 4965 1906 5045 Gravis

2015 4973 2293 5029 humanis
2325 4968 2507 5026 oculis
2534 4986 2643 5024 usu
2668 4968 2975 5024 viluerunt.
3014 4966 3176 5023 Unde
3200 4966 3263 5018 ﬁt
3284 4969 3347 5018 ut
3376 4965 3421 5019 si
3456 4970 3722 5019 mortuus

186 5052 418 5153 quippe
447 5078 602 5133 labor
633 5084 741 5142 est,
775 5077 925 5133 hanc
954 5079 1137 5149 ipsam
1173 5052 1478 5148 pressantis
1510 5052 1632 5132 vita:
1665 5078 1905 5149 gloriam
2015 5063 2192 5118 homo
2222 5060 2553 5153 εξιξρίῐφίυτν
2586 5058 2643 5112 in
2686 5058 3133 5153 utimil'ﬂtioném
3173 5069 3376 5153 οωξξθθ
3424 5052 3723 5153 “ﬁliani.

190 5182 487 5239 quaerere,
555 5166 860 5237 quaesitam
920 5165 1268 5237 quandoque
1324 5165 1639 5236 percipere,
1680 5171 1736 5221 et
1782 5183 1907 5237 per-

2017 5157 2075 5207 et
2117 5149 2377 5222 quotidie
2418 5149 2593 5203 homo
2653 5148 2750 5217 qui
2792 5161 2906 5200 non
2947 5148 3070 5199 erat
3124 5141 3405 5207 nascitur,
3452 5148 3507 5196 et
3556 5157 3721 5201 nemo

186 5264 423 5329 coptam
459 5271 593 5311 cum
627 5256 1148 5325 circumspectione
1179 5254 1489 5310 custodire.
1516 5254 1715 5311 Gravis
1749 5255 1907 5313 labor

2022 5241 2284 5306 miratur,
2318 5254 2449 5293 cum
2466 5236 2666 5309 procul
2692 5232 3405 5290 dubioomnibusconstet
3439 5230 3717 5303 quiaplus

186 5320 305 5415 est,
346 5346 454 5402 hoc
475 5360 611 5402 cum
646 5360 859 5417 magna
886 5320 1230 5415 iatigatione
1272 5343 1725 5415 apprehendere,
1755 5346 1907 5417 quod

2022 5329 2097 5386 sit
2130 5329 2310 5386 creari
2346 5328 2498 5401 quod
2531 5343 2643 5382 non
2683 5332 2819 5393 erat,
2865 5339 3042 5395 quam
3083 5320 3337 5393 reparari
3369 5320 3521 5392 quod
3580 5325 3721 5379 erat.

262 5617 362 5687 (a)
392 5617 660 5691 Plerique
702 5617 859 5681 Mss,
893 5624 945 5672 et
968 5616 1236 5691 caligosus
1256 5634 1371 5691 aer.

267 5684 363 5759 (ὁ)
390 5689 449 5743 in
468 5684 741 5745 omnibus
760 5691 918 5759 Mss,
933 5684 1459 5754 unda'contradicit,
1487 5688 1582 5743 ubi
1604 5686 1660 5741 in
1680 5686 1780 5740 Ed.
1806 5684 1913 5755 leg.

190 5760 513 5819 interdicit.

2098 5594 2720 5668 (c)Vindoc.,rGerm.,
2776 5592 2942 5668 Corb.
2995 5594 3214 5660 Germ.,
3263 5594 3398 5647 ante
3454 5594 3731 5651 emendat

2023 5666 2133 5797 16rd
2160 5684 2240 5751 eo.
2277 5670 2338 5723 In
2356 5667 2596 5724 Vindoc.
2633 5666 2804 5737 infra,
2860 5667 3003 5722 orbis
3051 5669 3255 5740 quippe
3313 5672 3590 5721 terrarum
3620 5681 3733 5739 pro

2080 5756 2283 5798 omina.
