4134 6174
399 272 517 331 739
614 333 616 335 .

1662 238 1942 337 SAl‘iCTl
1986 240 2365 304 GREGORII
2408 243 2660 306 MAGNI

3783 258 3912 318 740

396 402 544 470 Quia
562 395 725 456 arida
750 394 941 450 Aaron
974 387 1131 460 virga
1160 381 1378 448 ﬂoruit,
1436 376 1628 470 cuncti
1673 373 1867 470 mirati
1922 377 2098 447 sunt;
2131 387 2188 455 Α
2214 377 2476 470 versitas,
2510 377 2784 437 mollities
2814 380 3082 440 foliorum
3112 386 3140 440 ?
3169 386 3239 442 Et
3268 389 3462 445 tamen
3494 389 3630 461 quia
3670 390 3780 447 hoc
3808 408 3912 464 per

398 464 660 569 quotidie
686 503 755 544 ex
779 485 978 540 arente
1007 486 1158 534 terra
1189 475 1362 531 arbor
1394 466 1755 568 producitur,
1802 464 2103 569 virtusque

401 555 659 656 pulveris
682 578 738 632 in
771 574 997 646 lignum
1044 564 1303 630 vertitur,
1344 566 1402 616 et
1451 573 1621 613 nemo
1660 556 1927 611 miratur.
1962 555 2104 620 Quia

401 645 660 747 quinque
689 645 837 723 sunt
855 658 1103 734 panibus
1134 653 1390 726 quinque
1414 647 1595 703 millia
1621 646 1697 747 (a)
1721 645 1989 747 heminas
2016 661 2103 699 sa-

398 734 829 831 tiatiicrevisse
859 765 1022 807 escas
1054 747 1110 802 in
1151 742 1425 798 dentibus
1472 737 1666 794 cuncti
1708 734 1902 790 mirati
1927 738 2101 804 sunt;

398 822 658 925 quotidie
696 857 902 916 sparsa
932 852 1115 910 grana
1137 832 1451 893 seminum,
1496 825 1859 898 plenitudine
1905 822 2102 878 multi-

396 913 681 1017 plicantur
704 913 1021 1005 spicarum,
1054 929 1110 981 et
1140 938 1311 979 nemo
1366 917 1876 985 miratur.Aquam
1919 913 2103 969 semel

396 1005 459 1089 in
490 1030 691 1085 vinum
722 1020 1114 1095 permutatam
1146 1012 1407 1068 videntes
1458 1006 1651 1063 cuncti
1700 1005 1893 1059 mirati
1926 1008 2102 1073 sunt;

399 1119 659 1193 quotidie
689 1116 902 1170 humor
930 1114 1094 1164 terrae
1126 1105 1186 1159 in
1219 1102 1474 1158 radicem
1502 1096 1637 1153 vitis
1668 1100 1970 1156 attractus,
2003 1110 2106 1165 per

398 1184 635 1269 botrum
666 1206 726 1261 in
757 1203 954 1259 vinum
987 1196 1252 1259 vertitur,
1286 1200 1341 1247 et
1390 1204 1562 1244 nemo
1604 1186 1911 1241 mirantur.
1960 1184 2106 1239 Mira

400 1304 539 1358 sunt
567 1298 765 1367 itaque
794 1289 993 1348 omnia
1044 1302 1171 1357 quae
1214 1278 1414 1337 mirari
1465 1276 1730 1333 homines
1779 1272 2102 1344 negligant,

400 1390 541 1463 quia
575 1388 646 1443 ad
676 1366 1204 1441 considerandum,
1248 1376 1311 1425 ut
1369 1366 1762 1440 praediximus,
1823 1380 1933 1419 usu
1977 1370 2103 1417 tor-

399 1454 667 1554 pescunt.
711 1476 857 1545 (Περ.
896 1469 1069 1535 VIII.)
1102 1466 1253 1519 Bene
1277 1464 1468 1515 autem
1519 1472 1652 1512 cum
1705 1454 1984 1554 diceret“:-
2002 1455 2107 1517 Qui

397 1542 535 1640 facit
565 1542 791 1635 magna,
823 1555 1087 1630 adjunxit
1115 1553 1340 1610 statim:
1378 1551 1437 1604 Et
1471 1542 1875 1601 inscrutabilia.
1910 1542 2104 1598 Minus

403 1630 560 1715 enim
592 1630 783 1711 fuerat
820 1663 1033 1716 magna
1073 1644 1282 1706 facere,
1322 1638 1370 1694 si
1411 1642 1605 1691 tamen
1659 1650 1727 1688 ea
1767 1649 1899 1704 quae
1958 1630 2109 1686 facta

403 1727 561 1813 sunt,
595 1735 948 1814 perscrutari
1000 1731 1346 1806 potuissent.
1376 1726 1549 1781 Recte
1578 1725 1770 1777 autem
1793 1718 2061 1776 subditur
2087 1734 2101 1773 :

403 1840 469 1894 Et
497 1811 782 1891 mirabilia
811 1829 1012 1896 absque
1046 1834 1303 1883 numero,
1333 1815 1469 1887 quia
1510 1811 1753 1867 minoris
1784 1814 1937 1865 esset
1982 1824 2105 1863 ma-

404 1921 754 1997 gnitudinis,
797 1918 846 1975 si
889 1932 1014 1988 quae
1055 1905 1459 1968 inscrutabilia
1488 1903 1567 1976 (b)
1603 1902 1884 1967 condidit,
1928 1913 2112 1971 pauca

402 2031 893 2177 (ὠιὲῗιῗιῗὲισαια
932 2112 1031 2166 Dei
1065 2124 1169 2179 per
1224 2104 1467 2161 studium
1520 2097 1938 2164 consideranda,
1999 2112 2113 2151 non

406 2208 753 2268 discutienda
773 2220 879 2277 per
907 2201 1266 2256 intellectum.
1300 2194 1459 2249 Fides
1494 2192 1585 2246 ubi
1618 2190 1843 2256 titubat,
1893 2191 1988 2259 qui
2016 2192 2111 2258 ﬁr-

405 2301 633 2358 manda.
671 2297 822 2353 Unde
852 2290 1183 2349 resurrectio
1227 2289 1323 2357 ﬁat
1361 2282 1658 2339 credibilis.
1701 2310 1769 2320 —-
1799 2279 1910 2335 Sed
1961 2278 2111 2333 inter

404 2392 529 2447 haec
560 2386 865 2445 sciendum
897 2390 979 2438 est
1003 2380 1138 2451 quia
1155 2375 1354 2431 divina
1377 2369 1660 2427 miracula
1689 2373 1745 2424 et
1768 2368 2109 2439 semperde-

401 2482 536 2537 bent
568 2473 921 2535 considerari
976 2486 1073 2539 per
1117 2466 1406 2530 studium,
1438 2466 1495 2517 et
1543 2475 1848 2531 nunquam
1894 2457 2110 2513 discuti

402 2588 504 2642 per
532 2565 916 2623 intellectum.
952 2560 1112 2627 Saepe
1140 2569 1393 2623 namque
1416 2551 1712 2605 humanus
1733 2564 1942 2603 sensus
1968 2550 2107 2601 dum

402 2637 787 2732 quarumdam
813 2665 1005 2706 rerum
1039 2647 1323 2701 rationem
1344 2657 1604 2713 quaerens
1630 2655 1745 2693 non
1772 2638 2014 2702 invenit,
2048 2637 2110 2691 in

404 2726 786 2805 dubitationis
818 2755 879 2794 se
899 2735 1236 2806 voraginem
1282 2729 1511 2801 mergit.
1558 2726 1719 2783 Unde
1761 2726 1826 2780 fit
1860 2730 1923 2780 ut
1970 2740 2114 2779 non-

404 2834 552 2891 nulli
601 2830 868 2888 homines
901 2829 1266 2881 mortuorum
1308 2833 1549 2888 corpora
1579 2816 1637 2870 in
1670 2813 1964 2885 pulverem
2019 2826 2108 2866 re-

405 2926 576 2981 dacta
606 2919 1005 2982 considerent;
1036 2914 1292 2982 dumque
1322 2905 1768 2964 resurrectionis
1787 2904 1902 2958 vim
1927 2920 1995 2959 ex
2018 2918 2110 2957 ra-

408 3013 565 3069 tione
604 3009 873 3079 colligere
906 3020 1019 3059 non
1034 3006 1300 3074 possunt,
1327 2998 1449 3052 haec
1463 2997 1533 3051 ad
1560 2998 1775 3049 statum
1802 2992 2108 3064 pristinum

409 3101 599 3158 redire
624 3112 793 3171 posse
823 3093 1148 3164 desperent.
1179 3087 1325 3143 Mira
1353 3086 1548 3156 igitur,
1582 3099 1650 3138 ex
1682 3082 1793 3138 ﬁde
1824 3080 2111 3137 credenda

2213 469 2672 538 experimentum
2724 472 3012 543 novimus,
3045 491 3114 532 ex
3144 494 3260 533 uno
3290 494 3469 550 grano
3500 483 3743 539 seminis
3773 500 3912 554 pro-

2212 557 2334 613 dire
2366 559 2561 614 omnia
2592 578 2706 617 non
2737 563 3097 621 dubitamus.
3123 567 3269 633 Quid
3293 584 3430 641 ergo
3452 576 3541 627 est
3570 573 3832 640 difficile,
3855 578 3917 630 ut

2214 649 2366 703 1θο
2399 649 2586 721 pulvis
2617 651 2673 707 in
2706 655 2969 710 membra
3018 658 3237 727 redeat,
3267 659 3408 715 dum
3453 662 3774 719 conditoris
3808 680 3917 735 po-

2214 738 2458 793 tentiam
2483 740 2744 810 quotidie
2770 743 3090 814 cernimus,
3123 747 3221 818 qui
3246 752 3302 803 et
3334 765 3402 804 ex
3423 765 3602 819 grano
3628 751 3781 822 ligna
3812 753 3922 808 mi-

2215 828 2566 899 rabiliter,et
2589 832 2781 887 adhuc
2807 833 3135 893 mirabilius
3160 839 3382 895 fructus
3416 858 3483 897 ex
3509 842 3683 915 lignis
3723 843 3924 900 creat?

2213 917 2380 973 Dicat
2409 935 2544 993 ergo
2578 938 2590 976 :
2627 924 2731 986 Qui
2752 927 2890 991 facit
2928 944 3132 997 magna
3162 935 3211 984 et
3241 932 3643 1002 iuscrutabilia,
3675 940 3731 988 et
3759 936 3925 989 mira-

2216 1008 2347 1063 bilia
2371 1010 2573 1081 absque
2602 1029 2852 1081 numero,
2882 1018 3017 1088 quia
3058 1019 3390 1076 divinorum
3425 1039 3664 1093 operum
3701 1023 3925 1097 magni-

2216 1098 2356 1154 tudo
2390 1116 2493 1156 nec
2516 1117 2584 1157 ex
2614 1103 2898 1174 qualitate
2930 1107 3080 1163 valet
3102 1109 3340 1179 discuti,
3367 1127 3470 1167 nec
3502 1127 3568 1168 ex
3600 1114 3929 1184 quantitate

2217 1190 2533 1245 numerari.
2564 1192 2729 1249 Unde
2758 1199 2816 1250 et
2846 1196 3037 1253 adhuc
3066 1199 3342 1255 subditur
3374 1218 3387 1257 :

2703 1284 2937 1342 CAPUT
2960 1286 3089 1343 xvr
3124 1290 3274 1361 [γει.
3312 1292 3456 1362 v11].

2298 1366 2466 1425 Vsus.
2523 1372 2605 1441 10,
2669 1375 2752 1429 11.
2812 1406 2879 1416 -
2913 1378 3019 1440 Qui
3070 1380 3170 1434 dat
3209 1380 3464 1451 pluviam
3506 1399 3671 1454 super
3726 1384 3932 1452 faciem

2220 1463 2399 1525 terra},
2433 1468 2485 1514 et
2516 1463 2719 1532 irrigat
2747 1470 2904 1535 aquis
2946 1472 3222 1525 universa.
3272 1472 3375 1534 Qui
3408 1474 3573 1543 ponit
3605 1472 3838 1528 humiles
3870 1476 3931 1527 in

2211 1547 2450 1613 sublimi,
2478 1557 2531 1604 et
2558 1562 2840 1612 maerentes
2866 1561 3033 1628 erigit
3059 1564 3339 1631 sospitate.

2231 1728 2239 1736 Ι
2290 1642 2836 1736 SstUsMYs'rtcus.
2874 1676 2941 1687 -
2971 1647 3062 1703 20.
3087 1650 3262 1720 Aquis
3282 1653 3477 1720 gratim
3500 1653 3641 1706 Deus
3668 1654 3932 1708 universa

2218 1728 2439 1796 irrigat.
2478 1731 2862 1791 Universitatis
2909 1741 3128 1792 nomine
3159 1739 3317 1795 homo
3364 1742 3641 1810 signatur.
3682 1770 3752 1781 -—
3780 1741 3930 1806 Quia

2221 1817 2443 1876 amicos
2478 1820 2629 1879 beati
2686 1826 2790 1881 Job
2832 1827 3092 1883 eruditos
3122 1830 3249 1900 eius
3299 1830 3571 1886 societate
3615 1829 3929 1897 credimus,

2222 1923 2460 1968 necesse
2489 1919 2579 1969 est
2598 1919 2664 1970 ut
2689 1916 2804 1971 hinc
2821 1917 3058 1990 Eliphaz
3079 1920 3257 1975 verba
3280 1920 3523 1992 mystice
3543 1919 3929 1978 disseramus.

2222 2000 2602 2075 Omnipolens
2633 2005 2789 2061 enim
2842 2007 2998 2064 Deus
3043 2016 3204 2064 terrae
3237 2010 3493 2081 pluviam
3525 2010 3754 2075 tribuit,
3794 2025 3930 2065 cum

2227 2095 2447 2149 arentia
2463 2097 2637 2152 corda
2658 2099 2985 2169 gentilium,
3002 2117 3067 2155 su
3079 2117 3266 2172 perna)
3286 2101 3476 2173 gratia
3498 2100 3934 2173 praedicationis

2221 2182 2499 2241 infundit.
2530 2187 2778 2258 Etaquis
2811 2191 3083 2246 universa
3115 2190 3342 2261 irrigat,
3381 2190 3520 2261 quia
3560 2189 3931 2244 sterilitatem

2224 2274 2432 2344 perditi
2461 2276 2712 2332 hominis
2730 2278 3045 2349 repletione
3066 2280 3314 2350 Spiritus
3337 2281 3407 2335 ad
3426 2278 3929 2336 iructificalionem

2222 2364 2454 2430 format,
2483 2368 2635 2422 sicut
2666 2384 2766 2438 per
2795 2372 3171 2440 semetipsum
3201 2369 3431 2425 Veritas
3469 2369 3614 2424 dicit
3644 2385 3657 2425 :
3694 2371 3802 2434 Qui
3843 2369 3933 2423 bi-

2220 2453 2357 2508 berit
2390 2470 2458 2508 ea:
2487 2471 2654 2525 aqua,
2674 2474 2839 2527 quam
2868 2475 2967 2527 ego
2997 2458 3139 2513 dabo
3170 2461 3239 2523 ei,
3268 2474 3373 2512 oon
3402 2460 3548 2513 sitiet
3575 2459 3633 2511 in
3662 2463 3936 2511 :eternum

2220 2544 2513 2614 (Joan.1v,
2568 2546 2678 2618 13).
2742 2547 3150 2604 Universitatis
3207 2553 3403 2603 autem
3465 2548 3701 2603 nomine
3754 2546 3934 2603 homo

2221 2633 2511 2702 signatur,
2544 2635 2680 2704 quia
2722 2637 2779 2691 in
2813 2636 2942 2708 ipso
2982 2653 3116 2693 vera
3163 2636 3404 2708 species,
3435 2641 3493 2692 et
3523 2651 3732 2706 magna
3763 2651 3941 2690 com-

2224 2724 2420 2778 munio
2453 2726 2844 2782 universitatis
2884 2727 3220 2783 ostenditur.
3262 2724 3445 2782 Omne
3476 2740 3733 2796 namque
3771 2724 3941 2796 quod

2219 2819 2326 2881 est,
2361 2818 2461 2868 aut
2510 2819 2618 2884 est,
2650 2823 2705 2871 et
2752 2832 2868 2871 non
2914 2816 3091 2883 vivit;
3127 2820 3226 2870 aut
3272 2821 3383 2883 est,
3420 2820 3474 2871 et
3503 2814 3663 2880 vivit,
3700 2813 3807 2869 sed
3838 2829 3941 2869 ne-

2220 2917 2511 2974 quaquam
2564 2906 2779 2972 sentit;
2811 2914 2906 2961 aut
2937 2910 3045 2972 est,
3074 2914 3126 2960 et
3156 2904 3320 2971 vivit,
3351 2910 3408 2959 et
3447 2903 3643 2969 sentit,
3676 2903 3778 2958 sed
3816 2917 3936 2957 non

2220 2993 2512 3066 intelligit,
2548 3012 2653 3052 nec
2675 2996 2984 3065 discernit;
3013 3000 3116 3051 aut
3136 3004 3242 3063 est,
3262 3000 3365 3050 aut
3393 2994 3555 3061 vivit,
3573 2998 3631 3050 et
3650 2992 3853 3057 sentit,
3876 2996 3940 3047 et

2222 3083 2517 3156 intelligit,
2544 3087 2843 3143 discernit.
2878 3088 3025 3143 Sunt
3048 3102 3301 3157 namque
3334 3086 3575 3156 lapides,
3608 3099 3716 3139 nec
3736 3087 3943 3139 tamen

412 3194 573 3257 sunt,
605 3182 1027 3260 perscrutanda
1066 3195 1168 3251 per
1210 3176 1490 3232 rationem
1536 3190 1649 3229 non
1697 3179 1864 3240 sunt;
1898 3172 2035 3241 quia
2073 3172 2119 3225 si
2153 3155 2195 3222 C
2233 3155 2452 3229 vivunt.
2513 3176 2663 3232 Sunt
2718 3177 2979 3244 arbusta,
3026 3155 3226 3232 vivunt
3291 3155 3546 3248 quidem,
3587 3188 3694 3229 nec
3738 3177 3947 3228 tamen

416 3280 540 3335 haec
563 3275 777 3333 nostris
809 3270 993 3328 oculis
1015 3268 1159 3323 ratio
1186 3265 1559 3336 expanderet,
1584 3263 1731 3317 mira
1755 3277 1867 3314 non
1904 3262 2119 3315 essent.

420 3371 527 3426 Sed
552 3382 683 3424 cum
716 3364 773 3418 in
808 3362 897 3417 his
927 3360 1168 3416 fortasse
1212 3355 1445 3410 animus
1476 3352 1708 3418 titubat,
1756 3365 1991 3405 necesse
2037 3352 2125 3403 est

420 3465 488 3515 ut
518 3476 583 3515 ea
614 3473 740 3529 qua
764 3470 863 3526 per
894 3466 1068 3505 usum
1108 3447 1290 3514 novit,
1326 3460 1427 3499 nec
1459 3447 1657 3497 tamen
1690 3456 1793 3511 per
1842 3438 2121 3494 rationem

413 3527 658 3619 colligit,
672 3544 745 3600 ad
762 3537 1102 3597 memoriam
1126 3535 1363 3591 reducat
1383 3550 1395 3599 ;
1415 3532 1797 3603 (d)quatenus
1814 3530 1893 3584 rei
1913 3527 2122 3583 similis

425 3618 774 3709 argumento
806 3630 980 3685 ﬁdem
1009 3627 1262 3691 roboret,
1295 3637 1471 3693 quam
1512 3618 1848 3676 labefactari
1900 3634 2005 3673 sua
2026 3633 2122 3672 sa-

414 3707 659 3799 gacitate
705 3715 1103 3789 deprehendit.
1154 3712 1533 3767 Considerato
1582 3709 1801 3780 quippe
1854 3707 2119 3761 humanas

415 3798 604 3874 carnis
618 3811 868 3885 pulvere,
892 3803 1283 3879 quorumdam
1321 3816 1486 3855 mens
1508 3814 1793 3854 concussa
1827 3798 2118 3867 desperat.

414 3906 646 3982 quando
679 3899 867 3975 pulvis
899 3899 965 3954 ad
990 3910 1225 3952 carnem
1244 3891 1463 3958 redeat,
1487 3894 1544 3944 et
1563 3888 1881 3945 redivivum
1908 3904 2122 3959 corpus

417 3976 514 4069 per
545 3992 945 4050 membrorum
978 3986 1332 4040 lineamenta
1364 3984 1717 4051 componat;
1744 3978 1977 4049 quando
2019 3976 2120 4032 illa

411 4068 579 4142 terrea
611 4080 852 4138 ariditas
887 4093 983 4149 per
1000 4074 1255 4131 viventia
1297 4071 1557 4126 membra
1586 4068 1916 4135 viridescat,
1942 4083 2017 4123 ac
2056 4084 2120 4122 se

406 4193 508 4249 per
538 4188 739 4231 eorum
770 4168 994 4241 species
1028 4166 1361 4233 formasque
1392 4159 1736 4230 distinguat.
1792 4157 1909 4212 Hoc
1941 4157 2115 4212 nimi-

409 4247 539 4322 rum
556 4256 966 4333 comprehendi
995 4271 1095 4327 per
1112 4253 1393 4308 rationem
1413 4267 1527 4303 non
1563 4255 1771 4319 potest,
1803 4247 1897 4303 sed
1921 4250 2114 4302 tamen

411 4354 565 4409 credi
600 4350 764 4405 facile
795 4365 897 4419 per
919 4343 1251 4415 exemplum
1281 4346 1486 4413 potest.
1521 4339 1661 4404 Quis
1692 4338 1847 4393 enim
1890 4338 1962 4393 ab
2004 4355 2116 4392 uno

2234 3264 2515 3320 sentiunt.
2551 3266 2867 3322 Herbarum
2902 3283 3158 3339 namque
3187 3271 3359 3336 atque
3404 3264 3679 3320 arborum
3710 3262 3829 3317 vita
3858 3262 3949 3315 vi-

2232 3353 2435 3410 riditas
2469 3362 2721 3425 vocatur,
2754 3358 2905 3413 sicut
2937 3373 3039 3426 per
3067 3356 3310 3412 Paulum
3343 3356 3415 3411 de
3444 3353 3765 3410 seminibus
3790 3351 3947 3407 dici-

2232 3448 2329 3500 tur
2362 3464 2375 3502 :
2406 3448 2697 3519 Insipiens,
2734 3455 2794 3502 tu
2818 3448 2967 3517 quod
2995 3450 3249 3510 seminus,
3296 3461 3407 3500 non
3452 3446 3785 3512 viviﬁcatur,
3836 3441 3948 3496 nisi

2225 3539 2386 3607 prius
2414 3542 2690 3594 moriatur
2717 3540 2769 3610 (1
2798 3540 2919 3595 Cor.
2952 3555 3047 3603 xv,
3077 3538 3191 3609 36).
3235 3536 3387 3592 Sunt
3419 3534 3585 3589 bruta
3634 3531 3943 3597 animalia,

2231 3628 2431 3684 vivunt
2450 3632 2507 3684 et
2536 3630 2815 3695 sentiunt,
2838 3629 2921 3698 (g)
2964 3644 3068 3683 nec
3086 3631 3280 3683 tamen
3301 3622 3651 3694 intelligunt.
3670 3622 3821 3676 Sunt
3844 3636 3946 3677 an-

2231 3717 2364 3789 geli,
2398 3727 2448 3775 et
2476 3720 2693 3784 vivunt,
2743 3724 2800 3774 et
2847 3717 3127 3778 sentiunt,
3178 3722 3235 3771 et
3284 3712 3662 3785 intelligendo
3714 3710 3944 3766 discer-

2232 3814 2397 3864 nunt.
2424 3811 2603 3866 Homo
2631 3808 2997 3881 itaque,quia
3016 3807 3184 3862 habet
3207 3806 3285 3878 (h)
3306 3819 3618 3862 commune
3645 3816 3778 3858 esse
3797 3817 3940 3857 cum

2230 3902 2538 3972 lapidibus,
2572 3902 2761 3955 vivere
2791 3916 2923 3955 cum
2955 3897 3277 3966 arboribus,
3304 3894 3520 3949 sentire
3549 3908 3675 3948 cum
3714 3890 3944 3948 anima-

2228 3992 2407 4058 libus,
2439 3991 2769 4046 discernere
2800 4006 2933 4045 cum
2967 3987 3214 4059 angelis,
3246 3989 3401 4041 recte
3429 3983 3664 4039 nomine
3694 3982 3944 4036 univer-

2228 4083 2418 4138 sitatis
2450 4081 2814 4153 exprimitur,
2848 4081 2905 4135 in
2934 4096 3049 4150 quo
3092 4080 3261 4148 juxta
3290 4075 3507 4143 aliquid
3544 4074 3669 4144 ipsa
3702 4074 3944 4127 univer-

2229 4174 2371 4227 sitas
2400 4175 2645 4225 tenetur.
2681 4170 2843 4225 Unde
2864 4174 2921 4223 et
2940 4167 3241 4236 discipulis
3263 4164 3490 4220 Veritas
3521 4164 3696 4218 dicit:
3735 4165 3948 4217 Euntes

2226 4265 2284 4316 in
2314 4261 2579 4315 mundum
2636 4263 2969 4326 universum,
3022 4257 3325 4328 praedicate
3382 4253 3747 4323 Evangelium
3794 4253 3951 4305 omni

2228 4358 2498 4406 creaturae
2532 4352 2725 4420 (Marc.
2758 4366 2874 4418 xvr,
2900 4350 3008 4418 15).
3041 4349 3288 4403 Omnem
3313 4342 3582 4398 videlicet
3615 4346 3955 4396 creaturam

412 4456 591 4514 grano
623 4438 879 4503 seminis,
908 4436 1260 4489 immensam
1291 4429 1809 4501 surgerearborem
1844 4428 2112 4493 crederet,

2233 4439 2686 4509 sulumintelligi
2709 4438 3003 4494 hominem
3021 4433 3332 4501 voluit,cui
3367 4446 3679 4488 commune
3718 4428 3954 4500 aliquid

413 4531 527 4586 nisi
556 4532 779 4585 certum
810 4526 919 4580 hoc
952 4540 1052 4593 per
1085 4521 1548 4591 experimentum
1574 4519 1839 4575 teneret?
1861 4521 1923 4573 In
1958 4523 2114 4574 tanta

412 4634 669 4689 namque
684 4617 859 4670 unius
876 4613 1040 4684 grani
1057 4612 1336 4682 parvitate
1351 4610 1422 4682 (c)
1447 4615 1503 4666 et
1528 4625 1673 4681 pene
1696 4609 1856 4663 nulla
1882 4609 1973 4665 sui
2004 4609 2116 4664 dis-

408 4705 818 4769 similitudine,
840 4699 1494 4773 ubilatetligniduritia,
1520 4704 1577 4754 et
1595 4699 1751 4769 ligno
1787 4699 2114 4771 tenerior(f)

406 4802 495 4857 vel
528 4797 730 4855 durior
759 4792 1033 4858 medulla,
1059 4789 1346 4862 asperitas
1377 4789 1632 4854 corticis,
1663 4789 1931 4845 viriditas
1958 4789 2116 4844 radi-

406 4892 512 4961 cis,
547 4904 722 4961 sapor
753 4886 1073 4949 fructuum,
1118 4879 1372 4936 suavitas
1414 4879 1684 4947 odorum,
1735 4879 1998 4936 colorum
2030 4879 2118 4934 di-

475 5062 555 5132 (a)
585 5053 760 5132 Editi,
794 5054 1098 5132 hominum.
1121 5046 1444 5132 Sequimur
1476 5044 1617 5101 Mss.

477 5119 554 5204 {b3
578 5130 753 5186 Abest
776 5125 1028 5183 condidit
1055 5138 1087 5177 a
1116 5119 1282 5177 Corb.
1319 5119 1508 5175 Germ.

480 5205 550 5240 [Λ
580 5204 658 5240 ne.
690 5202 905 5240 ηρτηρι
975 5195 1188 5240 Germ-
1231 5190 1399 5240 Corb.
1437 5189 1656 5240 Germ..
1710 5185 1809 5240 Col

580 5204 662 5256 ita
690 5202 934 5264 Gemet.,
975 5195 1189 5261 Germ.,
1231 5190 1399 5247 Corb.
1437 5189 1656 5253 Germ.,
1710 5187 1895 5253 Colb.,
1958 5188 2117 5258 ωηιξη

415 5275 512 5327 ubi
564 5272 654 5327 ed.
690 5272 905 5326 habent
934 5270 1184 5336 fuissent.
1228 5265 1401 5331 Utic.,
1448 5267 1756 5330 utramque
1815 5259 2120 5314 lectionem

412 5344 668 5400 exhibet.

485 5432 566 5504 (ἀ)
599 5434 841 5489 Gemet..
880 5432 1157 5494 Quatenus
1186 5427 1267 5480 rei
1311 5423 1501 5479 similis
1539 5428 1925 5491 argumentum
1963 5421 2122 5490 fidem

422 5506 857 5646 rofegriitindoc”
893 5569 999 5646 _c_ui
1039 5564 1752 5646 conqinitnBarthglqcum
1803 5565 1983 5646 antiq.
2018 5565 2121 5619 Ed.

412 5636 553 5722 pene
585 5643 801 5722 nullam
846 5636 1631 5722 vides.similitudinemLVal.
1677 5637 1782 5704 Cl.,
1844 5638 1937 5722 ubi
1987 5654 2126 5722 pene

427 5708 640 5774 'nutlam
684 5711 835 5768 vides
880 5710 1402 5766 dissimilitudinem.
1456 5708 1541 5764 Ita
1579 5723 1805 5779 quoque
1848 5708 2034 5785 Bigot.
2074 5715 2130 5766 et

2226 4546 2354 4586 cum
2390 4529 2667 4586 omnibus
2701 4529 2935 4583 creavit.

2294 4621 2382 4674 21.
2423 4622 2686 4675 Universa
2732 4620 2870 4672 Deus
2928 4616 3153 4684 irrigat,
3202 4628 3323 4667 cum
3354 4627 3422 4665 ea:
3451 4611 3603 4664 omni
3653 4609 3955 4662 hominum

2223 4727 2420 4783 genere
2450 4710 2524 4764 ad
2560 4725 2714 4763 suam
2765 4708 3135 4775 cognitionem
3178 4708 3356 4759 vocat.
3388 4732 3458 4743 -
3515 4700 3797 4764 Quamvis
3834 4698 3954 4753 hoc

2225 4801 2349 4857 loco
2382 4800 2652 4854 universa
2682 4794 2926 4867 intelligi
2957 4800 3015 4850 et
3044 4793 3210 4848 aliter
3237 4794 3505 4862 possunt.
3546 4788 3743 4843 Sancti
3776 4785 3952 4841 enim

2224 4891 2474 4963 Spiritus
2497 4887 2681 4961 gratia
2703 4902 2837 4942 cum
2859 4884 2971 4941 sibi
3002 4882 3207 4939 divites
3220 4878 3477 4951 subjicit,
3510 4892 3797 4950 pauperes
3821 4889 3954 4931 non

2228 5061 2357 5131 Lyr.
2392 5056 2561 5131 Utic.,
2585 5051 3059 5131 eamdemhabet
3083 5047 3412 5112 lectionem,
3444 5047 3503 5101 et
3532 5042 3785 5099 alteram
3814 5057 3957 5114 qua

2230 5128 2320 5187 est
2347 5130 2650 5184 Editorum
2684 5128 2903 5181 recent.

2300 5201 2367 5273 (γ’)
2386 5201 2477 5255 Sic
2504 5194 3039 5273 Vindocin.,‘Norm.
3062 5195 3118 5273 et
3143 5203 3528 5273 peneomnes,
3554 5187 3767 5273 quibus
3806 5201 3955 5241 con-

2231 5257 2491 5329 sentiunt
2520 5274 2632 5324 vet.
2666 5270 2787 5333 Ed.,
2812 5257 2881 5321 (in
2906 5268 3119 5320 recent.
3143 5257 3482 5333 'subticetur
3510 5257 3597 5313 vel
3628 5258 3852 5313 durior.

2305 5327 2384 5417 (ig)
2418 5327 2846 5417 AliquotAMssq
2873 5339 3241 5417 sentiunt-nec
3272 5332 3618 5417 discernunt,
3653 5327 3961 5417 quomodo

2232 5402 2445 5489 legitur
2464 5402 2623 5469 hdm.
2649 5412 2743 5477 29,
2766 5402 2842 5465 in
2858 5411 3093 5489 Ascens.
3130 5406 3295 5489 Dom.
3326 5404 3598 5489 Plerique
3615 5407 3673 5489 et
3692 5402 3962 5489 potiores

2231 5474 2499 5551 sentiunt,
2534 5502 2629 5540 nec
2662 5474 2843 5539 tamen
2874 5480 3243 5549 intelligunt:
3294 5475 3512 5548 quibus
3568 5474 3962 5546 subjungunt

2233 5562 2357 5625 Ed.,
2392 5576 2487 5615 nec
2518 5558 2856 5613 discernunt.

2304 5616 2383 5703 (ti)
2415 5631 2541 5687 Non
2574 5629 2823 5700 legimus
2850 5638 3153 5691 commune,
3186 5618 3299 5675 nisi
3328 5618 3389 5674 in
3420 5616 3559 5674 Mss.
3591 5616 3761 5674 Colb.
