4134 6174
228 260 340 320 741

1163 252 1585 316 MORALIUM
1632 253 1781 314 LIB.
1828 250 1934 309 VI.
1981 280 2055 290 —
2101 240 2175 305 1N
2223 248 2401 309 CAP.
2448 251 2499 312 V
2541 252 2614 310 Β.
2660 250 2823 312 JOB.

3642 260 3771 340 74:»

221 391 477 466 repellit,
509 407 645 447 cum
705 390 887 445 fortes
932 386 1230 456 humiliat,
1280 387 1475 443 venire
1514 387 1585 443 ad
1636 401 1699 442 se
1728 381 1947 440 debiles
1983 384 2029 448 Α
2062 381 2159 451 qui
2190 397 2347 437 nunc
2379 400 2411 438 a
2443 400 2687 440 mmrore
2733 382 3202 454 compunctionis
3234 384 3458 444 alienus
3488 394 3592 460 est,
3622 396 3763 449 tunc

223 500 340 540 non
373 486 645 549 recusat;
679 495 813 536 cum
848 476 1074 533 nobiles
1103 475 1346 547 colligii,
1367 476 1549 532 simul
1580 479 1636 532 et
1664 471 1945 545 ignobiles

220 570 657 647 apprehendit;
708 585 842 625 cum
892 568 1193 639 sapientes
1226 566 1494 637 suscipit,
1538 564 1945 635 imperitorum

227 663 543 721 stultitiam
576 677 692 717 non
741 659 1081 719 contemnit,
1116 656 1391 713 Universa
1424 673 1561 727 ergo
1592 656 1744 711 Deus
1777 652 1947 725 aquis

224 754 451 825 irriget,
480 752 579 823 qui
612 752 764 807 dono
795 749 983 805 sancti
1016 748 1269 818 Spiritus
1300 762 1369 801 ex
1413 747 1572 802 omni
1604 760 1813 817 genere
1839 744 1946 797 ho-

230 845 461 900 minum
498 845 569 899 ad
604 858 771 898 suam
800 839 1194 911 cognitionem
1228 847 1410 894 vocat.

299 937 448 1002 [Rea
488 934 606 1005 IX.]
638 932 727 986 22.
786 933 1050 986 Universa
1090 931 1228 982 Deus
1260 930 1484 997 irrigat,
1528 930 1663 996 quia
1710 924 1827 979 vim
1862 930 1946 982 sui

222 1027 493 1082 sermonis
528 1028 583 1078 in
623 1022 852 1093 singulis
873 1023 1049 1091 juxta
1070 1036 1281 1076 morum
1314 1020 1685 1073 diversitatem
1713 1018 1945 1083 format.

232 1144 301 1155 —
331 1116 591 1169 Possunt
620 1117 816 1167 autem
854 1111 1256 1165 universorum
1285 1106 1521 1161 nomine
1546 1106 1684 1175 ipse
1718 1118 1945 1159 morum

236 1200 753 1259 dissimilitudines
803 1196 1113 1266 designari.
1174 1196 1335 1252 Alius
1385 1211 1640 1265 namque
1696 1192 1947 1248 elatione

225 1293 497 1363 erigitur,
530 1291 682 1346 alius
727 1289 981 1360 pondere
1014 1286 1227 1342 timoris
1256 1285 1593 1350 inclinatur,
1628 1282 1770 1338 alius
1820 1280 1949 1337 libi-

228 1382 368 1438 dine
398 1386 625 1447 iestuat,
662 1378 813 1434 alius
848 1376 1087 1433 avaritia
1114 1374 1369 1445 anhelat,
1406 1374 1559 1430 alius
1604 1371 1947 1428 remissione

227 1487 297 1528 se
347 1470 557 1541 dejicit,
605 1468 757 1524 alius
805 1468 889 1523 ira
943 1466 1228 1522 fervescit.
1288 1465 1399 1520 Sed
1461 1481 1560 1536 per
1606 1462 1944 1519 doctrinam

228 1563 387 1618 sacri
405 1561 641 1633 eloquii,
664 1560 802 1615 dum
826 1558 1075 1630 superbo
1100 1556 1403 1613 humilitas
1426 1554 1722 1622 tribuitur,
1742 1552 1944 1609 timido

241 1650 601 1709 confidentia
649 1649 954 1720 praebetur,
987 1646 1322 1702 luxuriosus
1370 1662 1471 1716 per
1509 1643 1793 1700 castitatis
1823 1648 1947 1698 stu-

2053 469 2343 540 particeps
2374 473 2443 527 ad
2478 472 2736 529 laetitiam
2768 471 3186 528 consolationis
3219 490 3334 531 non
3364 482 3469 532 est.
3503 479 3646 537 Hinc
3676 489 3764 539 est

2056 556 2207 626 quod
2241 558 2297 610 in
2357 558 2665 627 Evangelio
2728 559 2948 614 Veritas
2997 559 3179 615 dicit:
3240 563 3403 618 Amen
3455 583 3612 622 amen
3642 572 3764 626 dico

2054 643 2226 715 vobis,
2258 649 2391 717 quia
2412 649 2709 717 plorabitis
2740 652 2790 703 ei
2806 649 3005 719 ﬂebitis
3035 655 3398 719 vos,mundus
3419 664 3601 713 autem
3622 678 3765 729 gau-

2059 735 2205 789 debit
2235 755 2254 801 ;
2285 753 2379 791 vos
2412 743 2592 793 autem
2649 741 3136 808 contristabimini,
3168 744 3263 797 sed
3295 748 3527 803 tristitia
3583 758 3766 808 vestra

2055 830 2297 880 vertetur
2329 828 2383 879 in
2413 828 2680 896 gaudium
2712 830 2897 897 (Joan.
2950 846 3064 897 xvn,
3092 831 3203 901 20).
3238 832 3305 887 Et
3335 851 3571 894 rursum
3604 856 3616 894 :
3660 843 3764 897 Vos

2056 916 2235 982 igitur
2275 932 2422 968 nunc
2462 918 2682 985 quidem
2742 916 3030 972 tristitiam
3092 918 3321 989 habetis,
3355 925 3553 980 iterum
3583 936 3763 984 autem

2055 1005 2244 1059 videbo
2270 1022 2384 1069 vos,
2408 1014 2457 1060 et
2476 1006 2743 1075 gaudebit
2768 1024 2862 1062 cor
2881 1015 3117 1062 vestrum
3149 1016 3198 1064 et
3229 1013 3495 1079 gaudium
3524 1025 3763 1075 vestrum

2054 1110 2211 1149 nemo
2242 1097 2461 1163 auferet
2509 1114 2542 1151 a
2572 1098 2721 1152 vobis
2751 1099 2943 1166 (Ibid.,
3000 1099 3114 1168 22).
3178 1100 3466 1171 Sospitate
3496 1122 3628 1175 ergo
3664 1109 3772 1165 Do-

2055 1184 2253 1240 minus
2287 1190 2596 1243 mmrentes
2622 1189 2843 1259 erigere
2872 1188 3103 1255 dicitur,
3126 1190 3264 1260 quia
3297 1208 3397 1261 pro
3429 1211 3490 1251 se
3517 1196 3766 1255 afﬂictos

2054 1274 2459 1346 temporaliter
2490 1293 2627 1332 vera
2656 1278 2843 1334 salute
2887 1277 3239 1334 consolatur.
3275 1282 3433 1346 Quod
3468 1290 3662 1341 tamen
3696 1286 3767 1343 de

2053 1365 2253 1419 electis
2286 1365 2386 1420 Dei
2422 1367 2593 1422 etiam
2628 1368 2688 1422 in
2722 1368 2830 1424 hac
2862 1368 2981 1422 vita
3012 1369 3091 1423 nil
3125 1370 3320 1425 obstat
3352 1372 3617 1447 intelligi.

2123 1454 2213 1507 24.
2248 1456 2490 1510 Humiles
2523 1459 2647 1526 jam
2675 1474 2742 1512 ex
2770 1459 2870 1512 hac
2910 1461 3023 1512 vita
3056 1460 3118 1513 in
3164 1459 3389 1516 sublimi
3416 1470 3543 1519 sunt
3564 1470 3768 1537 positi.

2053 1572 2120 1586 —-
2155 1543 2216 1598 In
2251 1545 2491 1600 sublimi
2514 1548 2731 1619 quippe
2762 1548 3012 1604 humiles
3038 1556 3350 1621 ponuntur,
3376 1554 3505 1622 quia
3537 1572 3670 1613 cum
3704 1576 3769 1617 se

2053 1649 2119 1689 ex
2144 1634 2478 1692 humilitate
2499 1638 2906 1706 sushternunt,
2932 1638 3063 1694 alta:
3084 1642 3294 1697 mentis
3310 1643 3533 1711 judicio
3555 1654 3770 1706 cuncta

246 1741 417 1797 dium
434 1736 1178 1809 abimmunditiatergitur,
1196 1750 1401 1791 avarus
1417 1732 1945 1805 percontinentiam
1984 1762 2031 1827 Β
2060 1726 2408 1795 temporalia
2442 1734 2748 1784 transeunt
2780 1747 2796 1798 ;
2830 1746 3074 1801 cumque
3101 1748 3161 1786 se
3192 1732 3461 1803 indignos
3495 1736 3551 1789 in
3584 1740 3774 1795 omni.

235 1830 313 1887 ab
338 1828 680 1885 ambitionis
698 1830 844 1883 astu
878 1829 1254 1898 temperatur,
1278 1824 1559 1881 remissus
1580 1822 1687 1877 zeli
1714 1820 1952 1878 rectitu-

231 1920 376 1974 dine
425 1917 685 1987 erigitur,
732 1917 879 1971 I9I
938 1913 1256 1970 iracundus
1301 1931 1332 1967 a
1380 1910 1809 1983 praecipationis
1839 1926 1953 1965 sua:

230 2007 589 2066 excitatione
639 2007 987 2066 refrenatur,
1025 2004 1297 2060 universa
1321 2002 1474 2059 Deus
1504 2002 1669 2072 aquis
1715 1999 1949 2071 irrigat;

228 2096 498 2168 quiavim
523 2096 613 2151 sui
646 2096 932 2151 sermonis
952 2094 1011 2148 in
1035 2092 1285 2166 singulis
1309 2092 1483 2162 juxta
1507 2105 1733 2146 morum
1759 2088 1951 2143 diver-

229 2189 472 2244 sitatem
507 2186 739 2252 format,
762 2190 824 2239 ut
855 2184 964 2240 hoc
998 2184 1056 2239 in
1088 2184 1216 2253 ejus
1251 2181 1483 2253 eloquio
1508 2180 1759 2252 quisque
1790 2179 1952 2231 inve-

229 2277 376 2341 niat,
401 2292 499 2346 per
529 2276 685 2347 quod
712 2275 938 2329 virtutis
972 2272 1308 2328 necessariae
1330 2286 1566 2343 germen
1594 2270 1758 2324 ferat.
1786 2266 1951 2322 Unde

226 2383 337 2439 per
368 2370 680 2437 quemdam
708 2364 1026 2434 sapientem
1047 2363 1117 2417 de
1137 2377 1359 2417 mannis
1384 2359 1691 2415 dulcedine
1706 2356 1949 2411 dicitur:

236 2460 509 2511 Paratum
534 2470 739 2525 panem
769 2453 834 2509 de
881 2454 1013 2509 caelo
1064 2453 1379 2522 praestitisti
1433 2450 1547 2504 illis
1584 2452 1700 2504 sine
1739 2445 1952 2515 labore,

226 2561 395 2600 omne
422 2544 877 2599 delectamentum
918 2545 977 2594 in
1024 2558 1077 2596 se
1106 2538 1414 2609 habentem,
1450 2542 1613 2609 atque
1642 2538 1818 2591 omnis
1854 2550 1956 2589 sa-

221 2636 393 2706 poris
422 2635 751 2688 suavitatem
783 2632 940 2703 (Sap.
967 2648 1113 2697 xxvr,
1147 2631 1258 2701 20).
1294 2629 1510 2684 Manna
1533 2626 1747 2699 quippe
1770 2640 1955 2681 omne

226 2725 730 2779 delectamentum
749 2730 923 2793 atque
955 2720 1145 2775 omnis
1177 2720 1404 2790 saporis
1426 2717 1485 2772 in
1510 2733 1572 2771 se
1603 2714 1952 2771 suavitatem

224 2811 470 2879 habuit,
504 2810 655 2883 quod
696 2810 968 2867 videlicet
997 2809 1057 2865 in
1108 2825 1205 2865 ore
1245 2806 1622 2879 spiritalium,
1649 2806 1820 2877 juxta
1852 2819 1952 2859 vo-

224 2902 527 2957 luntatem
594 2900 916 2965 edentium,
978 2915 1241 2969 saporem
1290 2897 1473 2964 dedit,
1527 2895 1663 2967 quia
1721 2893 1953 2947 divinus

224 3006 429 3048 sermo
481 2993 538 3045 et
595 2988 873 3044 omnibus
932 3004 1281 3060 congruens,
1314 2990 1370 3040 et
1410 3004 1441 3041 a
1491 2984 1805 3054 semetipso
1838 2998 1950 3037 non

237 3080 604 3151 discrepans,
623 3077 887 3150 qualitati
907 3077 1263 3133 audientium
1296 3074 1745 3141 condescendit;
1780 3087 1951 3144 quem

228 3172 379 3225 dum
410 3168 630 3224 electus
670 3168 916 3236 quisque
949 3166 1167 3222 utiliter
1189 3168 1350 3236 juxta
1386 3166 1621 3220 modum
1654 3178 1823 3219 suum
1855 3162 1953 3218 in-

227 3258 467 3331 telligit,
500 3257 666 3329 quasi
693 3261 997 3326 acceptum
1024 3272 1234 3310 manna
1265 3255 1323 3309 in
1354 3253 1755 3308 voluntarium
1790 3267 1955 3320 sapo-

233 3362 364 3402 rem
400 3346 582 3402 vertit.
619 3346 681 3400 Et
704 3344 844 3416 quia
872 3344 1128 3400 laborem
1163 3344 1297 3399 boni
1320 3341 1510 3414 operis
1540 3341 1727 3413 gloria
1757 3338 1955 3409 sequi-

233 3441 333 3491 tur
398 3433 812 3499 retributionis,
872 3439 1005 3505 post
1061 3448 1343 3503 aquarum
1403 3431 1748 3502 rigationem
1803 3432 1957 3483 recte

241 3521 666 3592 subjungitur:
695 3523 977 3591 Quiponit
999 3522 1228 3575 humiles
1258 3522 1315 3573 in
1346 3520 1566 3573 sublimi
1596 3524 1645 3571 et
1676 3522 1957 3570 moventes

242 3615 422 3683 erigit
459 3615 737 3683 sospitate.

316 3703 475 3774 [Vet.
525 3702 671 3768 VIII,
732 3703 853 3755 Rec.
904 3701 995 3772 X.]
1051 3699 1141 3755 23.
1187 3700 1378 3755 Servos
1420 3702 1516 3755 Dei
1573 3713 1720 3751 nunc
1767 3696 1958 3763 ἀθερα-

240 3799 364 3847 etos
398 3796 451 3843 et
474 3792 707 3859 afﬂictos
738 3790 920 3858 gloria
948 3795 1001 3843 et
1032 3788 1298 3858 gaudium
1346 3786 1647 3858 excipient.
1680 3812 1747 3825 —
1768 3786 1830 3838 In
1863 3796 1958 3836 su-

240 3878 420 3935 blimi
475 3877 725 3933 humiles
774 3882 1090 3948 ponuntur,
1126 3878 1264 3948 quia
1295 3876 1354 3932 hi
1400 3878 1496 3946 qui
1530 3890 1686 3930 nunc
1718 3888 1819 3943 pro
1863 3868 1956 3924 Dei

241 3984 453 4024 amore
484 3967 736 4038 despecti
770 3971 931 4032 sunt,
956 3975 1089 4023 tunc
1112 3983 1244 4022 cum
1278 3966 1393 4022 Deo
1431 3966 1663 4036 judices
1688 3963 1923 4021 veniunt

239 4060 405 4116 sicut
434 4058 540 4113 hoc
558 4060 711 4129 quod
732 4058 904 4143 paulo
927 4060 1197 4129 antejam
1222 4058 1499 4121 diximus,
1518 4057 1736 4112 eisdem
1763 4056 1960 4113 humi-

240 4149 408 4204 libus
437 4146 660 4203 Veritas
710 4147 1036 4219 pollicetur,
1070 4147 1267 4202 dicens
1301 4164 1313 4201 :
1366 4150 1469 4201 Vos
1499 4150 1595 4218 qui
1624 4149 1796 4201 secuti
1836 4150 1962 4203 estis

241 4257 352 4306 me,
381 4241 441 4292 in
463 4241 879 4309 regeneratione
910 4254 1029 4293 cum
1058 4238 1259 4292 sederit
1288 4237 1458 4293 Filius
1485 4237 1721 4292 hominis
1751 4239 1809 4291 in
1838 4239 1962 4293 sede

241 4329 562 4399 majestatis
589 4344 719 4395 suae,
764 4328 1015 4383 sedebitis
1045 4334 1098 4382 et
1126 4343 1220 4382 vos
1262 4344 1426 4398 super
1456 4327 1742 4382 duodecim
1788 4328 1960 4397 sedes,

2065 1815 2171 1868 bus
2222 1816 2535 1884 aestimant,
2589 1822 2756 1873 rectas
2831 1820 3199 1889 cogitationis
3265 1822 3525 1879 examine
3597 1825 3771 1898 huius

2062 1904 2265 1959 mundi
2288 1904 2535 1975 gloriam
2555 1911 2824 1964 transcen
2845 1909 3047 1964 dentes
3068 1909 3311 1965 calcant.
3329 1910 3647 1971 Videamus
3662 1916 3773 1973 hu-

2062 1994 2260 2050 milem
2319 1996 2583 2052 Paulum.
2618 1998 2760 2054 Ecce
2790 1999 3093 2071 discipulis
3124 2000 3264 2056 dicit
3296 2018 3308 2055 :
3341 2003 3461 2057 Non
3481 2009 3623 2061 enim
3655 2026 3775 2064 nos-

2058 2087 2316 2155 metipsos
2358 2087 2747 2156 prmdicamus,
2781 2089 2876 2142 sed
2918 2090 3096 2144 Iesum
3148 2091 3417 2146 Christum
3477 2096 3773 2155 Dominum

2062 2180 2331 2243 nostrum,
2366 2192 2464 2230 nos
2521 2183 2704 2231 autem
2751 2193 2929 2232 servos
2960 2186 3159 2233 vestros
3196 2196 3301 2249 per
3353 2181 3630 2241 Christum
3696 2189 3780 2259 (II

2062 2264 2183 2318 Cor.
2221 2280 2295 2330 ιν,
2327 2264 2405 2333 5).
2441 2264 2753 2320 Videamus
2783 2266 2935 2321 hunc
2968 2267 3248 2322 humilem
3283 2268 3340 2322 in
3374 2270 3614 2328 sublimi
3642 2278 3768 2343 jam

2064 2353 2341 2422 positum.
2376 2354 2465 2407 Ait
2498 2371 2509 2408 :
2545 2356 2634 2409 An
2691 2358 2912 2410 nescitis
2956 2358 3089 2425 quia
3138 2359 3363 2427 angelos
3391 2362 3772 2430 judicabimus

2062 2442 2115 2513 (Ι
2142 2443 2265 2498 Cor.
2319 2458 2397 2511 v1,
2431 2445 2482 2513 3)
2514 2446 2542 2499 ?
2596 2446 2667 2500 Et
2699 2462 2933 2501 rursum
2969 2464 2981 2501 :
3018 2449 3473 2507 Conresuscitavit
3495 2462 3547 2508 et
3577 2472 3773 2510 conse-

2061 2533 2188 2586 dere
2246 2549 2343 2588 nos
2372 2535 2508 2600 fecit
2566 2537 2623 2588 in
2684 2536 2980 2590 caelestibus
3009 2538 3227 2607 (Ephes.
3264 2556 3327 2607 ιι,
3358 2541 3435 2601 6).
3499 2543 3770 2602 Fortasse

2065 2621 2219 2677 hunc
2248 2623 2501 2679 exterius
2546 2628 2683 2680 tunc
2734 2628 2938 2681 catena
2981 2625 3283 2698 religabat,
3332 2634 3526 2686 mente
3576 2639 3771 2691 tamen

2064 2711 2292 2782 positus
2324 2713 2380 2767 in
2415 2713 2771 2770 sublimibus
2812 2716 3015 2779 fuerat,
3050 2716 3187 2787 quia
3207 2719 3331 2788 jam
3368 2735 3467 2787 per
3495 2724 3619 2793 spei
3654 2740 3769 2779 suis

2066 2801 2476 2858 certitudinem
2498 2804 2557 2858 in
2583 2803 2915 2860 cmlestibus
2939 2806 3200 2860 sededat.
3226 2807 3422 2864 Sancti
3455 2809 3650 2882 itaque
3669 2813 3773 2869 viri

2065 2889 2205 2945 foris
2236 2891 2492 2960 despecti
2524 2896 2683 2959 sunt,
2717 2896 2773 2947 et
2811 2892 2965 2947 velut
2998 2893 3219 2964 indigni
3251 2897 3449 2952 omnia
3481 2898 3728 2956 tolerant
3758 2920 3771 2970 ;

2066 2980 2220 3035 192
2271 2980 2371 3035 sed
2415 2980 2623 3051 dignos
2671 2998 2730 3037 se
2780 2983 3051 3053 supernis
3108 2984 3347 3040 sedibus
3389 2988 3770 3059 confidentes,

2064 3069 2405 3125 aternitatis
2433 3070 2673 3142 gloriam
2706 3088 2838 3127 cum
2859 3072 3205 3128 certitudine
3226 3082 3593 3146 exspectant;
3614 3097 3773 3137 cum-

2063 3174 2172 3229 que
2205 3159 2464 3215 laborant
2495 3161 2637 3216 i'oris
2668 3162 3017 3218 adversitate
3051 3164 3493 3233 persecutionis,
3528 3171 3597 3223 ad
3639 3187 3767 3226 mu-

2064 3248 2250 3305 nitam
2283 3256 2591 3306 recurrunt
2633 3252 2985 3308 intrinsecus
3035 3270 3226 3309 arcem
3264 3258 3473 3311 mentis
3504 3276 3518 3326 ;
3550 3264 3605 3314 et
3639 3261 3775 3317 inde

2062 3344 2277 3395 cuncta
2306 3340 2415 3395 sub
2450 3356 2510 3393 se
2544 3340 2627 3396 ire
2675 3341 3030 3413 despiciunt,
3083 3344 3235 3399 inter
3282 3361 3410 3415 quis
3442 3352 3498 3402 et
3529 3349 3776 3405 transire

2064 3428 2437 3499 corporaliter
2467 3428 2645 3484 etiam
2695 3432 3041 3503 semetipsos
3098 3442 3393 3504 cernunt;
3430 3437 3617 3493 minas
3660 3457 3775 3496 non

2066 3523 2355 3585 metuunl,
2418 3521 2555 3588 quia
2604 3524 2658 3573 et
2710 3525 2999 3576 tormenta
3050 3526 3323 3593 patiendo
3369 3531 3776 3587 contemnunt.

2068 3606 2213 3659 Hinc
2244 3606 2397 3660 enim
2433 3623 2533 3675 per
2564 3606 2931 3662 Salomonem
2993 3610 3203 3667 dicitur
3237 3630 3250 3668 :
3285 3615 3471 3670 Justus
3501 3620 3663 3685 quasi
3696 3618 3778 3673 leo

2066 3695 2342 3763 confidens
2400 3696 2604 3765 absque
2662 3702 2873 3751 terrore
2919 3698 3028 3753 erit
3054 3702 3248 3770 (Prov.
3295 3720 3492 3771 xxvm,
3531 3706 3602 3775 1).
3632 3706 3775 3762 Hinc

2068 3786 2139 3839 ab
2169 3801 2234 3840 eo
2267 3786 2478 3839 iterum
2512 3786 2791 3856 scriptum
2826 3792 2945 3841 est:
3009 3791 3128 3843 Non
3160 3794 3509 3847 contristabit
3530 3795 3773 3862 justum,

2068 3874 2342 3945 quidquid
2373 3877 2421 3928 ei
2450 3874 2717 3929 acciderit
2747 3876 2934 3946 (Prov.
2959 3893 3060 3945 xu,
3100 3879 3214 3949 21).
3260 3881 3399 3945 Quia
3442 3883 3597 3935 enim
3634 3884 3778 3937 recti

2068 3966 2283 4037 quique
2317 3967 2371 4020 in
2406 3965 2520 4021 alto
2543 3966 2884 4023 intentionis
2925 3986 3042 4023 suas
3092 3972 3302 4026 vertice
3330 3972 3427 4025 siti
3450 3978 3607 4036 sunt,
3634 3974 3775 4029 dum

2071 4060 2314 4111 mortem
2368 4056 2668 4111 moriendo
2719 4074 2832 4111 non
2866 4058 3147 4125 sentiunt,
3180 4061 3328 4115 miro
3361 4061 3534 4116 modo
3565 4078 3663 4117 eos
3696 4078 3779 4118 re-

2071 4146 2383 4218 proborum
2424 4144 2619 4216 jacula
2669 4153 2721 4200 et
2774 4146 3010 4215 feriunt,
3042 4156 3093 4204 et
3124 4165 3238 4204 non
3287 4150 3653 4221 contingunt.
3716 4154 3777 4208 in

2069 4234 2311 4290 sublimi
2335 4251 2470 4305 ergo
2493 4234 2745 4291 humiles
2770 4240 2909 4291 sunt
2938 4237 3128 4307 positi,
3153 4238 3290 4309 quia
3313 4240 3467 4294 unde
3484 4256 3543 4295 se
3565 4241 3620 4296 in
3646 4258 3779 4296 om-

2074 4324 2248 4379 nibus
2266 4324 2615 4395 despiciunt,
2643 4324 2775 4379 inde
2803 4330 3003 4381 contra
3024 4328 3223 4383 omnia
3254 4328 3575 4385 securiores
3606 4331 3777 4387 fiunt.

234 4417 569 4489 judicantes
613 4418 898 4472 duodecim
956 4417 1129 4471 tribus
1176 4417 1351 4471 Israel
1398 4418 1619 4488 (Matth.
1682 4433 1800 4483 xxx,
1848 4417 1960 4488 28).
1999 4421 2043 4485 D
2146 4414 2297 4486 [Vet.
2358 4417 2452 4481 IX,
2514 4418 2637 4471 Rec.
2671 4416 2790 4486 XI.)
2823 4419 2973 4471 Mens
3032 4419 3105 4473 ad
3135 4436 3198 4473 ea
3232 4436 3351 4491 quae
3406 4436 3575 4491 supra
3604 4425 3780 4493 ipsam

242 4512 420 4562 Tunc
452 4512 759 4561 merentes
784 4506 1069 4561 Dominus
1088 4505 1367 4576 sospitate
1390 4505 1574 4575 erigit,
1601 4507 1740 4576 quia
1763 4505 1819 4560 hi
1842 4506 1967 4577 qui,

245 4598 385 4667 ejus
444 4596 744 4651 desideriis
802 4597 1055 4660 accensi,
1090 4612 1368 4668 prospera
1429 4596 1682 4666 fugiunt,
1727 4596 1971 4653 adversa

248 4686 581 4758 patiuntur,
633 4685 926 4741 cruciatus
960 4685 1437 4757 persequentium
1485 4683 1751 4750 tolerant,
1788 4701 1970 4756 seque

245 4775 370 4848 ipsi
414 4790 515 4845 per
560 4775 814 4830 lamenta
844 4776 1153 4847 castigant,
1201 4780 1362 4830 tanto
1395 4774 1795 4830 sublimiorem
1832 4784 1969 4831 tunc

251 4865 609 4936 sospitatem
653 4866 961 4935 recipiunt,
1017 4870 1233 4936 quanto
1288 4881 1443 4920 nunc
1475 4864 1700 4918 cunctis
1763 4864 1968 4919 mundi

250 4952 494 5027 gaudiis
524 4955 721 5009 devote
763 4954 1113 5009 moriuntur.
1150 4953 1295 5009 Hinc
1341 4958 1431 5008 est
1476 4952 1631 5008 enim
1683 4954 1836 5023 quod
1872 4969 1972 5023 per

251 5043 625 5099 Salomonem
666 5043 881 5099 dicitur
908 5062 926 5098 :
987 5046 1091 5099 Cor
1146 5044 1293 5114 quod
1340 5045 1493 5097 novit
1542 5043 1969 5099 amaritudinem

252 5136 457 5188 animm
487 5147 617 5197 suae,
676 5135 731 5186 in
759 5133 965 5201 gaudio
1014 5134 1131 5202 ejus
1174 5149 1283 5186 non
1331 5132 1641 5186 miscebitur
1669 5139 1969 5190 extraneas

250 5223 445 5289 (Prov.
478 5237 593 5289 ινι,
620 5222 728 5291 10).
758 5220 1024 5277 Humana
1048 5220 1263 5276 etenim
1308 5235 1474 5275 mens
1516 5221 1965 5280 amaritudinem

252 5312 469 5369 animae
518 5328 637 5369 sua:
668 5314 801 5378 scit,
834 5328 983 5380 cum,
1032 5317 1256 5367 (eterna:
1304 5310 1501 5381 patriae
1533 5312 1835 5369 desideriis
1868 5330 1968 5371 ac-

253 5416 460 5467 censa,
482 5402 965 5473 peregrinationis
1010 5418 1125 5456 sua)
1146 5417 1372 5470 pcenam
1411 5400 1602 5456 ﬂendo
1635 5402 1963 5472 cognoscit;

256 5491 363 5545 sed
399 5491 453 5545 in
486 5491 614 5561 ejus
673 5492 887 5563 gaudio
937 5497 1247 5547 extraneus
1282 5506 1395 5565 non
1442 5491 1799 5557 miscebitur,
1831 5492 1969 5563 quia

338 5712 423 5777 (a)
443 5711 726 5784 Plerique,
758 5713 877 5783 ﬁlia
906 5712 1173 5801 Babylon.
1209 5712 1293 5770 Ita
1322 5711 1497 5769 etiam
1532 5714 1641 5769 vet.
1678 5710 1823 5768 Edit.

2072 4514 2201 4560 sunt
2232 4507 2446 4562 inhiare
2475 4508 2819 4573 cessans,sub
2849 4511 3190 4579 semetipsum
3222 4513 3279 4564 in
3310 4511 3621 4568 desinenter
3641 4518 3780 4573 ruit.

2071 4628 2139 4637 —
2180 4598 2301 4661 Quo
2333 4602 2534 4653 contra
2587 4602 2739 4652 recte
2770 4600 2877 4653 sub
2908 4598 3221 4669 Babylonis
3256 4602 3444 4672 specie
3486 4618 3587 4673 per
3636 4620 3779 4674 pro-

2073 4686 2307 4756 phetam
2334 4688 2509 4741 menti
2546 4687 2802 4757 reprobaz
2834 4688 3079 4745 dicitur:
3107 4692 3393 4760 Descende,
3423 4692 3545 4747 sede
3566 4696 3621 4747 in
3646 4695 3782 4765 pul-

2071 4792 2217 4841 vere,
2248 4777 2407 4844 virgo
2438 4778 2557 4846 ﬁlia
2590 4776 2665 4847 (a)
2709 4777 3028 4847 Babylonis,
3086 4780 3209 4835 sede
3240 4782 3298 4834 in
3330 4788 3524 4836 terra:
3558 4798 3669 4835 non
3700 4788 3782 4837 est

2070 4867 2267 4921 solium
2312 4867 2439 4933 ﬁliae
2497 4868 2871 4922 Chaldaeorum
2901 4869 3050 4936 (Isai.
3096 4886 3263 4936 xnvu,
3320 4870 3390 4939 1).
3462 4869 3576 4923 Hoc
3620 4870 3777 4925 enim

2075 4953 2201 5009 loco
2233 4953 2494 5010 humana
2517 4970 2678 5011 mens
2700 4956 2861 5027 virgo
2892 4972 3008 5013 non
3032 4957 3384 5027 incorrupta,
3420 4958 3480 5009 ut
3506 4955 3778 5024 arbitror,

2075 5042 2309 5111 dicitur,
2345 5045 2445 5099 sed
2480 5045 2811 5102 infecunda.
2836 5044 2906 5100 Et
2936 5046 3073 5116 quia
3104 5044 3360 5113 Babylon
3392 5044 3655 5100 confusio
3684 5045 3777 5100 in-

2075 5138 2445 5206 terpretatur,
2512 5140 2668 5191 recte
2716 5135 3032 5191 infecunda
3082 5148 3245 5188 mens
3294 5131 3603 5203 Babylonis
3663 5133 3779 5191 tilia

2074 5228 2334 5293 vocatur,
2357 5240 2479 5293 qua
2512 5224 2571 5279 in
2603 5240 2669 5279 eo
2701 5224 2849 5295 quod
2878 5237 3235 5293 nequaquam
3263 5221 3415 5277 bona
3446 5237 3617 5293 opera
3648 5240 3777 5295 ger-

2076 5316 2282 5380 minat,
2332 5314 2469 5368 dum
2522 5313 2683 5368 nullo
2738 5310 2938 5368 ordine
2976 5315 3142 5367 rectis
3194 5310 3325 5368 vitae
3381 5314 3776 5386 componitur,

2076 5404 2245 5477 quasi
2290 5402 2515 5457 confusi
2548 5418 2619 5455 ne
2669 5406 2855 5455 matre
2885 5404 3215 5472 generatur.
3250 5401 3348 5457 Sin
3392 5406 3584 5459 autem
3618 5405 3776 5479 virgo

2075 5509 2191 5548 non
2243 5491 2551 5546 infecunda
2609 5490 2837 5554 dicitur,
2891 5491 2989 5544 sed
3060 5491 3415 5562 incorrupta,
3468 5496 3775 5568 postquam
