4156 6178
391 256 506 320 743

1655 236 1929 300 SANCTI
1975 226 2351 298 GREGORII
2396 237 2613 299 MAGN
2623 241 2649 299 Ι

3798 244 3930 303 ⁵144

387 402 607 456 statum
640 387 850 448 salutis
873 380 1147 458 perdidit,
1180 379 1253 436 ad
1285 373 1641 435 confusionis
1658 389 1775 429 sua:
1792 370 2093 427 cumulum
2124 370 2177 435 Α
2210 371 2489 427 stratione
2514 372 2730 446 quippe
2779 374 2970 444 operis
3028 374 3326 448 turpitudo
3365 375 3723 441 desudatur,
3786 375 3927 431 dum

385 485 716 562 appellatur
739 476 895 550 quod
929 473 1053 529 fuit.
1076 472 1178 527 Cui
1205 477 1337 562 apte
1377 483 1476 562 per
1502 462 1960 562 increpationem
1997 460 2089 515 di-

387 555 537 637 citur
564 573 761 631 divina
789 583 962 623 voce:
997 562 1287 619 Descende.
1319 560 1380 614 In
1413 557 1529 613 alto
1559 555 1772 626 quippe
1794 555 2093 608 humanus

388 669 624 727 animus
641 664 776 726 stat,
800 654 1032 727 quando
1058 648 1327 721 supernis
1352 644 1839 702 retributionibus
1868 641 2089 707 inhiat;

389 758 489 815 sed
524 755 594 811 ab
626 752 734 806 hoc
762 749 915 802 statu
949 738 1265 807 descendit,
1298 753 1433 793 cum
1467 736 1715 805 turpiter
1744 732 1933 787 victus
1963 745 2095 785 sese

391 844 783 907 deﬂuentibus
808 836 1011 894 mundi
1036 831 1338 889 desideriis
1369 826 1621 898 subjicit.
1649 824 1751 879 Cui
1784 825 1931 879 bene
1962 837 2095 876 mox

392 939 651 997 additur:
679 930 813 987 Sede
833 931 891 982 in
916 927 1164 997 pulvere.
1198 918 1561 975 Descendens
1588 915 1742 969 enim
1765 913 1821 966 in
1854 910 2095 985 pulvere

393 1028 619 1093 residet,
655 1021 792 1093 quia
823 1014 1077 1072 cmlestia
1107 1012 1400 1075 deserens,
1433 1002 1680 1093 terrenis
1708 998 2083 1093 cogitationi--

391 1118 500 1176 bus
531 1086 805 1185 aspersus
834 1108 892 1162 in
926 1101 1175 1159 infirmis
1214 1096 1454 1153 vilescit.
1490 1092 1596 1148 Ubi
1628 1091 1820 1185 adhuc
1851 1086 2098 1161 ingemi-

390 1181 995 1269 nando'subjungitur
1028 1211 1040 1248 :
1096 1189 1232 1245 Sede
1254 1190 1311 1241 in
1345 1193 1513 1239 terra.
1554 1187 1633 1237 Ac
1664 1181 1713 1237 si
1772 1184 1969 1251 aperte
1997 1193 2095 1269 exs

392 1297 680 1373 probrans
712 1268 867 1345 dicat.
903 1285 1083 1349 :Quia
1125 1277 1340 1336 cmlesti
1380 1272 1811 1331 conversatione
1860 1268 2099 1368 noluisti

392 1358 451 1447 te
483 1387 723 1456 erigere,
756 1379 866 1435 sub
898 1372 1209 1442 temetipso
1242 1369 1565 1439 prostratus
1598 1358 2099 1456 interrenisnacti-

395 1482 504 1537 bus
532 1449 861 1531 humiliare.
896 1465 1055 1522 Unde
1081 1466 1138 1517 et
1171 1455 1494 1514 necessario
1528 1452 1789 1522 protinus
1821 1449 2057 1506 additur
2085 1463 2097 1501 :

391 1574 514 1627 Non
543 1572 619 1622 est
667 1562 861 1619 solium
917 1557 1043 1625 filice
1093 1550 1489 1607 Chaldaeorum.
1533 1542 1785 1600 Chaldaei
1846 1554 2100 1610 namque

392 1662 609 1717 feroces
639 1650 1115 1720 interpretantur.
1148 1641 1327 1695 Valde
1347 1645 1537 1692 autem
1562 1634 1778 1690 feroces
1808 1638 1971 1697 sunt,
1997 1627 2100 1700 qui

2206 461 2339 517 vilis
2368 479 2528 518 mens
2558 464 2898 536 abjectaque
2925 464 2986 520 in
3020 466 3266 522 actionis
3292 468 3679 523 ostentatione
3712 482 3927 537 cogno-

2209 553 2404 618 scitur,
2440 569 2568 624 quas
2598 555 2795 624 quieta
2827 553 2987 625 prius
3011 570 3224 626 magna
3248 556 3575 627 putabatur.
3593 560 3918 612 Humerum

2209 659 2371 697 mens
2403 644 2776 714 discooperit,
2811 645 3043 714 quando
3069 660 3214 715 Opus
3234 661 3406 701 suum
3429 647 3583 717 quod
3608 645 3927 719 ignoraba-

2210 738 2304 789 tur
2335 734 2604 790 ostendit.
2636 734 2820 791 Crura
2843 734 3073 799 revelat,
3098 736 3239 808 quia
3260 736 3472 808 quibus
3493 738 3920 795 desideriorum

2212 824 2487 895 passibus
2538 824 2718 879 lucris
2768 824 2972 880 mundi
3030 824 3212 881 inhiet
3260 827 3615 883 manifestat.
3647 827 3923 885 Flumina

2211 914 2389 969 etiam
2426 914 2658 984 transit,
2706 916 2845 985 quia
2876 914 3133 971 actiones
3162 915 3335 986 hujus
3365 916 3587 983 saeculi,
3622 934 3753 990 qua
3776 934 3923 990 quo-

2212 1003 2354 1059 tidie
2401 1005 2471 1059 ad
2522 1003 2839 1059 terminum
2893 1004 3175 1072 deﬂuunt,
3208 1005 3603 1062 indesinenter
3640 1007 3872 1079 appetit
3905 1025 3919 1074 ;

2213 1094 2475 1164 dumque
2504 1092 2650 1149 alias
2683 1093 2979 1165 relinquit,
3015 1093 3160 1150 alias
3190 1094 3542 1165 assequitur,
3562 1097 3734 1167 quasi
3766 1112 3926 1152 sem—

2215 1200 2316 1256 per
2344 1184 2429 1253 (d)
2458 1184 2528 1239 de
2551 1183 2795 1239 ﬂumine
2826 1184 2895 1239 ad
2930 1184 3147 1239 ﬂumen
3179 1185 3385 1241 tendit.
3418 1186 3545 1241 Haec
3577 1187 3782 1257 paucis
3815 1202 3929 1258 per

2213 1288 2510 1329 excessum
2541 1273 2820 1340 diximus,
2844 1278 2909 1328 ut
2932 1289 3096 1329 mens
3120 1273 3315 1331 asolio
3338 1280 3547 1331 sanctae
3571 1276 3924 1332 intentionis

2212 1380 2457 1420 excussa
2487 1381 2599 1434 quo
2634 1365 2821 1435 jaceat
2853 1370 3330 1432 monstraremus,
3365 1366 3461 1438 qui
3510 1367 3559 1422 si
3592 1368 3661 1422 ad
3692 1382 3757 1423 ea
3786 1384 3929 1438 qua

2214 1471 2392 1526 super
2420 1456 2605 1525 ipsam
2631 1462 2768 1510 sunt
2799 1454 3023 1511 inhiare
3048 1454 3382 1523 cessaverit,
3406 1457 3514 1512 sub
3536 1457 3927 1527 semetipsam

2213 1544 2389 1601 etiam
2422 1545 2813 1601 indesinenter
2834 1545 2969 1600 ruit.
2998 1546 3058 1600 In
3081 1545 3194 1601 alto
3217 1550 3413 1602 autem
3436 1545 3648 1617 ﬁgitur,
3673 1547 3725 1603 si
3753 1562 3929 1602 amo-

2214 1650 2338 1690 rem
2371 1636 2780 1706 temporalium
2829 1636 3125 1703 deserens,
3153 1636 3223 1690 ad
3271 1651 3435 1707 spem
3468 1636 3929 1692 incommutabi~

392 1751 470 1823 (a)
502 1746 826 1801 voluntates
876 1734 1136 1807 proprias
1167 1732 1491 1800 sequentes,
1526 1740 1657 1823 nec_
1683 1722 1807 1823 suis
1861 1735 2097 1820 parcere
2131 1721 2176 1787 B
2210 1724 2654 1823 lisAzelernitatis
2684 1724 2905 1795 ligitur.

394 1810 687 1893 mortibus
712 1828 919 1885 sciunt.
950 1820 1183 1878 Ferocis
1202 1821 1342 1873 sunt
1370 1824 1597 1871 terrena
1628 1810 1934 1877 desideria,
1965 1825 2093 1879 quae

393 1930 508 1984 non
533 1921 724 1981 solum
745 1920 940 1973 contra
964 1911 1245 1983 praecepta
1268 1904 1607 1969 conditoris,
1629 1902 1725 1956 sed
1750 1916 1900 1970 smpe
1926 1898 2099 1952 etiam

393 2022 599 2075 contra
632 2004 1073 2081 percussionum
1109 1997 1368 2058 verbera,
1401 1994 1604 2047 duram
1637 1996 1811 2061 atque
1842 1988 2099 2043 insensi-

398 2107 573 2165 bilem
600 2078 849 2156 mentem
874 2091 1145 2147 reddunt.
1168 2086 1277 2141 Sed
1304 2082 1423 2138 filia
1446 2082 1726 2137 ferocium
1749 2078 1961 2135 solium
1988 2094 2101 2133 non

397 2196 591 2257 habet,
628 2189 762 2261 quia
806 2198 989 2246 mens,
1027 2194 1151 2249 qua:
1178 2176 1248 2230 ad
1275 2189 1525 2229 amorem
1574 2170 1778 2261 mundi
1802 2167 2103 2261 expravis

387 2259 695 2342 desideriis
729 2272 1007 2337 nascitur,
1042 2275 1213 2337 atque
1246 2264 1466 2320 eisdem
1500 2259 1808 2315 desideriis
1847 2259 2103 2314 obdura-

386 2380 505 2443 tur,
537 2372 598 2425 in
630 2385 694 2424 eo
727 2364 879 2436 quod
915 2376 976 2416 se
1023 2355 1267 2412 terrenis
1299 2349 1809 2443 concupiscentiis
1836 2347 2103 2443 subjicit,

387 2436 587 2523 sedem
612 2453 819 2530 judicii
870 2448 1116 2514 amittit;
1142 2444 1405 2514 nullique
1432 2441 1581 2511 apud
1621 2456 1682 2495 se
1704 2438 1872 2530 solio
1898 2436 2096 2530 praesi-

390 2558 510 2619 det,
542 2527 682 2623 quia
711 2542 978 2603 examine
1018 2535 1382 2594 discretionis
1414 2536 1589 2597 caret,
1622 2534 1677 2584 et
1708 2529 1879 2623 quasi
1920 2544 1955 2582 a
1997 2527 2100 2598 ju-

391 2644 529 2702 dicii
562 2620 653 2697 sui
685 2634 941 2693 sessione
972 2626 1293 2701 repellitur,
1326 2624 1465 2696 quia
1498 2637 1598 2693 per
1618 2620 1933 2673 exteriores
1963 2632 2097 2671 con-

388 2727 779 2806 cupiscentiae
810 2724 1074 2793 vagatur.
1112 2715 1327 2806 Liquet
1344 2710 1525 2806 Aen-im,
1562 2708 1715 2780 quod
1751 2720 2096 2806 mens-nque;

388 2792 547 2879 intus
576 2812 805 2874 consilii
824 2792 1020 2866 sedem
1046 2801 1383 2877 perdiderit,
1407 2800 1559 2854 foras
1590 2814 1652 2853 se
1686 2812 1786 2867 per
1808 2792 2097 2849 desideria

389 2902 896 2969 innumerabiliter
949 2894 1187 2968 spargit.
1245 2892 1314 2945 Et
1361 2889 1499 2960 quia
1576 2902 1744 2958 agere
1800 2883 2098 2940 intellecta

390 2995 739 3059 dissimulat,
788 2991 1036 3045 secatur
1095 2990 1268 3049 recte,
1303 2983 1369 3034 ut
1423 2977 1598 3032 etiam
1660 2973 1882 3030 nesciat
1937 2972 2092 3045 quod

392 3092 562 3163 agat;
594 3090 651 3141 et
679 3095 829 3149 sepe
857 3078 1013 3147 justo
1039 3069 1263 3143 judicio
1278 3069 1351 3163 in
1382 3083 1490 3123 sua
1520 3066 1653 3163 ipsa.
1677 3063 1973 3163 voluntate
2006 3078 2093 3163 re:

388 3151 696 3249 linquitur,
712 3174 769 3225 et
791 3167 897 3223 sub
922 3182 988 3220 ea
1010 3178 1135 3234 quas
1159 3159 1326 3215 anxie
1346 3156 1567 3249 appetit
1584 3153 1872 3249 laboriosa
1888 3151 2095 3249 mundi

391 3241 718 3328 ministeria
750 3258 1060 3313 relaxatur.
1094 3251 1244 3322 [Vet.
1277 3248 1369 3318 X.]
1396 3245 1558 3301 Unde
1589 3252 1719 3315 apte
1751 3241 1869 3296 illic
1901 3241 2098 3296 subdi-

389 3370 489 3420 tur
521 3373 534 3411 :
570 3355 709 3418 Quia
743 3350 893 3404 ultra
924 3359 1035 3398 non
1065 3340 1345 3395 vocaberis
1401 3335 1581 3391 mollis
1610 3340 1661 3388 et
1706 3340 1938 3397 tenera;
1968 3332 2098 3386 tolle

391 3453 609 3512 molam,
635 3453 685 3500 et
716 3441 855 3499 mole
884 3440 1131 3507 farinam
1170 3432 1359 3503 (ΗΜΛ,
1398 3431 1473 3500 2).
1524 3428 1764 3483 Constat
1822 3426 2099 3481 nimirum

394 3541 549 3615 quod
582 3542 777 3591 tenere
825 3545 940 3584 suae
974 3525 1103 3581 filiae
1163 3526 1433 3595 parentes
1484 3522 1748 3589 parcunt,
1785 3532 1889 3571 nec
1932 3515 2099 3570 duris

392 3606 566 3701 atque
596 3620 902 3682 servilibus
926 3616 1077 3671 hanc
1102 3612 1375 3685 operibus
1414 3606 2100 3701 afﬂigunEUupnipoteps

399 3695 535 3791 ergo
570 3721 718 3771 Deus
754 3707 921 3782 quasi
945 3712 1203 3761 teneram
1239 3702 1421 3791 ﬁliam
1454 3695 2098 3791 vocathUS-quando

397 3786 670 3866 dilectam
719 3796 1176 3866 uniuscujusque
1221 3790 1473 3846 animam
1508 3807 1540 3843 a
1588 3786 1890 3843 laboriosis
1925 3786 2100 3854 hujus

395 3897 600 3957 mundi
630 3890 880 3950 servitiis
906 3889 1168 3949 revocat;
1202 3882 1427 3937 nedum
1459 3878 1839 3934 exterioribus
1872 3876 2099 3931 actibus

395 3987 672 4050 afﬁcitur,
705 3982 776 4037 ab
808 3974 1054 4033 internis
1084 3970 1386 4028 desideriis
1416 3969 1753 4024 obduretur.
1790 3966 1900 4022 Sed
1934 3963 2102 4019 Chal-

396 4082 649 4136 daeorum
675 4071 793 4126 filia
811 4065 1001 4123 mollis
1023 4068 1080 4121 et
1110 4069 1307 4117 tenera
1329 4075 1443 4115 non
1475 4066 1738 4123 vocatur;
1771 4055 1909 4125 quia
1939 4070 2100 4110 mens

396 4166 592 4242 pravis
623 4155 929 4218 desideriis
959 4154 1175 4242 dedita,
1204 4150 1261 4205 in
1290 4164 1359 4242 eo
1389 4149 1467 4217 (ὁ)
1499 4146 1657 4242 quod
1687 4144 2101 4242 anxie-appeti?

395 4234 575 4328 hujus
606 4249 803 4309 saeculi
832 4246 1026 4303 labore
1056 4240 1424 4311 relinquitur,
1444 4246 1504 4292 ut
1528 4238 1680 4328 foras
1705 4236 1921 4291 mundo
1942 4234 2101 4290 velut

396 4326 608 4404 ancilla
638 4338 873 4404 serviat,
905 4352 1027 4405 quae
1061 4331 1220 4387 intus
1250 4330 1429 4385 Deum
1464 4332 1527 4383 ut
1576 4326 1697 4381 {ilia
1728 4341 2097 4397 nequaquam

2286 1816 2375 1869 26.
2412 1817 2628 1870 Latitia
2676 1830 2959 1871 servorum
2985 1817 3083 1870 Dei
3139 1831 3269 1870 vera
3298 1834 3317 1881 ;
3351 1816 3546 1871 laetitia
3599 1818 3939 1888 iniquorum

2218 1923 2286 1961 ex
2329 1909 2573 1971 insania,
2622 1922 2736 1960 non
2784 1923 2853 1961 ea:
2903 1907 3187 1977 sospitate.
3220 1934 3286 1949 —
3323 1905 3475 1963 Bene
3499 1922 3630 1978 ergo
3663 1906 3889 1962 dicitur
3922 1924 3939 1963 :

2221 1998 2326 2059 Qui
2348 1999 2508 2067 ponit
2540 1996 2767 2051 humiles
2798 1999 2855 2050 in
2878 1997 3116 2051 sublimi.
3148 1998 3335 2068 Atque
3356 2000 3490 2067 apte
3510 1996 3939 2069 subjungitur:

2214 2089 2285 2142 Et
2339 2092 2625 2141 mcerentes
2682 2088 2845 2155 erigit
2874 2088 3155 2157 sospitate.
3199 2085 3362 2159 Saepe
3420 2086 3478 2140 in
3537 2086 3644 2142 hoc
3696 2087 3945 2142 mundo

2214 2177 2390 2231 etiam
2422 2174 2536 2229 laeti
2568 2175 2811 2246 quilibet
2842 2175 3013 2231 erecti
3058 2179 3215 2243 sunt,
3268 2175 3408 2230 dum
3442 2175 3515 2230 de
3560 2174 3681 2245 ipsa
3722 2175 3946 2246 gloria

2212 2280 2331 2320 suae
2363 2262 3200 2335 prosperitatisintumescunt.
3232 2261 3345 2319 Sed
3383 2268 3688 2320 mmrentes
3713 2262 3943 2318 Domi~

2214 2370 2321 2410 nus
2351 2354 2629 2425 sospitate
2650 2353 2841 2425 erigit,
2868 2354 3001 2424 quia
3023 2352 3273 2409 afﬂictos
3295 2368 3431 2408 suos
3454 2352 3524 2407 ad
3548 2352 3799 2424 gloriam
3838 2368 3946 2407 ve-

2212 2460 2287 2498 rae
2318 2443 2531 2498 laetitiae
2563 2443 2848 2498 soliditate
2898 2442 3174 2498 sustollit.
3206 2442 3491 2513 Sospitate
3534 2444 3773 2514 quippe,
3812 2458 3946 2499 non

2210 2533 2435 2589 insania
2465 2534 2641 2589 erecti
2675 2537 2831 2597 sunt,
2866 2532 2968 2604 qui
2999 2531 3057 2587 in
3106 2532 3278 2588 bonis
3309 2532 3535 2589 actibus
3582 2531 3785 2603 positi,
3825 2548 3946 2603 spe

2210 2624 2270 2678 in
2294 2622 2479 2678 Deum
2515 2624 2685 2678 ﬁrma
2715 2621 3107 2693 gratulantur.
3142 2621 3621 2687 Nonnullienim,
3654 2621 3820 2676 sicut
3856 2620 3954 2675 di-

2207 2712 2427 2777 ximus,
2471 2716 2526 2767 et
2576 2711 2913 2783 iniquitates
2982 2714 3338 2783 perpetrant,
3398 2715 3457 2767 et
3501 2710 3751 2782 gaudere
3815 2726 3945 2765 non

2209 2808 2440 2859 cessant
2473 2824 2487 2872 ;
2522 2804 2592 2859 de
2624 2804 2837 2874 quibus
2869 2818 2971 2874 per
2991 2802 3363 2859 Salomonem
3396 2802 3603 2859 dicitur
3633 2819 3648 2857 :
3685 2802 3801 2865 Qui
3836 2804 3941 2855 lc-

2210 2899 2405 2949 tantur
2451 2910 2572 2949 cum
2601 2894 3002 2961 malefecerint,
3044 2900 3095 2947 et
3131 2893 3414 2948 exsultant
3461 2895 3521 2945 in
3571 2892 3726 2945 rebus
3740 2895 3943 2961 pessi-

2205 2987 2306 3038 mis
2325 2985 2517 3055 (Prov.
2544 3000 2606 3051 Il,
2642 2983 2747 3052 14).
2789 2983 2858 3037 Et
2885 2999 3116 3037 rursum
3154 2998 3167 3037 :
3201 2983 3347 3037 Sunt
3378 2983 3551 3052 impii,
3583 2984 3681 3050 qui
3719 2984 3805 3033 ita
3840 2998 3941 3035 se-

2205 3076 2329 3128 curi
2357 3080 2507 3138 sunt,
2540 3088 2604 3127 ac
2631 3074 2680 3127 si
2724 3072 3010 3142 justorum
3067 3074 3221 3140 facta
3277 3068 3519 3125 habeant
3547 3069 3748 3141 (Eccle.
3797 3086 3938 3141 vni,

2206 3162 2317 3234 14).
2351 3161 2419 3217 Hi
2461 3162 2739 3217 nimirum
2773 3178 2887 3217 non
2938 3160 3221 3232 sospitate
3252 3159 3579 3231 eriguntur,
3621 3158 3722 3214 sed
3752 3157 3944 3215 insa-

2207 3250 2326 3319 nia,
2357 3251 2457 3321 qui
2495 3248 2843 3318 superbiunt
2884 3264 3020 3304 cum
3064 3247 3245 3319 afﬂigi
3295 3247 3649 3311 debuerant;
3690 3250 3746 3300 st
3783 3247 3940 3303 inde

2210 3340 2407 3395 miseri
2439 3339 2499 3393 in
2523 3339 2910 3394 exsultatione
2933 3338 3220 3405 deﬂuunt,
3253 3336 3408 3392 unde
3436 3353 3471 3391 a
3492 3336 3659 3391 bonis
3682 3335 3939 3392 ﬂentur.

2209 3428 2688 3485 Phreneticorum
2720 3427 2990 3484 videlicet
3038 3426 3312 3483 sensibus
3343 3425 3590 3490 similes,
3624 3426 3937 3482 insaniam

2210 3535 2327 3590 qua
2360 3517 2694 3591 praevalent,
2726 3520 2995 3574 virtutem
3045 3522 3293 3590 putant;
3328 3517 3425 3588 qui
3456 3533 3525 3572 ex
3552 3518 3753 3571 morbo
3789 3532 3937 3573 esse

2211 3610 2481 3665 nesciunt
2511 3609 2640 3675 hoc,
2673 3608 2825 3679 quod
2859 3607 3113 3680 amplius
3142 3610 3302 3663 sanis
3334 3609 3616 3677 possunt;
3657 3608 3712 3659 et
3738 3605 3933 3676 quasi

2210 3699 2461 3754 crevisse
2483 3715 2545 3753 se
2566 3698 2790 3753 viribus
2818 3697 3132 3765 aestimant,
3156 3697 3295 3751 dum
3320 3696 3391 3751 ad
3442 3695 3571 3751 vita;
3595 3692 3929 3749 terminum

2210 3805 2313 3861 per
2336 3792 2651 3860 augmenta
2682 3787 2980 3859 languoris
3009 3786 3496 3859 apprOpinquant.
3520 3783 3625 3848 Qui
3658 3783 3799 3855 quia
3832 3800 3934 3839 ra-

2208 3879 2385 3935 tionis
2418 3894 2658 3935 sensum
2693 3894 2807 3933 non
2831 3877 3066 3943 habent,
3086 3876 3322 3943 ﬂentur,
3345 3879 3402 3930 et
3423 3874 3644 3938 rident;
3671 3875 3725 3927 et
3742 3875 3931 3929 tanto

2207 3969 2268 4024 in
2303 3985 2513 4040 magna
2560 3967 2943 4023 exsultatione
2973 3982 3036 4021 se
3075 3964 3342 4031 dilatant,
3373 3967 3592 4033 quanto
3620 3966 3677 4017 et
3706 3962 3931 4016 insen-

2209 4056 2404 4112 sibiles
2464 4054 2679 4111 malum
2712 4055 2867 4125 quod
2920 4054 3221 4124 patiuntur
3279 4053 3567 4123 ignorant.
3626 4047 3934 4118 Sospitate

2209 4163 2343 4218 ergo
2373 4145 2652 4201 Dominus
2686 4148 2992 4200 maerentes
3020 4143 3212 4215 erigit,
3245 4140 3377 4213 quia
3406 4140 3717 4195 electorum
3741 4154 3939 4195 mens

2211 4252 2325 4291 non
2359 4236 2430 4289 de
2467 4234 2767 4305 praesentis
2822 4233 2949 4288 vitae
2998 4232 3246 4299 insania,
3298 4232 3398 4286 sed
3446 4230 3517 4284 de
3565 4228 3941 4285 certitudine

2210 4332 2438 4383 aeternae
2470 4326 2677 4382 salutis
2710 4324 3026 4381 hilarescit.
3063 4323 3226 4380 Unde
3256 4327 3387 4393 apte
3417 4336 3552 4376 mox
3572 4318 3639 4373 de
3661 4317 3772 4372 hac
3793 4316 3943 4389 ipsa

399 4437 581 4493 amat.
617 4428 779 4484 Unde
808 4429 866 4479 et
897 4422 1113 4478 molam
1145 4418 1365 4485 tollere,
1400 4435 1465 4473 ac
1498 4415 1748 4472 farinam
1772 4414 2103 4483 molereju-
2135 4415 2180 4479 Ι)
2211 4434 2519 4491 pravorum
2554 4417 2953 4472 destructione
2983 4414 3353 4484 subjuugitur
3385 4428 3398 4469 :

398 4526 589 4580 betur.
626 4515 774 4573 Mota
813 4514 871 4568 in
905 4526 1112 4583 gyrum
1163 4508 1419 4575 ducitur,
1464 4510 1522 4562 et
1562 4505 1743 4561 farina
1796 4503 2100 4575 profertur.

398 4614 773 4681 Unaquaeque
802 4606 991 4657 autem
1018 4597 1220 4653 mundi
1248 4596 1425 4666 hujus
1465 4595 1614 4650 actio
1657 4593 1811 4650 mola
1839 4598 1942 4655 est,
1976 4608 2103 4664 quas

399 4705 541 4760 dum
575 4695 789 4753 multas
834 4705 1002 4745 curas
1033 4687 1310 4757 congerit.
1363 4685 1652 4739 humanas
1684 4688 1907 4738 mentes
1937 4681 2102 4753 quasi

398 4809 501 4866 per
530 4802 733 4861 gyrum
765 4780 929 4837 vertit
962 4798 976 4847 ;
1010 4782 1186 4848 atque
1220 4791 1286 4830 ex
1316 4791 1378 4829 se
1410 4774 1565 4866 velut
1601 4771 2100 4866 farinasprojicit,

397 4861 536 4958 quia
558 4878 794 4936 seducto
813 4870 1005 4933 corde,
1026 4882 1252 4937 semper
1273 4864 1703 4921 minutissimas
1725 4861 2102 4934 cogitationes

395 4952 600 5049 gignit.
651 4967 802 5040 [Vet.
876 4958 1485 5049 Xl.]rNonnunquam
1544 4969 1677 5049 vero
1728 4954 1838 5049 qui
1870 4952 2102 5049 quietus

397 5040 645 5130 alicujus
701 5067 830 5111 esse
888 5048 1077 5106 meriti
1136 5048 1410 5112 creditur,
1470 5043 1695 5116 positus
1726 5042 1786 5096 in
1846 5040 2105 5111 qualibet

400 5154 623 5208 actione
667 5144 1014 5207 denudatur,
1050 5139 1203 5194 unde
1253 5139 1370 5193 illic
1404 5136 1669 5207 protinus
1698 5132 2101 5188 subinfertur:

401 5240 634 5293 Denuda
692 5232 1091 5305 turpitudinem
1178 5234 1348 5291 tuam,
1424 5224 1727 5292 discooperi
1798 5221 2102 5287 humerum,

401 5328 582 5384 revela
613 5324 687 5395 (ο)
718 5339 905 5391 crura,
938 5322 1116 5379 transi
1144 5321 1374 5389 ﬂumina
1420 5313 1608 5387 (1bid.,
1642 5313 1718 5383 2).
1754 5313 1817 5367 In
1848 5309 2104 5366 admini-

477 5588 557 5661 (a)
593 5583 895 5669 Bellonae,
920 5582 1046 5638 Val.
1070 5582 1152 5639 Cl.
1188 5584 1243 5637 et
1264 5596 1409 5651 pene
1440 5577 1777 5648 omnes,qui
1796 5576 2107 5647 voluptates

399 5672 733 5739 proprias-ﬁ
852 5726 888 5739 Α
962 5726 975 5739 ‘
1053 5725 1089 5739 η
1266 5720 1471 5739 νιηᾼη
1570 5737 1607 5739 Α

477 5720 557 5811 (ὁ)
589 5730 652 5788 In
683 5730 815 5785 Mss.
848 5726 1017 5784 Corb.
1051 5725 1222 5781 Germ
1254 5725 1311 5779 et
1339 5720 1525 5793 Colb.,
1555 5737 1713 5795 quem
1741 5724 1928 5779 anxie.

2834 4504 3065 4561 CAPUT
3096 4503 3268 4560 XVII.

2287 4597 2442 4653 I94
2478 4595 2651 4651 Vsas.
2672 4596 2759 4651 12.
2793 4596 2975 4660 —Qui
3002 4595 3235 4663 dissipat
3262 4594 3621 4662 cogitationes
3646 4589 3948 4658 maligno-

2206 4705 2329 4744 rum
2363 4705 2428 4742 ne
2452 4686 2671 4757 possint
2702 4686 2929 4756 implere
2960 4699 3155 4739 manus
3198 4698 3385 4737 eorum
3418 4680 3564 4752 quod
3606 4687 3939 4749 ceperant.

2275 4778 2364 4831 27.
2398 4778 2670 4832 Malorum
2714 4792 2853 4845 sape
2902 4790 3066 4830 cassae
3093 4780 3224 4829 sunt
3254 4773 3634 4841 cogitationes,
3668 4784 3763 4822 nec
3812 4770 3938 4822 mi-

2207 4884 2309 4923 nus
2341 4884 2435 4921 rea
2456 4867 2808 4921 conscientia.
2845 4896 2911 4904 —
2943 4862 3340 4934 Rsproborum
3374 4863 3597 4915 mentes
3623 4859 3936 4931 perversis

2208 4954 2647 5027 cogitationibus
2678 4969 2909 5025 semper
2938 4951 3269 5024 invigilant,
3319 4950 3415 5007 sed
3448 4948 3789 5021 plerumque
3822 4945 3929 5003 eis

2209 5062 2462 5117 superna
2520 5044 2819 5115 dispensio
2878 5041 3095 5107 obviat,
3126 5045 3182 5096 et
3239 5038 3509 5112 quamvis
3566 5034 3931 5108 pravitatem

2210 5133 2433 5192 consilii
2458 5150 2562 5188 nec
2584 5132 2751 5188 fracti
2774 5129 3222 5187 adversitatibus
3253 5126 3570 5201 corrigant,
3595 5140 3665 5179 ne
3710 5128 3933 5179 tamen

2209 5230 2409 5281 contra
2440 5223 2623 5279 bonos
2654 5222 3015 5293 praevaleant,
3041 5235 3239 5276 eorum
3270 5218 3419 5272 vires
3449 5216 3721 5271 refrenat.
3751 5213 3935 5278 Quos

2211 5318 2415 5369 contra
2444 5313 2587 5369 miro
2634 5311 2851 5384 judicio
2884 5311 3090 5383 agitur,
3127 5314 3190 5363 ut
3245 5306 3452 5363 eﬂ'ectu
3487 5303 3723 5377 quidem
3754 5303 3932 5375 pravi

2286 5566 2361 5636 (ο)
2394 5562 2734 5636 Compend.,
2767 5558 3078 5636 Bellovae,
3112 5555 3306 5612 Germ.
3339 5558 3396 5610 et
3427 5550 3713 5625 plerique,
3737 5552 3933 5607 revela

2215 5631 2362 5694 crus.
2395 5644 2450 5707 et
2484 5631 2654 5707 infra,
2686 5648 2812 5688 crus
2840 5631 3068 5707 revelat.
3095 5701 3111 5707 _
3163 5704 3183 5707 _
3390 5702 3401 5707 _
3545 5696 3556 5707 .

2287 5710 2365 5781 (ἀ)
2399 5706 2536 5763 Mss.
2570 5701 2771 5763 Nerm.
2803 5709 2861 5761 et
2890 5701 3010 5770 alii,
3043 5701 3114 5760 ad
3145 5704 3349 5775 flumen
3380 5701 3603 5754 transtt.
