4134 6174
233 261 356 322 745

1191 256 1596 320 MOltALIUM
1645 254 1789 315 LIB.
1836 253 1936 314 VI.
1986 284 2060 298 —

2105 252 2181 312 IN
2226 253 2392 314 CAP.
2441 254 2489 314 V
2534 254 2600 314 Β.
2648 255 2806 316 JOB.
3646 260 3762 321 746

233 401 436 472 operis
468 405 718 467 careant,
751 402 807 456 et
837 404 1030 454 tamen
1054 397 1227 468 justas
1251 395 1550 452 sententia:
1571 392 1790 466 judicis
1821 407 1945 447 reos
1972 391 2027 454 Α
2057 391 2246 446 conati
2269 393 2426 452 sunt.
2461 392 2760 449 renitendo
2792 392 3136 450 servierunt.
3161 390 3301 448 Inde
3330 393 3544 467 quippe
3574 396 3766 454 coacti

235 493 612 554 conscientiae
655 491 906 549 addicat.
947 487 1112 555 Quod
1141 503 1272 557 ergo
1307 487 1461 542 mala
1498 485 1774 554 cogitant,
1808 480 1945 555 quid

233 585 357 658 ipsi
389 583 604 640 faciant
646 581 1001 647 ostendunt;
1041 578 1194 650 quod
1228 593 1356 632 vero
1391 575 1542 630 male
1579 572 1816 644 implere
1851 587 1950 626 ne-

240 677 490 749 queunt,
523 671 581 727 hi
636 677 836 729 contra
884 687 1033 742 quos
1082 670 1497 740 cogitaverant,
1538 663 1949 721 defenduntur.

235 765 406 821 Unde
435 766 490 819 et
523 761 712 817 adhuc
743 762 890 816 bene
923 758 1228 815 subditur:

693 848 926 905 CAPUT
966 848 1145 902 XVIII
1185 847 1327 918 [Rea
1363 844 1494 915 XII].

305 942 480 999 Vens.
517 942 602 996 13.
637 971 704 980 --
737 940 843 1007 Qui
882 936 1290 1008 comprehendit
1330 934 1604 1006 sapientes
1636 933 1689 985 in
1741 932 1952 986 astutia

234 1047 450 1099 eorum,
477 1037 528 1086 et
561 1028 794 1085 consilia
823 1043 1117 1099 pravorum
1143 1025 1396 1095 dissipat.

309 1122 398 1176 28.
434 1119 534 1176 Dei
576 1116 833 1174 consiliis
880 1116 1197 1183 renitentes,
1229 1117 1366 1186 ipsis
1409 1113 1760 1183 famulantur
1805 1111 1951 1165 invi-

233 1213 302 1269 ti.
339 1209 661 1268 Ostenditur
698 1207 964 1279 exemptis
992 1209 1235 1276 fratrum
1272 1202 1486 1275 Joseph,
1537 1203 1746 1269 Saulis,
1776 1202 1950 1268 Jonas,

233 1303 579 1360 Iudaeorum.
611 1330 680 1340 -—-
712 1299 876 1369 Saepe
906 1298 1058 1352 enim
1096 1294 1359 1351 nonnulli
1393 1295 1650 1349 humana
1669 1289 1956 1364 sapientia

233 1392 445 1459 inﬂati,
477 1391 618 1445 dum
667 1387 972 1443 desideriis
1018 1386 1143 1441 suis
1175 1386 1372 1440 divina
1394 1383 1621 1455 judicia
1668 1380 1957 1437 contraire

235 1480 630 1552 conspiciunt,
656 1477 864 1534 astutia
888 1477 971 1532 eis
994 1475 1263 1532 reluctari
1291 1472 1823 1529 machinationibus
1855 1485 1953 1526 co-

239 1575 464 1628 nantur
495 1587 508 1635 ;
537 1573 591 1624 et
612 1584 726 1640 quo
747 1567 814 1621 ad
850 1570 1047 1621 votum
1084 1581 1255 1620 suum
1289 1565 1404 1619 vim
1439 1577 1706 1633 supernae
1731 1560 1959 1628 dispen-

239 1657 486 1716 sationis
509 1658 905 1727 intorqueant,
929 1653 1155 1708 callidis
1181 1650 1633 1722 cogitationibus
1653 1647 1954 1709 insistunt,

2055 489 2194 539 sunt
2223 481 2323 538 Dei
2349 482 2705 538 voluntatem
2733 497 3022 554 peragere,
3058 483 3214 539 unde
3235 482 3386 540 hanc
3409 484 3592 542 moliti
3625 495 3764 544 sunt

2057 575 2247 626 astute
2284 574 2665 626 commutare.
2708 571 2800 627 Sic
2839 571 3102 626 divinum
3143 571 3452 628 consilium
3489 574 3626 630 dum
3658 575 3762 630 de-

2053 662 2290 728 vitatur,
2334 661 2741 732 impletur;sic
2767 662 3017 717 humana
3062 661 3349 732 sapientia
3398 663 3538 719 dum
3571 663 3767 722 reluc-

2057 756 2230 818 tatur,
2280 751 2812 823 comprehenditur.
2863 751 3211 807 Timuerunt
3257 752 3480 821 fratres,
3517 756 3664 812 1θῦ
3694 771 3768 812 ne

2055 841 2262 912 Ioseph
2305 858 2480 913 super
2509 859 2608 899 eos
2637 849 3016 909 exerceceret;
3057 841 3158 897 sed
3207 841 3315 896 hoc
3357 845 3512 914 quod
3551 844 3768 901 divini-

2055 932 2153 985 tus
2186 931 2536 1002 dispositum
2578 932 2782 1000 fuerat,
2833 931 3086 986 cavendo
3118 930 3337 986 factum
3373 937 3462 987 est
3492 937 3553 990 ut
3582 934 3768 990 eveni-

2058 1024 2160 1075 ret.
2195 1021 2458 1076 Humana
2487 1037 2623 1093 ergo
2663 1022 2952 1094 sapientia
2991 1021 3050 1076 in
3081 1036 3142 1076 se
3177 1020 3306 1092 ipsa
3343 1023 3770 1093 comprehensa

2058 1113 2165 1173 est,
2201 1127 2326 1180 quae
2350 1109 2629 1166 voluntati
2653 1111 2774 1179 Dei,
2807 1111 2959 1167 unde
2991 1126 3090 1182 per
3113 1109 3496 1167 intentionem
3529 1115 3766 1183 restitit,

2058 1197 2127 1269 (c)
2158 1197 2290 1253 inde
2320 1201 2444 1267 ejus
2483 1200 2806 1270 impletioni
2841 1199 3128 1256 militavit.

2131 1289 2266 1361 [Vet.
2306 1291 2468 1362 XIII.]
2514 1291 2602 1347 30.
2649 1291 2743 1349 Sic
2788 1290 2922 1347 Saul
2986 1290 3128 1346 dum
3200 1290 3374 1344 David
3445 1295 3774 1366 subjectum

2060 1379 2394 1450 quotidiano
2433 1397 2798 1438 succrescere
2830 1381 3112 1438 virtutum
3151 1393 3427 1437 successu
3471 1386 3775 1456 conspice-

2060 1472 2168 1535 ret,
2214 1483 2379 1524 suam
2418 1471 2466 1525 ei
2519 1471 2577 1526 in
2626 1472 2963 1543 conjugium
3011 1468 3187 1524 filiam
3232 1471 3568 1541 spopondit,
3603 1477 3778 1548 atque

2062 1557 2121 1611 in
2153 1557 2282 1627 ejus
2313 1559 2505 1613 dotem
2530 1563 2764 1614 centum
2797 1559 2921 1614 dari
2953 1558 3025 1613 ab
3057 1573 3122 1612 eo
3152 1555 3602 1616 Philistinorum
3636 1579 3782 1634 pras-

2065 1646 2227 1718 putia
2255 1647 2436 1718 petiit,
2473 1652 2532 1702 ut
2552 1665 2685 1703 cum
2721 1654 3065 1719 provocatus
3099 1645 3267 1704 miles
3291 1648 3446 1707 ultra
3487 1668 3549 1709 se
3593 1669 3783 1710 excre-

239 1745 552 1803 subtiliora
598 1743 842 1801 consilia
890 1743 1228 1814 exquirunt;
1272 1741 1372 1797 sed
1422 1741 1556 1794 inde
1600 1737 1954 1794 voluntatem
1987 1779 2035 1844 Β
2069 1751 2228 1792 scere
2261 1742 2557 1809 quaereret,
2591 1738 2966 1794 inimicorum
2990 1739 3196 1809 gladiis
3227 1742 3483 1799 traditus
3509 1742 3684 1798 vitam
3720 1743 3780 1798 fi-

235 1836 342 1892 Dei
376 1839 684 1908 peragunt,
720 1834 874 1889 unde
906 1833 1057 1888 hanc
1092 1833 1403 1887 immutare
1437 1828 1830 1892 contendunt;
1867 1830 1955 1881 at-

238 1941 353 1999 que
383 1924 799 1995 omnipotentis
831 1922 932 1978 Dei
963 1921 1230 1985 consilio,
1264 1921 1403 1975 dum
1439 1918 1708 1974 resistere
1769 1915 1960 1970 nitun-

232 2021 355 2082 tur,
388 2016 816 2086 obsequuntur,
853 2011 991 2083 quia
1022 2027 1173 2082 saepe
1203 2015 1259 2064 et
1290 2010 1397 2065 hoc
1429 2008 1553 2078 ejus
1584 2002 1956 2078 dispositioni

237 2107 371 2176 apte
407 2103 644 2171 militat,
677 2102 831 2173 quod
878 2101 926 2156 ei
962 2117 1062 2171 per
1104 2099 1425 2155 humanum
1457 2097 1714 2152 studium
1758 2091 1958 2148 frivole

240 2195 502 2252 resultat.
529 2191 831 2264 Sapientes
858 2207 994 2262 ergo
1043 2190 1326 2246 Dominus
1355 2188 1417 2244 in
1447 2187 1576 2259 ipsa
1624 2199 1821 2241 eorum
1873 2199 1958 2236 as-

239 2284 387 2341 tutia
441 2281 904 2354 comprehendit,
952 2279 1185 2351 quando
1235 2279 1362 2348 ejus
1402 2275 1663 2332 consiliis
1697 2274 1956 2328 humana

237 2374 394 2434 facta
437 2375 616 2430 etiam
667 2377 806 2428 tunc
857 2387 1112 2442 congrue
1162 2369 1445 2434 serviunt,
1478 2383 1610 2422 cum
1652 2364 1952 2430 resistunt,

234 2466 396 2533 Quod
433 2463 639 2521 melius
687 2461 1078 2527 ostendimus,
1127 2460 1174 2515 si
1199 2474 1382 2531 pauca
1430 2462 1726 2529 gestarum
1760 2465 1952 2509 rerum

234 2557 310 2613 ad
343 2556 602 2611 medium
632 2552 898 2623 exempla
927 2551 1302 2622 proferamus.

309 2642 447 2714 [Vet.
502 2640 639 2712 Xll.]
703 2641 791 2694 29.
870 2637 1087 2708 Joseph
1143 2636 1438 2692 somnium
1497 2632 1738 2700 viderat,
1795 2629 1950 2702 quod

238 2746 350 2787 suo
373 2729 668 2800 manipulo
692 2729 939 2784 fratrum
962 2727 1090 2794 eius
1114 2742 1176 2781 se
1198 2721 1484 2795 manipuli
1507 2719 1954 2793 prosternebant

237 2818 456 2891 (Cenes.
500 2834 713 2881 xxxvu,
761 2816 855 2888 7);
900 2813 1195 2870 somnium
1245 2812 1488 2880 viderat,
1542 2809 1693 2880 quod
1743 2806 1829 2864 sol
1896 2809 1952 2861 et

235 2909 380 2964 luna
406 2923 467 2963 se
496 2923 630 2961 cum
653 2904 888 2975 reliquis
915 2904 1097 2959 stellis
1120 2901 1458 2958 adorabunt.
1506 2901 1639 2964 Quae
1671 2898 1807 2969 quia
1842 2913 1950 2966 pu-

235 3013 298 3053 re
350 2994 622 3050 fratribus
677 2993 892 3062 retulit,
953 3008 1154 3048 eorum
1204 2991 1378 3047 corda
1421 2990 1684 3061 protinus
1746 2988 1951 3041 futurae

235 3084 654 3143 dominationis
681 3083 897 3139 invidia
928 3098 1218 3153 pavorque
1241 3081 1550 3153 percussit.
1583 3080 1847 3147 Cumque
1878 3075 1950 3131 ad

2068 1826 2239 1893 niret,
2273 1828 2422 1882 sicut
2444 1827 2727 1898 scriptum
2750 1833 2862 1883 est:
2893 1833 3011 1886 Non
3043 1829 3201 1884 habet
3235 1848 3335 1887 rex
3363 1847 3578 1888 necesse
3619 1849 3780 1904 spon-

2066 1915 2231 1982 salia,
2263 1917 2376 1971 nisi
2405 1924 2619 1972 tantum
2647 1922 2867 1973 centum
2891 1918 3166 1990 praeputia
3217 1921 3664 1989 Philistinorum,
3723 1931 3785 1979 ut

2069 2005 2165 2073 ﬁat
2196 2006 2334 2060 ultio
2377 2005 2441 2062 de
2485 2005 2727 2062 inimicis
2779 2007 2924 2078 regis
2954 2009 2999 2078 (ι
3039 2009 3168 2077 Reg.
3221 2027 3382 2079 xvm,
3434 2013 3550 2084 25).
3604 2016 3778 2068 Porro

2068 2094 2203 2150 Saul
2224 2096 2754 2167 cogitabattradere
2772 2097 2950 2153 David
2982 2097 3039 2152 in
3065 2114 3275 2156 manus
3289 2101 3734 2158 Philistinorum
3763 2120 3776 2170 ;

2066 2187 2168 2241 sed
2235 2187 2412 2242 David
2464 2188 2866 2258 dispositionis
2910 2188 3133 2246 intimae
3201 2194 3392 2249 favore
3446 2193 3774 2262 roboratus,

2066 2279 2298 2330 centum
2321 2291 2381 2330 se
2413 2277 2551 2332 dare
2575 2277 2895 2347 perhibuit,
2917 2284 2970 2334 et
2995 2281 3248 2340 ducenta
3270 2280 3550 2354 praeputia
3576 2297 3773 2352 repor-

2065 2366 2229 2421 tavit.
2262 2368 2439 2437 Cujus
2473 2367 2752 2422 nimirum
2786 2371 2977 2439 Operis
2999 2371 3134 2428 Saul
3167 2374 3506 2444 argumento
3537 2386 3772 2442 supera-

2061 2458 2178 2524 tus,
2221 2473 2474 2526 superna
2497 2457 2853 2528 providentia
2882 2458 2940 2515 in
2975 2462 3272 2535 sapientia:
3304 2478 3422 2518 sua:
3466 2465 3553 2518 est
3579 2460 3772 2517 consi-

2059 2543 2136 2600 lio
2180 2545 2667 2617 comprehensus;
2709 2548 2845 2616 quia
2882 2551 3033 2605 unde
3092 2551 3516 2608 succrescentis
3566 2549 3771 2605 militis

2061 2635 2236 2690 vitam
2255 2650 2316 2690 se
2342 2635 2706 2708 exstinguere
2735 2637 3002 2706 credidit,
3030 2639 3355 2710 virtutis(d)
3379 2641 3505 2710 ejus
3522 2637 3768 2710 gloriam

2067 2724 2200 2781 inde
2229 2725 2567 2781 cumulavit.

2130 2813 2219 2866 31.
2255 2812 2365 2867 Sed
2408 2812 2546 2884 quia
2590 2831 3008 2886 nonnunquam
3058 2821 3251 2873 astute
3299 2817 3518 2888 aliquid
3567 2831 3769 2887 sapere

2059 2901 2232 2958 etiam
2267 2903 2434 2958 electi
2475 2903 2816 2972 moliuntur,
2849 2903 2994 2961 libet
3044 2907 3115 2962 ad
3166 2906 3427 2963 medium
3462 2905 3642 2962 alium
3673 2921 3768 2960 sa-

2061 2991 2315 3063 pientem
2348 2993 3108 3067 deducere,(e)etquomodo
3131 2996 3190 3052 in
3223 2996 3471 3052 internis
3505 2995 3767 3054 consiliis

2061 3081 2274 3137 astutia
2331 3083 2665 3138 mortalium
2725 3084 3277 3156 comprehendatur,
3338 3086 3765 3142 demonstrare.

237 3191 297 3233 se
331 3177 486 3232 hunc
519 3175 714 3231 venire
743 3150 1164 3245 conspicerent,
1194 3150 1413 3226 malitia
1468 3170 1738 3226 saviente
1787 3166 1946 3221 dixe-
1978 3150 2029 3215 CI
2059 3171 2383 3228 Prudenter
2420 3173 2631 3246 quippe
2660 3174 2840 3230 Jonas
2861 3150 3085 3248 sapere
3113 3150 3315 3244 voluit,
3350 3192 3485 3233 cum
3518 3176 3587 3232 ad
3621 3191 3768 3247 prs-

236 3272 401 3323 runt:
437 3266 568 3320 Ecce
594 3265 898 3320 somniator
919 3263 1013 3317 itte
1037 3263 1204 3321 venit,
1241 3262 1419 3316 venite
1448 3259 1764 3315 occidamus
1795 3271 1944 3325 eum,

235 3361 284 3414 et
336 3359 614 3410 videamus
647 3352 778 3426 quid
812 3352 901 3406 illi
928 3351 1230 3422 proderunt
1258 3353 1471 3405 somnia
1502 3366 1600 3404 sua
1623 3346 1811 3418 (Ibid,
1832 3346 1942 3413 20).

234 3447 496 3517 Cumque
529 3461 588 3500 se
619 3444 747 3514 ejus
780 3441 1040 3497 dominio
1071 3440 1282 3510 subjici
1308 3445 1594 3506 metuunt,
1627 3435 1945 3492 somniato—

233 3552 358 3594 rem
386 3537 444 3590 in
479 3539 721 3606 puteum
754 3534 1077 3603 deponunt,
1106 3545 1357 3601 eumque
1391 3527 1695 3584 Ismaelitis
1753 3533 1944 3580 trans-

232 3625 514 3682 euntibus
539 3622 827 3679 vendunt:
860 3619 959 3692 qui
983 3621 1040 3676 in
1073 3621 1381 3691 .Egyptum
1416 3618 1648 3683 ductus,
1673 3615 1942 3671 servituti

234 3715 529 3781 subditus,
583 3711 825 3768 luxurie:
859 3711 1231 3766 accusatione
1280 3710 1616 3771 damnatus,
1658 3703 1944 3760 castitatis

233 3804 440 3861 merito
472 3803 729 3873 adjutus,
761 3799 1073 3873 pr0phetiae
1109 3798 1332 3869 judicio
1364 3797 1441 3867 (a)
1489 3799 1736 3861 erectus,
1785 3791 1943 3848 omni

230 3897 477 3966 Egypto
510 3893 781 3964 praelatus
810 3893 925 3957 est,
951 3905 1053 3960 per
1082 3903 1395 3959 supernam
1429 3901 1556 3941 vero
1593 3883 1941 3956 sapientiam

233 3983 514 4056 providus
546 3981 835 4036 frumenta
866 3979 1181 4050 congessit,
1209 3985 1261 4032 et
1295 3977 1484 4031 futuro
1530 3973 1785 4046 periculo
1837 3989 1945 4029 ne-

235 4069 806 4129 cessitatisobviavit.
830 4068 1093 4138 Cumque
1124 4067 1182 4120 in
1205 4065 1401 4121 orbem
1427 4064 1500 4135 (ὁ)
1526 4064 1722 4134 gfames
1751 4062 1942 4134 irruit,

234 4163 303 4218 de
343 4159 754 4216 alimentorum
793 4156 1208 4229 praeparatione
1250 4153 1532 4210 sollicitus
1568 4154 1742 4210 Iacob
1793 4151 1943 4208 filios

236 4266 378 4306 suos
402 4249 459 4303 in
488 4248 796 4319 rEgyptum
839 4246 1028 4300 misit:
1055 4244 1154 4316 qui
1189 4243 1612 4299 frumentorum
1645 4242 1947 4315 dispensa-

235 4337 382 4395 tioni
414 4335 791 4409 praepositum
823 4334 1039 4406 Joseph
1073 4333 1398 4389 nescientes
1420 4332 1744 4399 inveniunt,
1777 4339 1946 4404 atque

236 4432 300 4484 ut
333 4433 696 4482 mererentur
723 4424 994 4480 alimenta
1034 4422 1350 4493 percipere,
1397 4438 1599 4477 eorum
1649 4422 1945 4491 dispensa-

2056 3260 2363 3317 dicandam
2397 3262 2465 3333 (Ῑ)
2495 3262 2885 3319 Ninivitarum
2918 3265 3320 3336 pceuitentiam
3353 3264 3594 3333 missus,
3627 3264 3768 3335 quia

2053 3351 2254 3408 electis
2325 3351 2599 3424 gentibus
2654 3353 2917 3410 Judaeum
2993 3355 3182 3412 deseri
3264 3355 3485 3426 timuit,
3563 3353 3766 3426 praedi-

2053 3441 2298 3498 cationis
2353 3441 2612 3497 ofﬁcium
2666 3443 2909 3515 implere
2984 3446 3268 3502 recusavit
3349 3448 3522 3518 (J0me
3608 3463 3647 3512 1,
3705 3445 3761 3512 2,

2052 3533 2106 3598 3,
2130 3533 2286 3602 seq.).
2316 3530 2519 3586 Navim
2554 3532 2738 3603 petiit,
2775 3534 2970 3605 fugere
3002 3535 3245 3591 Tharsis
3275 3535 3483 3608 elegit;
3511 3535 3611 3590 sed
3635 3551 3767 3606 pro-

2053 3623 2209 3676 tinus
2238 3627 2553 3693 tempestas
2585 3623 2861 3691 exoritur,
2899 3641 3024 3680 sors
3067 3625 3342 3693 mittitur,
3395 3629 3459 3682 ut
3499 3625 3765 3683 videlicet

2053 3717 2437 3783 cognoscatur
2458 3714 2802 3785 cujusculpa
2825 3731 2984 3772 mare
3005 3717 3461 3774 turbeturJonas
3494 3719 3551 3774 in
3586 3718 3762 3791 culpa

2051 3801 2528 3874 deprehenditur,
2562 3803 2618 3857 in
2645 3805 3002 3874 profundum
3026 3809 3464 3876 mergitur,ceto
3491 3808 3762 3865 sorbente

2051 3893 2379 3958 devoratur,
2411 3895 2589 3963 atque
2637 3892 2774 3949 illuc
2802 3899 3066 3965 gestante
3107 3895 3298 3951 bellua
3331 3895 3610 3965 pervenit,
3644 3914 3761 3969 quo

2050 3981 2134 4037 ire
2164 3986 2370 4052 sponte
2399 3982 2739 4039 contemnit.
2781 3983 2922 4039 Ecce
2954 3984 3261 4056 fugitivum
3291 3983 3390 4039 Dei
3440 3989 3760 4056 tempestas

2053 4070 2292 4137 invenit,
2326 4087 2448 4126 sors
2489 4070 2648 4142 ligat,
2683 4088 2843 4128 mare
2874 4073 3140 4143 suscipit,
3174 4073 3370 4129 bellua
3403 4072 3672 4145 includit,
3703 4079 3762 4132 et

2054 4159 2192 4232 quia
2229 4159 2451 4216 auctori
2510 4177 2616 4216 suo
2659 4161 2894 4217 obedire
2949 4161 3238 4228 renititur,
3272 4163 3342 4218 ad
3401 4163 3594 4219 locum
3644 4179 3758 4236 quo

2055 4249 2271 4304 missus
2304 4249 2512 4315 fuerat,
2572 4266 2675 4304 suo
2725 4265 2857 4306 reus
2909 4266 3139 4307 carcere
3180 4255 3460 4323 portatur.
3510 4252 3761 4308 Jubente

2053 4338 2170 4394 Deo
2203 4337 2536 4394 ministrare
2578 4339 2754 4394 homo
2787 4339 3152 4411 prophetiam
3201 4340 3408 4407 noluit,
3467 4340 3763 4413 aspirante

2055 4435 2169 4484 Deo
2230 4426 2421 4482 bellua
2477 4429 2814 4499 prophetam
2869 4429 3070 4485 vomit.
3139 4429 3586 4501 Comprehendit
3625 4448 3764 4506 ergo

233 4523 419 4574 torem
443 4514 730 4586 compulsi
753 4517 892 4570 sunt
921 4510 1186 4583 pronisin
1205 4515 1419 4567 terram
1455 4510 1777 4566 cervicibus
1809 4510 1942 4567 ado-
1971 4517 2018 4582 Β
2048 4515 2331 4573 Dominus
2363 4515 2651 4587 sapientes
2682 4515 2739 4572 in
2772 4518 2990 4572 astutia
3019 4533 3241 4588 eorum,
3284 4521 3518 4590 quando
3548 4525 3606 4577 et
3653 4520 3768 4580 hoc

232 4620 384 4662 rare.
420 4605 738 4660 Pensemus
769 4618 899 4674 ergo
937 4607 1109 4673 gestae
1167 4601 1247 4658 rei
1305 4602 1591 4667 ordinem,
1635 4616 1945 4671 pensemus

233 4693 529 4768 quomodo
575 4691 869 4763 sapientes
909 4693 967 4746 in
1027 4693 1153 4762 ipsa
1200 4707 1306 4746 sua
1354 4690 1570 4746 astutia
1620 4691 1705 4746 vis
1753 4691 1948 4746 divina

233 4783 709 4856 comprehendat.
744 4783 876 4838 Ideo
927 4781 997 4836 ab
1038 4781 1120 4836 eis
1151 4781 1420 4837 venditus
1472 4781 1654 4836 fuerat
1705 4779 1945 4852 Joseph,

236 4892 310 4932 ne
339 4874 710 4938 adoreretur;
735 4873 836 4927 sed
869 4871 996 4927 ideo
1031 4875 1122 4926 est
1153 4871 1448 4936 adoratus,
1483 4871 1621 4942 quia
1653 4871 1946 4927 venditus.

236 4967 442 5021 Astute
471 4978 724 5033 namque
750 4960 967 5033 aliquid
1007 4976 1176 5032 egere
1207 4960 1334 5016 ausi
1365 4963 1521 5027 sunt,
1571 4964 1634 5014 ut
1665 4959 1764 5016 Dei
1823 4977 1954 5018 con-

239 5052 442 5110 silium
461 5054 816 5116 mutaretur;
843 5050 943 5105 sed
975 5048 1169 5105 divino
1197 5047 1436 5119 judicio,
1481 5049 1630 5119 quod
1664 5048 1952 5106 declinare

313 5245 396 5316 (a)
427 5243 597 5300 Corb.
631 5242 852 5310 Germ.,
901 5250 1131 5300 erectus.
1175 5242 1240 5298 In
1293 5241 1461 5313 Utic.,
1494 5246 1712 5315 ereptus
1751 5246 1806 5299 et
1835 5257 1954 5298 ere-

235 5326 394 5472 mi?)
425 5388 668 5452 Gemet.,
712 5385 784 5442 Ut
835 5385 932 5454 ic.,
976 5385 1103 5441 Val.
1150 5386 1232 5442 Cl.
1283 5389 1338 5442 et
1385 5386 1506 5453 alii,
1555 5391 1728 5460 fames
1771 5388 1956 5443 inhor-

237 5464 648 5673 mll‘gEbroicq
683 5531 802 5599 ejus
844 5531 1145 5584 intentioni
1172 5529 1455 5585 militavit.

314 5606 368 5670 (ὁ
424 5601 756 5673 Vindocin.,
792 5601 1018 5673 Virtutis
1048 5603 1163 5673 eius
1194 5603 1369 5673 gloria
1394 5605 1455 5655 in.

314 5601 390 5671 (Vb)
424 5601 756 5668 Vindocin.,
797 5601 1018 5655 Virtutis
1048 5603 1163 5666 eius
1194 5603 1369 5671 gloria
1394 5602 1516 5657 inde
1544 5603 1844 5658 convaluit.

312 5671 393 5745 (el)
415 5672 759 5742 Compend.,
790 5671 914 5727 Val.
940 5671 1044 5745 Cl.,
1076 5672 1336 5743 l.ongip.,
1360 5673 1525 5728 Corb.
1553 5676 1772 5745 Germ.,
1795 5675 1951 5730 Colb.

236 5743 553 5809 Nerman.,
589 5760 743 5799 unus
779 5744 1079 5800 Vindocin.
1121 5760 1132 5797 :
1162 5745 1223 5798 Et
1255 5759 1357 5817 quo
1386 5746 1516 5800 sinu
1561 5743 1773 5799 interni
1822 5761 1954 5801 con-

578 5843 843 5906 PATBOL.
892 5842 1120 5908 LXXV.

2053 4605 2114 4660 in
2147 4622 2317 4661 usum
2351 4622 2468 4661 suae
2503 4605 2818 4662 voluntatis
2852 4608 3079 4679 redigit,
3115 4625 3216 4681 per
3237 4610 3390 4682 quod
3423 4609 3537 4666 sibi
3560 4611 3766 4668 volun-

2053 4695 2144 4750 tas
2171 4693 2427 4750 humaua
2454 4696 2820 4753 contradicit.

2128 4787 2216 4838 32.
2256 4783 2691 4841 Perscrutemur
2725 4787 2916 4843 adhuc
2963 4787 3329 4843 Hebraeorum
3387 4787 3766 4859 sapientiam,

2057 4878 2122 4932 ut
2151 4872 2453 4931 videamus
2481 4873 2622 4947 quid
2654 4876 3006 4946 providendo
3039 4875 3351 4947 prohibuit,
3400 4876 3537 4947 quid
3571 4876 3771 4947 prohi-

2059 4963 2244 5018 bendo
2277 4963 2625 5033 provocavit.
2658 4964 2819 5021 Certe
2848 4980 2980 5020 cum
3023 4964 3094 5018 ad
3128 4962 3533 5033 Redemptoris
3583 4963 3769 5020 nostri

2061 5053 2346 5109 miracula
2375 5053 2733 5110 credentium
2769 5052 2937 5107 turba
2957 5050 3295 5114 conflueret,
3328 5063 3458 5104 cum
3493 5049 3763 5108 sacerdo-

2060 5243 2183 5300 silii
2236 5245 2438 5300 astutia
2488 5243 2806 5298 mortalium
2843 5238 3336 5311 comprehendatur
3373 5239 3768 5299 demonstrare.

2064 5316 2130 5370 In
2175 5315 2391 5371 Turon.
2454 5314 2692 5385 legitur:
2727 5316 2793 5385 Et
2838 5310 2981 5385 quod
3032 5310 3243 5366 interni
3287 5311 3508 5385 consilii
3553 5313 3771 5385 judicio

2061 5389 2286 5450 astutia,
2335 5390 2442 5441 etc.
2506 5382 2563 5440 S.
2605 5384 2882 5455 Michtet
2931 5382 3146 5455 Germ.,
3197 5390 3250 5438 et
3296 5399 3426 5455 quos
3448 5384 3504 5455 in
3554 5382 3776 5441 interni

2063 5459 2282 5512 consilii
2328 5455 2556 5521 astutia,
2615 5460 2723 5509 etc.
2778 5453 2902 5508 Vet.
2944 5453 3118 5527 Edit.,
3167 5459 3217 5509 et
3267 5453 3528 5527 quomodo
3584 5455 3645 5511 in
3685 5457 3778 5511 in-

2065 5531 2232 5655 tiernit
2259 5527 2482 5611 consilii
2536 5528 2742 5582 astutia
2769 5526 3284 5597 comprehendatur.
3309 5529 3370 5584 In
3417 5527 3774 5600 quibusdam

2110 5616 2204 5654 ees
2261 5617 2340 5654 in.

2110 5605 2232 5654 eest
2261 5602 2340 5654 in.

2134 5671 2206 5742 (Γ)
2240 5671 2485 5740 Ebroic.,
2520 5669 2588 5726 ad
2613 5669 3027 5743 praedicandam
3058 5670 3324 5728 Ninivitis
3369 5671 3772 5745 pteni'tentiam.

3375 5845 3454 5904 ΞΑ
