4156 6178
457 228 571 287 ’747

1723 220 2000 282 SANCTI
2049 218 2420 281 GREGORII
2466 221 2716 283 MAGNI
3778 245 3857 305 7t8

448 371 538 425 tes
586 364 805 439 populi,
846 364 1079 423 invidia
1126 363 1351 421 facibus
1402 361 1652 430 accensi,
1705 360 1993 417 mundum
2027 362 2157 433 post
2185 358 2234 425 Α
2272 358 2398 414 liter
2423 360 2597 416 etiam
2637 377 2705 417 ea
2743 378 2870 434 quas
2907 360 3216 433 subjuncta
3270 366 3422 437 sunt,
3464 382 3642 428 eorum
3684 378 3868 436 caciuﬁ

451 475 587 516 eum
633 459 717 515 ire
767 457 1193 530 proclamarem
1246 454 1547 511 dicentes:
1602 453 1811 509 Videtis
1853 451 1987 524 quia
2016 450 2163 505 nihil

444 548 784 619 proﬁcimus,
828 562 947 602 ecce
988 545 1227 600 mundus
1276 549 1415 599 totus
1465 552 1581 614 post
1629 558 1757 597 eum
1799 541 1936 596 abiit
1980 541 2158 613 (Joan.

447 653 551 707 xu,
586 637 704 707 19);
732 640 794 692 ut
825 636 897 692 ab
928 636 1028 691 illo
1063 635 1180 689 vim
1227 638 1398 689 tantes
1447 630 1851 687 concursionis
1894 629 2161 685 abscide-

449 731 598 796 rent,
630 726 803 782 ﬁnire
836 726 962 797 ejus
993 724 1309 797 potentiam
1344 727 1527 778 morte
1557 723 1745 777 conati
1784 725 1943 787 sunt,
1970 719 2161 775 dicen-

448 820 566 874 tes:
588 816 840 888 Expedit
867 819 927 871 ut
955 830 1098 870 unus
1128 814 1282 870 homo
1320 815 1613 884 moriatur,
1645 820 1697 869 et
1737 827 1843 867 non
1886 816 1996 865 tota
2030 825 2159 880 gens

443 912 632 978 pereat
661 906 844 977 (Joan.
878 921 957 972 χι,
986 904 1100 975 50).
1133 903 1243 958 Sed
1298 902 1700 972 Redemptoris
1733 916 1886 956 mors
1916 901 1987 954 ad
2028 914 2161 953 con-

437 995 806 1066 junctionsm
837 995 926 1050 sui
959 993 1240 1064 corporis,
1275 991 1334 1047 id
1364 995 1449 1048 est
1478 991 1767 1058 Ecclesiae,
1800 989 1998 1054 valuit,
2041 1004 2158 1044 non

445 1086 515 1139 ad
571 1084 1017 1156 separationem.
1083 1082 1241 1138 Unde
1298 1088 1357 1137 et
1406 1098 1505 1152 per
1561 1080 1741 1152 legem
1797 1080 2010 1135 turturi
2070 1079 2158 1134 vel

442 1172 745 1242 columbas,
804 1174 863 1229 in
920 1173 1109 1244 ﬁgura
1156 1172 1340 1228 nostri
1390 1170 1676 1237 sacrificii,
1723 1168 1907 1225 secari
1953 1172 2159 1240 guttur

441 1264 795 1335 pracipitur,
827 1267 884 1319 et
903 1278 1019 1318 non
1045 1262 1280 1334 penitus
1311 1260 1551 1328 abscidi,
1578 1265 1639 1315 ut
1666 1264 1723 1314 et
1748 1264 1878 1330 post
1908 1264 2154 1313 mortem

441 1354 666 1426 corpori
700 1361 871 1425 caput
910 1354 1188 1409 inhaereat
1234 1352 1433 1421 (Leuit.
1481 1369 1520 1419 1,
1574 1350 1852 1422 15);quia
1895 1348 2160 1403 videlicet

437 1444 710 1501 mediator
739 1444 834 1500 Dei
872 1451 926 1500 et
959 1445 1247 1499 hominum
1278 1443 1323 1514 (Ι
1356 1445 1491 1498 lim.
1525 1458 1587 1510 ιι,
1627 1442 1707 1512 5),
1733 1442 1790 1497 id
1822 1445 1928 1507 est,
1977 1442 2160 1510 caput

440 1536 705 1593 omnium
737 1542 1025 1603 nostrum,
1058 1534 1213 1589 100
1243 1542 1296 1589 et
1327 1548 1473 1588 veras
1509 1532 1909 1588 mundationis
1944 1528 2150 1591 hostia,

442 1628 596 1682 unde
627 1642 730 1697 pro
779 1627 947 1681 nobis
988 1630 1232 1680 mortem
1283 1623 1537 1693 pertulit,
1568 1623 1703 1677 inde
1751 1622 1921 1677 nobis
1965 1621 2158 1677 verius

2266 456 2612 521 congruant,
2650 453 3047 509 ostendamus.
3082 452 3389 525 Sequitur:

2747 542 2977 599 CAPUT
2998 542 3117 600 XIX
3150 546 3296 615 [ηερ.
3321 548 3486 619 XIII].

2336 627 2505 684 Vens.
2553 631 2637 687 14.
2677 661 2746 670 -
2784 633 2895 687 Per
2935 633 3081 688 diem
3110 632 3391 690 incurrent
3426 641 3661 707 tenebras,
3703 649 3883 717 etquasi

2266 715 2326 769 in
2349 723 2520 782 nocte,
2552 719 2632 773 sic
2658 718 2971 788 palpabunt
2993 722 3052 775 in
3077 720 3324 777 meridie.

2336 806 2423 860 34.
2463 806 2669 862 Christi
2694 818 3065 879 persecutores
3120 813 3180 866 in
3220 811 3305 866 die
3344 814 3575 872 tenebras
3613 824 3737 889 passi
3771 835 3879 883 sunt.

2264 895 2328 950 Et
2373 898 2531 967 quasi
2555 899 2690 954 cocci
2725 900 3027 970 patparunt
3074 902 3137 956 in
3176 903 3420 961 meridie.
3450 934 3512 948 —
3542 912 3633 963 Per
3666 911 3791 968 diem
3824 919 3881 970 ts-

2263 986 2889 1057 nebrasincurrerunt,
2922 991 3056 1061 quia
3087 991 3144 1045 in
3186 992 3314 1062 ipsa
3361 994 3598 1052 veritatis
3647 1004 3885 1069 presentia

2265 1074 2517 1144 perfidiae
2562 1091 2755 1131 errore
2785 1077 2983 1133 caecati
3014 1083 3169 1134 sunt.
3215 1079 3376 1137 Clare
3423 1084 3621 1156 quippe
3648 1103 3732 1158 per
3767 1089 3880 1146 diem

2263 1164 2535 1233 cernitur,
2577 1182 2677 1235 per
2715 1171 2946 1223 noctem
2995 1185 3128 1225 vero
3178 1174 3372 1226 nostra
3416 1173 3559 1229 acies
3588 1176 3884 1235 obscuratur.

2266 1256 2663 1310 Persecutores
2695 1255 2873 1327 igitur
2903 1257 3307 1329 Redemptoris
3338 1262 3598 1335 nostri(b)
3632 1266 3750 1322 dum
3774 1269 3881 1324 divi-

2264 1358 2348 1396 nas
2377 1344 2609 1399 virtutis
2635 1345 2917 1402 miracula
2947 1353 3270 1417 cernerent,
3295 1354 3351 1405 et
3388 1356 3575 1408 tamen
3605 1355 3665 1409 de
3694 1358 3794 1427 ejus
3815 1360 3885 1415 di-

2261 1431 2502 1487 vinitate
2533 1432 2892 1503 dubitarent,
2926 1437 2984 1490 in
3021 1438 3114 1493 die
3147 1438 3413 1495 tenebras
3443 1443 3588 1511 passi
3620 1450 3751 1514 sunt,
3786 1448 3887 1517 quia

2261 1520 2453 1575 visum
2478 1520 2535 1576 in
2575 1521 2704 1578 luce
2735 1524 3133 1594 perdiderunt.
3176 1527 3324 1583 Hinc
3367 1534 3454 1586 est
3506 1533 3646 1602 quod
3687 1550 3767 1590 eos
3798 1537 3889 1606 ipsa

2260 1608 2381 1665 Lux
2423 1612 2699 1669 admonet
2746 1615 2984 1671 dicens:
3028 1618 3313 1675 Ambulate
3357 1622 3489 1676 dum
3522 1622 3679 1679 lucem
3710 1625 3886 1693 habetis,

440 1714 694 1770 inbmsit.
728 1714 859 1769 Post
890 1714 1207 1769 sectionem
1239 1728 1372 1781 ergo
1400 1716 1576 1783 caput
1619 1710 1869 1765 turturis
1899 1725 2002 1765 suo
2031 1725 2150 1765 cor-
2181 1711 2234 1775 B
2263 1716 2331 1755 ηϐ
2360 1717 2449 1757 v08
2474 1703 2546 1773 (ε)
2568 1705 2802 1760 tenebrae
2830 1708 3289 1778 comprehendant
3316 1712 3496 1781 (Joan.
3540 1729 3629 1778 xu,
3658 1715 3749 1785 35).
3785 1715 3889 1773 Hinc

440 1804 565 1873 pori
605 1803 861 1868 inhaeret,
895 1801 1035 1873 quia
1082 1801 1379 1856 Christum
1421 1801 1493 1855 ab
1537 1800 1787 1855 Ecclesia
1834 1813 1939 1853 nec
1997 1815 2153 1855 mors

438 1892 829 1948 interveniens
860 1891 1089 1947 dividit.
1140 1893 1550 1946 Persocutores
1594 1888 1770 1960 igitur
1805 1893 2154 1960 peregerunt

437 1981 546 2037 hoc
578 1982 733 2054 quod
765 1981 1089 2053 perniciose
1121 1979 1309 2035 moliti
1334 1982 1496 2045 sunt,
1531 1980 1860 2034 intulerunt
1882 1984 2150 2049 mortem,

437 2075 503 2128 ut
531 2072 604 2126 ab
642 2087 708 2126 eo
740 2074 811 2140 (α)
843 2070 1209 2126 absciderent
1241 2067 1879 2124 ﬁdeliumdevotionem
1905 2088 1920 2136 ;
1946 2070 2045 2125 sed
2067 2068 2151 2123 in-

434 2161 507 2216 de
535 2160 678 2215 ﬁdes
726 2159 922 2225 crevit,
958 2160 1112 2215 unde
1153 2158 1304 2214 hanc
1336 2172 1397 2213 se
1428 2158 1796 2227 exstinguere
1827 2157 2149 2215 infidelium

433 2246 746 2303 crudelitas
776 2246 1041 2304 credidit.
1082 2246 1341 2315 Cumque
1382 2262 1440 2300 se
1489 2245 1785 2300 aestimant
1814 2246 1939 2315 ejus
1973 2246 2149 2302 mira-

435 2336 566 2392 cula
598 2337 997 2408 persequendo
1021 2335 1343 2400 abscidere,
1380 2336 1500 2392 haec
1543 2335 1819 2391 nimirum
1855 2335 2147 2407 compulsi

436 2429 579 2482 sunt
610 2424 921 2482 nesciendo
950 2424 1208 2481 dilatare.
1235 2424 1686 2495 Comprehendit
1707 2440 1840 2495 ergo
1866 2424 2145 2482 Dominus

425 2513 717 2585 sapientes
748 2514 808 2570 in
852 2513 1069 2569 astutia
1099 2529 1321 2583 eorum,
1370 2515 1604 2586 quando
1635 2519 1692 2569 et
1724 2514 1832 2569 hoc
1865 2514 1935 2569 ad
1969 2514 2148 2585 pieta-

428 2602 506 2658 tis
533 2619 652 2658 suse
675 2603 1018 2675 obsequium
1044 2604 1272 2675 redigit,
1307 2605 1458 2675 quod
1484 2604 1865 2660 contraillum
1893 2603 2143 2659 humana

433 2692 747 2748 crudelitas
778 2693 1014 2748 exarsit.

500 2782 590 2840 33.
622 2784 765 2838 Deus
802 2782 921 2838 alia
966 2782 1209 2838 concedit
1254 2783 1547 2853 propitius,
1584 2782 1702 2839 alia
1728 2786 1997 2854 permittit
2028 2787 2138 2839 ira-

426 2880 532 2929 tus.
564 2902 635 2915 —-
662 2873 871 2929 Justus
902 2888 1148 2943 namque
1177 2881 1232 2927 et
1272 2874 1602 2929 misericors
1636 2874 1964 2929 mortalium
2014 2882 2140 2930 acta

425 2963 766 3033 disponens,
800 2961 913 3018 alia
942 2963 1207 3018 concedit
1230 2962 1540 3033 propitius,
1574 2964 1684 3018 alia
1706 2966 1990 3034 permittit
2018 2965 2135 3019 ira-

425 3055 553 3120 tus;
582 3058 757 3123 atque
803 3068 871 3108 eo.
900 3068 1024 3123 quas
1073 3053 1377 3122 premittit,
1412 3054 1495 3108 sic
1542 3054 1769 3120 tolerat,
1821 3059 1886 3109 ut
1917 3054 2038 3111 hac
2069 3057 2127 3110 in

427 3142 519 3195 sui
557 3142 783 3197 consilii
849 3158 1020 3197 usum
1068 3146 1273 3197 vertat.
1337 3142 1473 3211 [Vet.
1524 3144 1697 3213 ΜΚ]
1763 3143 1926 3198 Unde
1985 3146 2129 3200 miro

426 3231 598 3288 modo
630 3231 694 3287 lit
724 3235 788 3285 ut
809 3235 865 3284 et
908 3231 1061 3299 quod
1113 3230 1240 3286 sine
1287 3231 1580 3286 voluntate
1624 3232 1725 3286 Dei
1775 3235 1982 3303 agitur,
2031 3249 2129 3287 vo-

421 3320 635 3376 luntati
662 3319 763 3375 Dei
792 3320 1149 3375 contrarium
1183 3336 1296 3375 non
1329 3319 1426 3384 sit,
1472 3321 1608 3389 quia
1640 3322 1775 3375 dum
1810 3322 1866 3375 in
1910 3322 2129 3377 bonum

422 3424 591 3463 usum
634 3408 791 3464 mala
838 3408 987 3464 facta
1030 3412 1354 3475 vertuntur,
1407 3409 1536 3477 ejus
1586 3409 1827 3465 consilio
1880 3410 2130 3467 militant

419 3499 593 3555 etiam
618 3515 745 3570 quas
773 3499 903 3569 ejus
940 3498 1180 3554 consilio
1231 3504 1578 3571 repugnant.
1626 3500 1770 3556 Hinc
1821 3501 1976 3556 enim
2028 3518 2130 3572 per

420 3589 789 3645 Psalmistam
829 3589 1301 3659 diciturzdtagna
1347 3604 1507 3660 Opera
1569 3592 1815 3657 Domini,
1850 3590 2128 3663 exquisita

418 3680 480 3735 in
526 3696 713 3736 omnes
766 3680 1068 3735 voluntates
1126 3680 1246 3749 ejus
1292 3679 1466 3747 (Psal.
1529 3697 1618 3747 cx,
1648 3678 1725 3750 2).
1759 3680 1853 3735 Sic
1910 3682 2127 3752 quippe

416 3771 546 3841 ejus
575 3786 747 3842 opera
779 3784 990 3840 magna
1010 3772 1167 3836 sunt,
1201 3772 1266 3822 ut
1294 3784 1395 3837 per
1444 3784 1615 3823 omne
1646 3770 1794 3837 quod
1830 3770 1901 3824 ab
1934 3771 2123 3827 homi-

415 3859 591 3916 nibus
647 3859 859 3931 agitur,
911 3859 1041 3929 ejus
1086 3857 1354 3913 voluntas
1397 3859 1753 3929 exquiratur.
1796 3858 1939 3913 Nam
1972 3876 2125 3932 saepe

414 3949 552 4007 inde
582 3951 899 4023 perﬁcitur,
934 3950 1085 4004 unde
1116 3947 1317 4019 repelli
1344 3949 1673 4018 putabatur.
1709 3949 1852 4004 Hinc
1884 3966 2119 4006 rursum

412 4039 655 4095 dicitur:
711 4038 911 4094 Omnia
957 4053 1290 4109 quacunque
1340 4037 1513 4092 voluit
1560 4039 1822 4093 Dominus
1878 4041 2006 4107 fecit
2062 4042 2121 4093 in

412 4130 541 4184 ctelo
561 4134 613 4184 et
642 4132 701 4184 in
722 4132 870 4184 terra
917 4128 1081 4197 (Psat.
1117 4142 1342 4192 cxxnv,
1372 4126 1446 4195 6).
1480 4127 1627 4183 Hinc
1675 4128 1949 4183 Salomon
1998 4128 2118 4183 ait:

412 4219 527 4273 Non
558 4228 637 4273 est
660 4218 963 4289 sapientia,
987 4234 1092 4274 non
1125 4221 1201 4272 est
1233 4216 1546 4286 prudentia,
1575 4233 1683 4273 non
1713 4222 1791 4272 est
1821 4218 2115 4274 consilium

2194 3144 2209 3168 '
2237 3139 2620 3208 exquirimus,
2654 3141 2805 3208 quod
2837 3138 3021 3195 oculis
3055 3156 3167 3195 non
3202 3142 3495 3197 videmus.
3535 3142 3700 3197 Judaei
3735 3146 3882 3194 autem

2264 1801 2349 1846 est
2374 1794 2527 1862 quod
2559 1795 2628 1850 de
2658 1795 2862 1852 Judzea
2891 1796 3141 1853 dicitur:
3178 1800 3386 1856 Occidit
3416 1804 3472 1858 ei
3498 1804 3592 1869 sol,
3619 1821 3725 1859 cum
3756 1805 3890 1862 adhuc

2257 1885 2394 1935 esset
2422 1881 2537 1937 dies
2566 1884 2787 1952 (Jerem.
2836 1902 2928 1954 xv,
2960 1887 3037 1954 9).
3074 1887 3218 1943 Hinc
3247 1894 3341 1945 est
3371 1892 3520 1963 quod
3551 1908 3721 1948 vocem
3754 1896 3892 1965 ptent-

2257 1971 2500 2025 tentium
2537 1972 2595 2026 in
2635 1990 2698 2028 se
2731 1975 3011 2046 propheta
3040 1977 3251 2033 iterum
3287 1981 3560 2051 sumpsit,
3590 1983 3786 2038 dicens:
3812 1985 3892 2038 Im-

2254 2060 2501 2129 pegimus
2530 2063 2761 2119 meridie
2803 2070 2963 2135 quasi
2992 2068 3049 2119 in
3084 2070 3347 2136 tenebris,
3382 2072 3440 2125 in
3467 2071 3747 2142 caliginosis
3775 2074 3894 2143 quasi

2255 2153 2456 2205 mortui
2478 2151 2628 2223 (Isai.
2690 2171 2800 2219 th,
2859 2156 2967 2226 10).
3012 2156 3157 2213 Hinc
3199 2159 3415 2214 iterum
3463 2160 3621 2216 dicit:
3658 2162 3720 2232 (ἁ)
3752 2164 3893 2218 Custos

2252 2238 2385 2308 quid
2414 2240 2478 2294 de
2511 2246 2701 2298 nocte?
2729 2248 2908 2300 custos
2949 2246 3083 2317 quid
3112 2247 3177 2302 de
3217 2258 3380 2305 nocte
3408 2250 3602 2307 ?Dia:it
3626 2255 3796 2307 custos:
3825 2252 3892 2306 Ve-

2251 2327 2336 2381 nit
2368 2344 2529 2385 mane
2558 2337 2611 2386 et
2638 2348 2747 2388 nos:
2778 2334 2934 2404 (Isai.
2963 2350 3081 2402 xxI,
3124 2336 3231 2406 11).
3281 2338 3358 2393 De
3391 2349 3550 2395 nocte
3586 2341 3764 2396 etenim
3798 2356 3891 2395 cus-

2249 2424 2341 2477 tos
2377 2423 2553 2491 venit,
2587 2422 2723 2491 quia
2752 2422 2993 2479 humani
3032 2425 3261 2496 generis
3291 2434 3580 2499 protector
3605 2435 3657 2485 et
3678 2430 3892 2486 manifes-

2248 2516 2346 2568 tus
2376 2512 2433 2567 in
2468 2512 2615 2566 197
2655 2527 2824 2568 carne
2866 2514 3158 2584 apparuit,
3216 2521 3274 2572 et
3317 2526 3504 2574 tamen
3561 2519 3697 2574 hunc
3744 2535 3889 2590 pressa

2247 2602 2501 2672 perfidia:
2541 2617 2657 2656 sua:
2713 2600 2971 2656 tenebris
3026 2602 3246 2679 Judasa'
3277 2606 3518 2662 minime
3566 2607 3785 2679 agnovit.
3820 2607 3891 2663 Ubi

2249 2690 2394 2747 bene
2424 2707 2492 2746 ex
2520 2706 2656 2745 voce
2714 2690 2974 2747 custodis
3034 2693 3291 2763 additur,
3343 2696 3492 2752 Venit
3544 2712 3689 2751 mane
3725 2702 3766 2752 et
3796 2712 3893 2763 nos,

2246 2781 2381 2851 quia
2413 2797 2513 2852 per
2542 2781 2671 2849 ejus
2706 2781 3072 2851 presentiam
3106 2786 3162 2838 et
3197 2800 3350 2839 nova
3391 2785 3488 2841 lux
3526 2786 3721 2841 mundo
3752 2784 3891 2840 incla-

2247 2870 2383 2937 ruit,
2414 2874 2471 2926 et
2512 2875 2709 2927 tamen
2750 2872 2808 2925 in
2856 2873 3027 2927 corde
3075 2872 3411 2929 inﬁdelium
3468 2881 3677 2931 vetusta
3725 2875 3893 2930 ascitas

2246 2959 2523 3013 remansit
2571 2959 2714 3029 [Vet.
2764 2960 2894 3029 XV.]
2940 2960 3092 3015 Bene
3133 2969 3332 3016 autem
3386 2962 3631 3018 dicitur:
3682 2962 3813 3027 Quasi
3848 2964 3891 3013 in

2239 3056 2409 3113 nocte,
2440 3050 2517 3104 sic
2541 3050 2851 3120 palpabunt
2881 3051 2941 3103 in
2970 3049 3221 3105 meridie.
3259 3051 3383 3108 Hoc
3414 3053 3619 3124 quippe
3657 3048 3884 3124 palpando

2239 3232 2434 3296 aperta
2462 3228 2589 3298 ejus
2638 3228 2918 3284 miracula
2957 3230 3240 3297 viderant,
3274 3236 3337 3286 et
3383 3232 3566 3287 adhuc
3608 3247 3724 3287 eum
3759 3227 3885 3300 quasi

2239 3317 2545 3387 palpantes
2574 3319 2933 3388 quaerebant,
2967 3334 3098 3374 cum
3133 3320 3430 3377 dicerent:
3474 3323 3583 3390 Quo
3618 3336 3764 3392 usque
3786 3320 3884 3373 ani-

2236 3424 2386 3462 mam
2414 3414 2660 3463 nostram
2699 3409 2849 3464 tollis
2872 3412 2896 3461 γ
2918 3408 2982 3463 Si
3030 3418 3089 3464 tu
3116 3425 3169 3465 es
3212 3412 3496 3483 Christus,
3545 3412 3627 3469 dic
3652 3412 3784 3468 nobis
3808 3426 3881 3481 pa-

2238 3499 2350 3552 lam
2383 3498 2558 3569 (Joan.
2592 3515 2649 3565 x,
2689 3500 2804 3569 24).
2850 3500 2990 3554 Ecce
3014 3500 3440 3557 miraculorum
3461 3503 3557 3558 lux
3577 3508 3698 3557 ante
3730 3500 3884 3556 oculos

2237 3588 2456 3652 aderat,
2492 3595 2545 3642 et
2576 3592 2771 3643 tamen
2828 3588 2884 3643 in
2919 3587 3110 3643 cordis
3140 3590 3227 3645 sui
3264 3592 3541 3648 tenebras
3569 3590 3882 3649 offendentis.

2234 3676 2421 3730 adhuc
2455 3677 2804 3747 requirendo
2836 3677 3168 3748 palpabant.
3201 3679 3466 3742 Quorum
3494 3681 3746 3736 nimirum
3774 3675 3890 3732 cnci-

2232 3768 2324 3819 tas
2346 3766 2417 3820 ad
2448 3766 2873 3832 crudelitatem,
2899 3768 3213 3824 crudelitas
3244 3772 3428 3827 etiam
3458 3787 3634 3842 usque
3653 3770 3716 3825 ad
3744 3773 3891 3839 aperta

2234 3869 2406 3923 opera
2437 3857 2858 3925 persecutionis
2888 3858 3120 3913 exarsit.
3174 3858 3288 3914 Sed
3325 3861 3670 3933 Redemptor
3698 3854 3885 3915 humani

2231 3944 2455 4014 generis
2500 3956 2935 4015 persecutorum
2983 3965 3228 4005 suorum
3284 3952 3563 4007 manibus
3605 3952 3694 4007 diu
3742 3945 3882 4003 teneri

2230 4051 2343 4089 non
2388 4034 2590 4105 potuit.
2619 4035 2779 4091 Unde
2803 4044 2853 4091 et
2887 4036 3151 4107 protinus
3183 4040 3497 4095 subditur:

2883 4126 3111 4184 CAPUT
3147 4128 3273 4184 XX.

2300 4214 2471 4268 Vens.
2502 4216 2584 4270 15.
2610 4247 2674 4257 -
2697 4219 2870 4273 Porro
2891 4219 3103 4273 salvum
3130 4222 3302 4290 faciet
3325 4223 3400 4294 (e)
3422 4238 3645 4293 egenum
3670 4222 3727 4276 de
3742 4217 3882 4288 gladio

410 4314 599 4362 contra
656 4311 946 4363 Dominum
992 4311 1173 4379 (Prov.
1216 4320 1331 4377 XXI,
1370 4308 1482 4379 30).
1532 4308 1721 4363 Restat
1762 4324 1899 4379 ergo
1949 4314 2013 4364 ut
2058 4308 2117 4365 in
2152 4382 2177 4383 ί
2228 4305 2338 4358 oris
2374 4318 2583 4372 eorum,
2617 4315 2668 4361 et
2697 4306 2762 4362 de
2790 4324 2962 4362 manu
2980 4309 3210 4365 violenti
3237 4327 3561 4383 pauperem.

412 4396 638 4450 cunctis
669 4412 799 4466 quae
828 4397 1059 4467 agimus
1088 4397 1204 4451 vim
1230 4414 1492 4467 supernas
1524 4396 2120 4469 voluntatisinquira-
2150 4382 2194 4444 D
2293 4394 2383 4453 35.
2422 4396 2666 4453 Christus
2692 4397 3012 4452 Iudaeorum
3042 4398 3261 4469 linguas
3282 4407 3338 4454 et
3358 4382 3658 4470 gentilium
3681 4396 3883 4471 gladium

411 4500 567 4551 mus,
600 4484 691 4539 cui
733 4484 997 4541 videlicet
1018 4486 1265 4555 cognitas
1295 4487 1466 4542 debet
1498 4491 1695 4542 nostra
1727 4487 1875 4544 actio
1915 4490 2116 4545 devote

408 4572 697 4640 famulari,
731 4578 789 4630 et
817 4573 981 4645 quasi
1013 4575 1221 4630 ducem
1253 4575 1345 4630 sui
1384 4576 1612 4632 itineris
1645 4578 1933 4648 persequi,
1970 4595 2039 4633 ne
2067 4580 2117 4635 ei
2153 4635 2157 4639 .

407 4664 581 4719 etiam
628 4663 832 4720 nolens
881 4663 1108 4729 serviat,
1163 4664 1212 4717 si
1246 4663 1405 4723 hanc
1447 4666 1789 4736 superbiens
1838 4668 2111 4725 declinat.

406 4753 587 4809 Vitari
618 4754 772 4809 enim
803 4755 895 4807 vis
926 4752 1162 4823 superni
1197 4754 1424 4808 consilii
1468 4770 1831 4825 nequaquam
1888 4763 2113 4826 potest;

404 4844 501 4900 sed
536 4860 751 4915 magna
780 4844 892 4900 sibi
925 4844 1133 4899 virtute
1187 4842 1335 4898 hanc
1392 4848 1697 4913 temperat,
1758 4846 1856 4916 qui
1888 4862 1951 4901 se
2005 4848 2115 4903 sub

402 4936 532 5004 ejus
578 4935 820 4991 nutibus
843 4935 1130 5000 refrenat;
1166 4934 1413 5003 ejusque
1443 4933 1552 4988 sibi
1600 4936 1852 5003 pondera
1883 4936 2115 5007 levigat,

404 5026 498 5092 qui
530 5026 678 5083 hanc
698 5026 964 5096 subjecto
995 5024 1184 5079 cordis
1236 5023 1480 5077 humero
1511 5023 1710 5079 volens
1763 5029 1972 5094 portat.
2004 5028 2109 5082 Sed

403 5114 533 5182 quia
550 5121 987 5185 persecutorum
1023 5112 1295 5186 superius
1322 5112 1663 5167 memoriam
1691 5114 1955 5180 fecimus,
1980 5132 2116 5185 qua-

472 5340 1015 5418 (a_)_Ubique_Mss.
1065 5344 1281 5403 habent
1323 5344 1681 5413 absciderent,
1728 5345 2026 5418 abscidere,
2057 5354 2114 5406 et

399 5411 631 5484 similia,
663 5411 764 5483 pro
796 5415 1196 5484 abscinderent,
1227 5421 1335 5473 etc.

469 5482 555 5561 (b)
580 5482 797 5561 Eb-roic.
823 5490 888 5561 _et
907 5485 1015 5561 alii
1038 5482 1336 5555 Norman.,
1365 5489 1496 5561 dum
1519 5491 1727 5547 divinae
1761 5494 1980 5561 pietatis
2009 5495 2112 5549 mi-

402 5554 796 5629 racutaiUtic.
823 5554 1009 5629 habet,
1031 5554 1336 5629 utramque
1366 5560 1693 5616 lectionem.

465 5628 537 5702 (ο)
570 5626 812 5683 Vindoc.
847 5634 899 5680 et
918 5627 1035 5694 alii,
1067 5645 1133 5685 ne
1162 5626 1402 5687 tenebrae
1430 5635 1628 5688 mortis
1652 5650 1747 5689 vos
1766 5636 2107 5707 comprehen-

394 5703 545 5758 danL

2224 4488 2559 4557 resurgendo
2605 4490 2904 4557 superavit.
2925 4517 2995 4526 —
3020 4489 3150 4557 lpse
3180 4488 3399 4560 quippe
3429 4492 3534 4546 iste
3566 4502 3765 4562 pauper
3802 4487 3883 4546 est,

2226 4580 2297 4634 de
2336 4594 2447 4650 quo
2488 4593 2587 4649 per
2634 4576 2882 4631 Paulum
2922 4575 3425 4649 diciturzPrOpter
3472 4596 3568 4634 nos
3612 4592 3789 4647 egenus
3816 4575 3885 4643 [a-

2222 4675 2341 4724 ctus
2370 4676 2469 4736 est,
2503 4683 2630 4722 cum
2661 4666 2814 4721 dives
2842 4670 2999 4721 esset.
3033 4666 3100 4719 Et
3131 4666 3272 4737 quia
3300 4668 3491 4724 Judaei
3522 4669 3883 4725 Dominumac-

2223 4758 2480 4814 cusando
2503 4755 2888 4817 tradiderunt,
2923 4770 3094 4825 quem
3115 4756 3399 4813 traditum
3432 4757 3672 4829 gentiles
3694 4759 3748 4825 (Ι)
3768 4749 3883 4808 occi-

2226 4851 2434 4917 perunt
2463 4847 2535 4915 (Il
2566 4845 2685 4900 Cor.
2710 4859 2828 4910 vui,
2860 4844 2941 4914 9),
2982 4847 3175 4915 potest
3204 4862 3304 4916 per
3333 4847 3453 4903 oris
3481 4846 3724 4917 gladium
3749 4855 3881 4897 accu-

2225 4935 2482 4991 santium
2534 4934 2905 4989 Hebraeorum
2934 4932 3139 5003 lingua
3187 4934 3431 5005 signari,
3465 4937 3535 4991 de
3565 4935 3756 5007 quibus
3802 4942 3878 5000 per

2225 5025 2590 5083 Psalmistam
2665 5022 2919 5078 dicitur:
2958 5024 3093 5078 Filii
3148 5024 3459 5093 hominum,
3503 5026 3679 5081 dentes
3729 5033 3879 5079 eorum

2221 5132 2378 5172 arma
2443 5121 2499 5168 et
2554 5113 2795 5184 sagittae,
2856 5116 2907 5168 et
2969 5112 3166 5181 lingua
3214 5130 3404 5169 eorum
3455 5116 3716 5172 machara
3757 5112 3882 5167 acuta

2292 5343 2368 5416 (ά)
2402 5344 2463 5398 In
2507 5340 2651 5416 Utic.
2682 5346 2733 5395 et
2767 5338 2959 5397 Germ.
3005 5346 3291 5399 correcta:
3321 5341 3507 5400 Custos
3539 5345 3630 5416 qui
3663 5342 3722 5397 ιΙε
3746 5344 3883 5399 nocte,

2220 5413 2409 5472 Custos
2442 5414 2537 5485 qui
2567 5413 2631 5468 de
2659 5422 2832 5468 nocte.

2289 5491 2361 5556 (e)
2393 5480 2564 5556 Deest
2616 5500 2843 5554 egenum
2875 5485 2933 5540 in
2958 5484 3298 5555 Compend.,
3332 5486 3559 5555 Norm.,
3590 5488 3714 5553 etc.,
3743 5480 3821 5537 hic
3844 5480 3884 5534 et

2216 5555 2493 5628 deinceps
2513 5555 2611 5611 ubi
2642 5556 2797 5628 idem
2832 5563 3017 5611 textus
3052 5558 3361 5628 profertur.

2288 5632 2350 5701 (n
2384 5624 2489 5683 Pro
2529 5627 2862 5701 occiderunt,
2914 5624 3066 5701 quod
3118 5628 3328 5699 legitur
3367 5630 3425 5684 in
3468 5628 3603 5685 Mss.
3647 5625 3798 5684 Gilot.
3838 5624 3879 5676 et

2214 5698 2312 5772 aL,
2333 5698 2580 5758 'Recent.
2616 5698 2831 5756 habent
2857 5698 3272 5770 cruci/uerunt.
