  <div class='ocr_page' id='page_1' title='image "/cluster/home/n/w/nwhite01/storage/ocr_20150623/75/hvd.32044054758800/380.png"; bbox 0 0 4134 6174; ppageno 0'>
   <div class='ocr_carea' id='block_1_1' title="bbox 331 300 446 360">
    <p class='ocr_par' dir='ltr' id='par_1_1' title="bbox 331 300 446 360">
     <span class='ocr_line' id='line_1_1' title="bbox 331 300 446 360; baseline 0.026 -3"><span class='ocrx_word' id='word_1_1' title='bbox 331 300 446 360; x_wconf 71' lang='grc'><strong>⁸149</strong></span> 
     </span>
    </p>
   </div>
   <div class='ocr_carea' id='block_1_2' title="bbox 1270 300 2908 378">
    <p class='ocr_par' dir='ltr' id='par_1_2' title="bbox 1270 300 2908 378">
     <span class='ocr_line' id='line_1_2' title="bbox 1270 300 2908 378; baseline 0.011 -18"><span class='ocrx_word' id='word_1_2' title='bbox 1270 300 1683 362; x_wconf 80' lang='lat' dir='ltr'><strong>MORALIUM</strong></span> <span class='ocrx_word' id='word_1_3' title='bbox 1727 301 1880 362; x_wconf 85' lang='lat' dir='ltr'><strong>LIB.</strong></span> <span class='ocrx_word' id='word_1_4' title='bbox 1928 301 2031 364; x_wconf 85' lang='lat' dir='ltr'><strong>VI.</strong></span> <span class='ocrx_word' id='word_1_5' title='bbox 2078 335 2155 347; x_wconf 95' lang='lat'><strong>—</strong></span> <span class='ocrx_word' id='word_1_6' title='bbox 2197 302 2274 364; x_wconf 89' lang='lat' dir='ltr'><strong>IN</strong></span> <span class='ocrx_word' id='word_1_7' title='bbox 2321 304 2487 365; x_wconf 84' lang='lat' dir='ltr'><strong>CAP.</strong></span> <span class='ocrx_word' id='word_1_8' title='bbox 2539 307 2588 367; x_wconf 86' lang='lat' dir='ltr'><strong>V</strong></span> <span class='ocrx_word' id='word_1_9' title='bbox 2631 313 2701 370; x_wconf 92' lang='grc' dir='ltr'><strong>Β.</strong></span> <span class='ocrx_word' id='word_1_10' title='bbox 2745 313 2908 378; x_wconf 81' lang='lat' dir='ltr'><strong>JOB.</strong></span> 
     </span>
    </p>
   </div>
   <div class='ocr_carea' id='block_1_3' title="bbox 3733 349 3853 411">
    <p class='ocr_par' dir='ltr' id='par_1_3' title="bbox 3733 349 3853 411">
     <span class='ocr_line' id='line_1_3' title="bbox 3733 349 3853 411; baseline 0.05 -5"><span class='ocrx_word' id='word_1_11' title='bbox 3733 349 3853 411; x_wconf 80' lang='lat'><strong>750</strong></span> 
     </span>
    </p>
   </div>
   <div class='ocr_carea' id='block_1_4' title="bbox 325 416 3860 540">
    <p class='ocr_par' dir='ltr' id='par_1_4' title="bbox 325 416 3860 540">
     <span class='ocr_line' id='line_1_4' title="bbox 325 416 3860 540; baseline 0.014 -50"><span class='ocrx_word' id='word_1_12' title='bbox 325 416 500 494; x_wconf 76' lang='lat' dir='ltr'><strong>(Psal.</strong></span> <span class='ocrx_word' id='word_1_13' title='bbox 535 451 644 540; x_wconf 47' lang='grc' dir='ltr'><strong>ιλιι,</strong></span> <span class='ocrx_word' id='word_1_14' title='bbox 818 435 957 506; x_wconf 91' lang='lat' dir='ltr'><strong>quia</strong></span> <span class='ocrx_word' id='word_1_15' title='bbox 987 436 1319 540; x_wconf 52' lang='lat' dir='ltr'><strong>Evangelic&#39;</strong></span> <span class='ocrx_word' id='word_1_16' title='bbox 1342 437 1517 493; x_wconf 88' lang='lat' dir='ltr'><strong>etiam</strong></span> <span class='ocrx_word' id='word_1_17' title='bbox 1556 439 1701 493; x_wconf 91' lang='lat' dir='ltr'><strong>teste</strong></span> <span class='ocrx_word' id='word_1_18' title='bbox 1735 436 2035 540; x_wconf 37' lang='lat' dir='ltr'><strong>“ollama&#39;ve-</strong></span> <span class='ocrx_word' id='word_1_19' title='bbox 2068 441 2124 508; x_wconf 73' lang='grc' dir='ltr'><strong>Α</strong></span> <span class='ocrx_word' id='word_1_20' title='bbox 2157 438 2302 540; x_wconf 80' lang='lat' dir='ltr'><strong>lucis</strong></span> <span class='ocrx_word' id='word_1_21' title='bbox 2332 441 2717 540; x_wconf 78' lang='lat' dir='ltr'><strong>obscuratur;</strong></span> <span class='ocrx_word' id='word_1_22' title='bbox 2749 451 2886 522; x_wconf 83' lang='lat' dir='ltr'><strong>quia</strong></span> <span class='ocrx_word' id='word_1_23' title='bbox 2933 470 3086 529; x_wconf 69' lang='lat' dir='ltr'><strong>saepe</strong></span> <span class='ocrx_word' id='word_1_24' title='bbox 3117 458 3172 515; x_wconf 90' lang='lat' dir='ltr'><strong>in</strong></span> <span class='ocrx_word' id='word_1_25' title='bbox 3226 464 3503 534; x_wconf 74' lang='lat' dir='ltr'><strong>proximis</strong></span> <span class='ocrx_word' id='word_1_26' title='bbox 3533 471 3672 533; x_wconf 90' lang='lat' dir='ltr'><strong>dum</strong></span> <span class='ocrx_word' id='word_1_27' title='bbox 3706 479 3860 540; x_wconf 91' lang='lat' dir='ltr'><strong>bona</strong></span> 
     </span>
    </p>
   </div>
   <div class='ocr_carea' id='block_1_5' title="bbox 320 526 2035 599">
    <p class='ocr_par' dir='ltr' id='par_1_5' title="bbox 320 526 2035 599">
     <span class='ocr_line' id='line_1_5' title="bbox 320 526 2035 599; baseline -0.001 -14"><span class='ocrx_word' id='word_1_28' title='bbox 320 533 516 586; x_wconf 85' lang='lat' dir='ltr'><strong>runt:</strong></span> <span class='ocrx_word' id='word_1_29' title='bbox 577 526 864 597; x_wconf 80' lang='lat' dir='ltr'><strong>Cruciﬁge,</strong></span> <span class='ocrx_word' id='word_1_30' title='bbox 942 529 1200 597; x_wconf 83' lang='lat' dir='ltr'><strong>cruciﬁge</strong></span> <span class='ocrx_word' id='word_1_31' title='bbox 1269 529 1418 598; x_wconf 87' lang='lat' dir='ltr'><strong>(Luc.</strong></span> <span class='ocrx_word' id='word_1_32' title='bbox 1496 545 1657 595; x_wconf 69' lang='grc' dir='ltr'><strong>χχιιι,</strong></span> <span class='ocrx_word' id='word_1_33' title='bbox 1735 528 1848 599; x_wconf 84' lang='grc'><strong>21).</strong></span> <span class='ocrx_word' id='word_1_34' title='bbox 1930 528 2035 584; x_wconf 82' lang='grc' dir='ltr'><strong>Ρθι·</strong></span> 
     </span>
    </p>
   </div>
   <div class='ocr_carea' id='block_1_6' title="bbox 320 617 2034 690">
    <p class='ocr_par' dir='ltr' id='par_1_6' title="bbox 320 617 2034 690">
     <span class='ocr_line' id='line_1_6' title="bbox 320 617 2034 690; baseline -0.001 -16"><span class='ocrx_word' id='word_1_35' title='bbox 320 617 559 674; x_wconf 82' lang='lat' dir='ltr'><strong>violenti</strong></span> <span class='ocrx_word' id='word_1_36' title='bbox 589 633 720 672; x_wconf 86' lang='lat' dir='ltr'><strong>vero</strong></span> <span class='ocrx_word' id='word_1_37' title='bbox 753 632 1016 684; x_wconf 87' lang='lat' dir='ltr'><strong>manum,</strong></span> <span class='ocrx_word' id='word_1_38' title='bbox 1053 617 1181 688; x_wconf 88' lang='lat' dir='ltr'><strong>ipsa</strong></span> <span class='ocrx_word' id='word_1_39' title='bbox 1225 617 1572 690; x_wconf 80' lang='lat' dir='ltr'><strong>crucifigens</strong></span> <span class='ocrx_word' id='word_1_40' title='bbox 1606 618 1902 689; x_wconf 78' lang='lat' dir='ltr'><strong>gentilitas</strong></span> <span class='ocrx_word' id='word_1_41' title='bbox 1934 635 2034 673; x_wconf 86' lang='lat' dir='ltr'><strong>ex-</strong></span> 
     </span>
    </p>
   </div>
   <div class='ocr_carea' id='block_1_7' title="bbox 319 706 2033 781">
    <p class='ocr_par' dir='ltr' id='par_1_7' title="bbox 319 706 2033 781">
     <span class='ocr_line' id='line_1_7' title="bbox 319 706 2033 781; baseline 0 -17"><span class='ocrx_word' id='word_1_42' title='bbox 319 708 494 781; x_wconf 86' lang='lat' dir='ltr'><strong>primi</strong></span> <span class='ocrx_word' id='word_1_43' title='bbox 528 709 737 779; x_wconf 83' lang='lat' dir='ltr'><strong>potest,</strong></span> <span class='ocrx_word' id='word_1_44' title='bbox 772 722 898 777; x_wconf 74' lang='lat' dir='ltr'><strong>quae</strong></span> <span class='ocrx_word' id='word_1_45' title='bbox 933 706 990 762; x_wconf 92' lang='lat' dir='ltr'><strong>in</strong></span> <span class='ocrx_word' id='word_1_46' title='bbox 1024 707 1430 778; x_wconf 79' lang='lat' dir='ltr'><strong>Redemptoris</strong></span> <span class='ocrx_word' id='word_1_47' title='bbox 1453 714 1632 764; x_wconf 88' lang='lat' dir='ltr'><strong>morte</strong></span> <span class='ocrx_word' id='word_1_48' title='bbox 1664 709 2033 764; x_wconf 81' lang='lat' dir='ltr'><strong>Hebraeorum</strong></span> 
     </span>
    </p>
   </div>
   <div class='ocr_carea' id='block_1_8' title="bbox 317 796 2034 870">
    <p class='ocr_par' dir='ltr' id='par_1_8' title="bbox 317 796 2034 870">
     <span class='ocr_line' id='line_1_8' title="bbox 317 796 2034 870; baseline 0 -15"><span class='ocrx_word' id='word_1_49' title='bbox 317 813 486 855; x_wconf 81' lang='lat' dir='ltr'><strong>voces</strong></span> <span class='ocrx_word' id='word_1_50' title='bbox 517 813 688 869; x_wconf 90' lang='lat' dir='ltr'><strong>opere</strong></span> <span class='ocrx_word' id='word_1_51' title='bbox 717 796 998 868; x_wconf 85' lang='lat' dir='ltr'><strong>implevit.</strong></span> <span class='ocrx_word' id='word_1_52' title='bbox 1033 797 1186 853; x_wconf 88' lang='lat' dir='ltr'><strong>Deus</strong></span> <span class='ocrx_word' id='word_1_53' title='bbox 1217 799 1412 868; x_wconf 84' lang='lat' dir='ltr'><strong>itaque</strong></span> <span class='ocrx_word' id='word_1_54' title='bbox 1444 799 1598 855; x_wconf 91' lang='lat' dir='ltr'><strong>hunc</strong></span> <span class='ocrx_word' id='word_1_55' title='bbox 1632 816 1945 870; x_wconf 83' lang='lat' dir='ltr'><strong>pauperem</strong></span> <span class='ocrx_word' id='word_1_56' title='bbox 1977 802 2034 855; x_wconf 90' lang='lat' dir='ltr'><strong>et</strong></span> 
     </span>
    </p>
   </div>
   <div class='ocr_carea' id='block_1_9' title="bbox 319 886 2034 959">
    <p class='ocr_par' dir='ltr' id='par_1_9' title="bbox 319 886 2034 959">
     <span class='ocr_line' id='line_1_9' title="bbox 319 886 2034 959; baseline 0.001 -16"><span class='ocrx_word' id='word_1_57' title='bbox 319 888 391 943; x_wconf 90' lang='lat' dir='ltr'><strong>de</strong></span> <span class='ocrx_word' id='word_1_58' title='bbox 422 886 659 944; x_wconf 84' lang='lat' dir='ltr'><strong>violenti</strong></span> <span class='ocrx_word' id='word_1_59' title='bbox 685 902 885 954; x_wconf 89' lang='lat' dir='ltr'><strong>manu,</strong></span> <span class='ocrx_word' id='word_1_60' title='bbox 915 890 972 942; x_wconf 91' lang='lat' dir='ltr'><strong>et</strong></span> <span class='ocrx_word' id='word_1_61' title='bbox 1001 887 1071 942; x_wconf 91' lang='lat' dir='ltr'><strong>de</strong></span> <span class='ocrx_word' id='word_1_62' title='bbox 1093 887 1208 943; x_wconf 91' lang='lat' dir='ltr'><strong>oris</strong></span> <span class='ocrx_word' id='word_1_63' title='bbox 1229 887 1422 959; x_wconf 88' lang='lat' dir='ltr'><strong>gladio</strong></span> <span class='ocrx_word' id='word_1_64' title='bbox 1446 887 1671 944; x_wconf 90' lang='lat' dir='ltr'><strong>salvum</strong></span> <span class='ocrx_word' id='word_1_65' title='bbox 1705 888 1871 956; x_wconf 85' lang='lat' dir='ltr'><strong>fecit;</strong></span> <span class='ocrx_word' id='word_1_66' title='bbox 1897 888 2034 959; x_wconf 83' lang='lat' dir='ltr'><strong>quia</strong></span> 
     </span>
    </p>
   </div>
   <div class='ocr_carea' id='block_1_10' title="bbox 319 976 2033 1047">
    <p class='ocr_par' dir='ltr' id='par_1_10' title="bbox 319 976 2033 1047">
     <span class='ocr_line' id='line_1_10' title="bbox 319 976 2033 1047; baseline 0.002 -17"><span class='ocrx_word' id='word_1_67' title='bbox 319 976 593 1031; x_wconf 84' lang='lat' dir='ltr'><strong>videlicet</strong></span> <span class='ocrx_word' id='word_1_68' title='bbox 647 976 999 1046; x_wconf 82' lang='lat' dir='ltr'><strong>Redemptor</strong></span> <span class='ocrx_word' id='word_1_69' title='bbox 1057 984 1250 1031; x_wconf 83' lang='lat' dir='ltr'><strong>noster</strong></span> <span class='ocrx_word' id='word_1_70' title='bbox 1297 981 1354 1031; x_wconf 91' lang='lat' dir='ltr'><strong>et</strong></span> <span class='ocrx_word' id='word_1_71' title='bbox 1405 976 1549 1033; x_wconf 90' lang='lat' dir='ltr'><strong>vires</strong></span> <span class='ocrx_word' id='word_1_72' title='bbox 1600 976 1926 1047; x_wconf 81' lang='lat' dir='ltr'><strong>gentilium,</strong></span> <span class='ocrx_word' id='word_1_73' title='bbox 1977 981 2033 1033; x_wconf 88' lang='lat' dir='ltr'><strong>et</strong></span> 
     </span>
    </p>
   </div>
   <div class='ocr_carea' id='block_1_11' title="bbox 319 1065 2028 1137">
    <p class='ocr_par' dir='ltr' id='par_1_11' title="bbox 319 1065 2028 1137">
     <span class='ocr_line' id='line_1_11' title="bbox 319 1065 2028 1137; baseline 0 -15"><span class='ocrx_word' id='word_1_74' title='bbox 319 1067 551 1137; x_wconf 85' lang='lat' dir='ltr'><strong>linguas</strong></span> <span class='ocrx_word' id='word_1_75' title='bbox 579 1065 913 1121; x_wconf 73' lang='lat' dir='ltr'><strong>Judteorum</strong></span> <span class='ocrx_word' id='word_1_76' title='bbox 948 1066 1249 1121; x_wconf 89' lang='lat' dir='ltr'><strong>moriendo</strong></span> <span class='ocrx_word' id='word_1_77' title='bbox 1292 1082 1359 1121; x_wconf 85' lang='lat' dir='ltr'><strong>ex</strong></span> <span class='ocrx_word' id='word_1_78' title='bbox 1391 1065 1750 1122; x_wconf 83' lang='lat' dir='ltr'><strong>humanitate</strong></span> <span class='ocrx_word' id='word_1_79' title='bbox 1775 1067 2028 1136; x_wconf 81' lang='lat' dir='ltr'><strong>pertulit,</strong></span> 
     </span>
    </p>
   </div>
   <div class='ocr_carea' id='block_1_12' title="bbox 318 1153 2027 1228">
    <p class='ocr_par' dir='ltr' id='par_1_12' title="bbox 318 1153 2027 1228">
     <span class='ocr_line' id='line_1_12' title="bbox 318 1153 2027 1228; baseline 0.001 -16"><span class='ocrx_word' id='word_1_80' title='bbox 318 1157 419 1213; x_wconf 88' lang='lat' dir='ltr'><strong>sed</strong></span> <span class='ocrx_word' id='word_1_81' title='bbox 452 1172 520 1211; x_wconf 84' lang='lat' dir='ltr'><strong>ex</strong></span> <span class='ocrx_word' id='word_1_82' title='bbox 550 1153 867 1210; x_wconf 74' lang='lat' dir='ltr'><strong>divinitatis</strong></span> <span class='ocrx_word' id='word_1_83' title='bbox 899 1171 1017 1209; x_wconf 85' lang='lat' dir='ltr'><strong>suae</strong></span> <span class='ocrx_word' id='word_1_84' title='bbox 1046 1156 1304 1226; x_wconf 88' lang='lat' dir='ltr'><strong>potentia</strong></span> <span class='ocrx_word' id='word_1_85' title='bbox 1337 1157 1694 1228; x_wconf 88' lang='lat' dir='ltr'><strong>resurgendo</strong></span> <span class='ocrx_word' id='word_1_86' title='bbox 1717 1157 2027 1228; x_wconf 83' lang='lat' dir='ltr'><strong>superavit.</strong></span> 
     </span>
    </p>
   </div>
   <div class='ocr_carea' id='block_1_13' title="bbox 318 1241 2032 1315">
    <p class='ocr_par' dir='ltr' id='par_1_13' title="bbox 318 1241 2032 1315">
     <span class='ocr_line' id='line_1_13' title="bbox 318 1241 2032 1315; baseline 0.001 -17"><span class='ocrx_word' id='word_1_87' title='bbox 318 1246 446 1312; x_wconf 86' lang='lat' dir='ltr'><strong>Qua</strong></span> <span class='ocrx_word' id='word_1_88' title='bbox 474 1241 741 1298; x_wconf 84' lang='lat' dir='ltr'><strong>videlicet</strong></span> <span class='ocrx_word' id='word_1_89' title='bbox 771 1243 1198 1298; x_wconf 83' lang='lat' dir='ltr'><strong>resurrectione</strong></span> <span class='ocrx_word' id='word_1_90' title='bbox 1225 1243 1365 1314; x_wconf 92' lang='lat' dir='ltr'><strong>quid</strong></span> <span class='ocrx_word' id='word_1_91' title='bbox 1399 1244 1555 1298; x_wconf 85' lang='lat' dir='ltr'><strong>aliud</strong></span> <span class='ocrx_word' id='word_1_92' title='bbox 1588 1244 1796 1315; x_wconf 84' lang='lat' dir='ltr'><strong>agitur,</strong></span> <span class='ocrx_word' id='word_1_93' title='bbox 1825 1244 1937 1300; x_wconf 87' lang='lat' dir='ltr'><strong>nisi</strong></span> <span class='ocrx_word' id='word_1_94' title='bbox 1969 1249 2032 1300; x_wconf 91' lang='lat' dir='ltr'><strong>ut</strong></span> 
     </span>
    </p>
   </div>
   <div class='ocr_carea' id='block_1_14' title="bbox 316 1332 2031 1404">
    <p class='ocr_par' dir='ltr' id='par_1_14' title="bbox 316 1332 2031 1404">
     <span class='ocr_line' id='line_1_14' title="bbox 316 1332 2031 1404; baseline 0.002 -14"><span class='ocrx_word' id='word_1_95' title='bbox 316 1336 390 1390; x_wconf 85' lang='lat' dir='ltr'><strong>ad</strong></span> <span class='ocrx_word' id='word_1_96' title='bbox 425 1349 586 1404; x_wconf 86' lang='lat' dir='ltr'><strong>spem</strong></span> <span class='ocrx_word' id='word_1_97' title='bbox 620 1332 748 1386; x_wconf 67' lang='lat' dir='ltr'><strong>vitae</strong></span> <span class='ocrx_word' id='word_1_98' title='bbox 781 1332 1197 1404; x_wconf 89' lang='lat' dir='ltr'><strong>ubsequentis</strong></span> <span class='ocrx_word' id='word_1_99' title='bbox 1228 1333 1538 1390; x_wconf 84' lang='lat' dir='ltr'><strong>infirmitas</strong></span> <span class='ocrx_word' id='word_1_100' title='bbox 1575 1341 1769 1391; x_wconf 88' lang='lat' dir='ltr'><strong>nostra</strong></span> <span class='ocrx_word' id='word_1_101' title='bbox 1801 1336 2031 1393; x_wconf 89' lang='lat' dir='ltr'><strong>robore-</strong></span> 
     </span>
    </p>
   </div>
   <div class='ocr_carea' id='block_1_15' title="bbox 317 1422 1395 1481">
    <p class='ocr_par' dir='ltr' id='par_1_15' title="bbox 317 1422 1395 1481">
     <span class='ocr_line' id='line_1_15' title="bbox 317 1422 1395 1481; baseline -0.003 -1"><span class='ocrx_word' id='word_1_102' title='bbox 317 1423 451 1481; x_wconf 87' lang='lat' dir='ltr'><strong>tur?</strong></span> <span class='ocrx_word' id='word_1_103' title='bbox 474 1424 631 1480; x_wconf 87' lang='lat' dir='ltr'><strong>Unde</strong></span> <span class='ocrx_word' id='word_1_104' title='bbox 662 1427 718 1478; x_wconf 89' lang='lat' dir='ltr'><strong>et</strong></span> <span class='ocrx_word' id='word_1_105' title='bbox 751 1422 893 1478; x_wconf 89' lang='lat' dir='ltr'><strong>bene</strong></span> <span class='ocrx_word' id='word_1_106' title='bbox 925 1439 1059 1478; x_wconf 81' lang='lat' dir='ltr'><strong>mox</strong></span> <span class='ocrx_word' id='word_1_107' title='bbox 1089 1425 1395 1479; x_wconf 85' lang='lat' dir='ltr'><strong>subditur:</strong></span> 
     </span>
    </p>
   </div>
   <div class='ocr_carea' id='block_1_16' title="bbox 975 1513 1376 1570">
    <p class='ocr_par' dir='ltr' id='par_1_16' title="bbox 975 1513 1376 1570">
     <span class='ocr_line' id='line_1_16' title="bbox 975 1513 1376 1570; baseline -0.007 -2"><span class='ocrx_word' id='word_1_108' title='bbox 975 1513 1210 1569; x_wconf 81' lang='lat' dir='ltr'><strong>CAPUT</strong></span> <span class='ocrx_word' id='word_1_109' title='bbox 1242 1513 1376 1570; x_wconf 83' lang='lat' dir='ltr'><strong>XXI.</strong></span> 
     </span>
    </p>
   </div>
   <div class='ocr_carea' id='block_1_17' title="bbox 379 1599 1372 1671">
    <p class='ocr_par' dir='ltr' id='par_1_17' title="bbox 379 1599 1372 1671">
     <span class='ocr_line' id='line_1_17' title="bbox 379 1599 1372 1671; baseline 0.001 -17"><span class='ocrx_word' id='word_1_110' title='bbox 379 1599 553 1656; x_wconf 67' lang='lat' dir='ltr'><strong>Vsus.</strong></span> <span class='ocrx_word' id='word_1_111' title='bbox 581 1599 664 1653; x_wconf 84' lang='grc'><strong>16.</strong></span> <span class='ocrx_word' id='word_1_112' title='bbox 700 1628 768 1640; x_wconf 89' lang='lat'><strong>--</strong></span> <span class='ocrx_word' id='word_1_113' title='bbox 798 1601 863 1654; x_wconf 82' lang='lat' dir='ltr'><strong>Et</strong></span> <span class='ocrx_word' id='word_1_114' title='bbox 883 1600 993 1654; x_wconf 88' lang='lat' dir='ltr'><strong>erit</strong></span> <span class='ocrx_word' id='word_1_115' title='bbox 1028 1615 1204 1671; x_wconf 83' lang='lat' dir='ltr'><strong>egeno</strong></span> <span class='ocrx_word' id='word_1_116' title='bbox 1233 1615 1372 1671; x_wconf 90' lang='lat' dir='ltr'><strong>spes.</strong></span> 
     </span>
    </p>
   </div>
   <div class='ocr_carea' id='block_1_18' title="bbox 383 1689 3069 1780">
    <p class='ocr_par' dir='ltr' id='par_1_18' title="bbox 383 1689 3069 1780">
     <span class='ocr_line' id='line_1_18' title="bbox 383 1689 3069 1780; baseline 0.008 -37"><span class='ocrx_word' id='word_1_117' title='bbox 383 1690 471 1746; x_wconf 80' lang='lat'><strong>36.</strong></span> <span class='ocrx_word' id='word_1_118' title='bbox 519 1689 751 1745; x_wconf 89' lang='lat' dir='ltr'><strong>Suorum</strong></span> <span class='ocrx_word' id='word_1_119' title='bbox 794 1704 940 1760; x_wconf 88' lang='lat' dir='ltr'><strong>spem</strong></span> <span class='ocrx_word' id='word_1_120' title='bbox 978 1689 1252 1743; x_wconf 85' lang='lat' dir='ltr'><strong>solidavit.</strong></span> <span class='ocrx_word' id='word_1_121' title='bbox 1284 1719 1352 1730; x_wconf 84' lang='lat'><strong><em>—</em></strong></span> <span class='ocrx_word' id='word_1_122' title='bbox 1383 1689 1587 1761; x_wconf 86' lang='lat' dir='ltr'><strong>Erepto</strong></span> <span class='ocrx_word' id='word_1_123' title='bbox 1627 1690 1844 1762; x_wconf 89' lang='lat' dir='ltr'><strong>quippe</strong></span> <span class='ocrx_word' id='word_1_124' title='bbox 1885 1707 2030 1762; x_wconf 89' lang='lat' dir='ltr'><strong>pau-</strong></span> <span class='ocrx_word' id='word_1_125' title='bbox 2059 1770 2094 1780; x_wconf 39' lang='grc' dir='ltr'>Ἀ</span> <span class='ocrx_word' id='word_1_126' title='bbox 2137 1693 2415 1760; x_wconf 76' lang='lat' dir='ltr'><strong>faciebant</strong></span> <span class='ocrx_word' id='word_1_127' title='bbox 2447 1699 2544 1753; x_wconf 89' lang='lat' dir='ltr'><strong>Lot</strong></span> <span class='ocrx_word' id='word_1_128' title='bbox 2582 1701 3069 1780; x_wconf 76' lang='lat' dir='ltr'><strong>vehementissime,</strong></span> 
     </span>
    </p>
   </div>
   <div class='ocr_carea' id='block_1_19' title="bbox 309 1770 3554 1880">
    <p class='ocr_par' dir='ltr' id='par_1_19' title="bbox 309 1770 3554 1880">
     <span class='ocr_line' id='line_1_19' title="bbox 309 1770 3554 1880; baseline 0.01 -46"><span class='ocrx_word' id='word_1_129' title='bbox 309 1781 699 1851; x_wconf 51' lang='lat' dir='ltr'><strong>mremgenus</strong></span> <span class='ocrx_word' id='word_1_130' title='bbox 721 1778 792 1832; x_wconf 90' lang='lat' dir='ltr'><strong>ab</strong></span> <span class='ocrx_word' id='word_1_131' title='bbox 816 1793 979 1848; x_wconf 85' lang='lat' dir='ltr'><strong>spem</strong></span> <span class='ocrx_word' id='word_1_132' title='bbox 1002 1777 1323 1844; x_wconf 85' lang='lat' dir='ltr'><strong>reducitur,</strong></span> <span class='ocrx_word' id='word_1_133' title='bbox 1352 1778 1488 1849; x_wconf 91' lang='lat' dir='ltr'><strong>quia</strong></span> <span class='ocrx_word' id='word_1_134' title='bbox 1505 1779 1743 1835; x_wconf 88' lang='lat' dir='ltr'><strong>humilis</strong></span> <span class='ocrx_word' id='word_1_135' title='bbox 1759 1780 2018 1836; x_wconf 82' lang='lat' dir='ltr'><strong>ﬁdelium</strong></span> <span class='ocrx_word' id='word_1_136' title='bbox 2059 1770 2099 1833; x_wconf 87' lang='grc' dir='ltr'>Β</span> <span class='ocrx_word' id='word_1_137' title='bbox 2133 1784 2188 1834; x_wconf 85' lang='lat' dir='ltr'><strong>ut</strong></span> <span class='ocrx_word' id='word_1_138' title='bbox 2218 1785 2536 1854; x_wconf 85' lang='lat' dir='ltr'><strong>frangerent</strong></span> <span class='ocrx_word' id='word_1_139' title='bbox 2553 1790 2720 1858; x_wconf 85' lang='lat' dir='ltr'><strong>fores,</strong></span> <span class='ocrx_word' id='word_1_140' title='bbox 2754 1801 2807 1846; x_wconf 83' lang='lat' dir='ltr'><strong>et</strong></span> <span class='ocrx_word' id='word_1_141' title='bbox 2845 1770 3116 1855; x_wconf 72' lang='lat' dir='ltr'><strong>miserunt</strong></span> <span class='ocrx_word' id='word_1_142' title='bbox 3155 1770 3554 1880; x_wconf 54' lang='lat' dir='ltr'><strong>manumrviri,</strong></span> 
     </span>
    </p>
   </div>
   <div class='ocr_carea' id='block_1_20' title="bbox 306 1868 2020 1941">
    <p class='ocr_par' dir='ltr' id='par_1_20' title="bbox 306 1868 2020 1941">
     <span class='ocr_line' id='line_1_20' title="bbox 306 1868 2020 1941; baseline 0 -17"><span class='ocrx_word' id='word_1_143' title='bbox 306 1868 580 1941; x_wconf 90' lang='lat' dir='ltr'><strong>populus,</strong></span> <span class='ocrx_word' id='word_1_144' title='bbox 630 1868 1012 1939; x_wconf 79' lang='lat' dir='ltr'><strong>Redemptore</strong></span> <span class='ocrx_word' id='word_1_145' title='bbox 1063 1869 1374 1933; x_wconf 89' lang='lat' dir='ltr'><strong>moriente,</strong></span> <span class='ocrx_word' id='word_1_146' title='bbox 1407 1885 1622 1940; x_wconf 88' lang='lat' dir='ltr'><strong>pavore</strong></span> <span class='ocrx_word' id='word_1_147' title='bbox 1667 1871 2020 1940; x_wconf 89' lang='lat' dir='ltr'><strong>concutitur,</strong></span> 
     </span>
    </p>
   </div>
   <div class='ocr_carea' id='block_1_21' title="bbox 305 1955 2022 2031">
    <p class='ocr_par' dir='ltr' id='par_1_21' title="bbox 305 1955 2022 2031">
     <span class='ocr_line' id='line_1_21' title="bbox 305 1955 2022 2031; baseline 0.002 -17"><span class='ocrx_word' id='word_1_148' title='bbox 305 1958 407 2014; x_wconf 88' lang='lat' dir='ltr'><strong>sed</strong></span> <span class='ocrx_word' id='word_1_149' title='bbox 443 1961 777 2028; x_wconf 90' lang='lat' dir='ltr'><strong>resurgente</strong></span> <span class='ocrx_word' id='word_1_150' title='bbox 805 1955 1110 2011; x_wconf 88' lang='lat' dir='ltr'><strong>solidatur.</strong></span> <span class='ocrx_word' id='word_1_151' title='bbox 1135 1957 1300 2028; x_wconf 88' lang='lat' dir='ltr'><strong>Ipsos</strong></span> <span class='ocrx_word' id='word_1_152' title='bbox 1325 1974 1575 2028; x_wconf 84' lang='lat' dir='ltr'><strong>namque</strong></span> <span class='ocrx_word' id='word_1_153' title='bbox 1600 1959 1820 2030; x_wconf 88' lang='lat' dir='ltr'><strong>primos</strong></span> <span class='ocrx_word' id='word_1_154' title='bbox 1842 1959 2022 2031; x_wconf 88' lang='lat' dir='ltr'><strong>hujus</strong></span> 
     </span>
    </p>
   </div>
   <div class='ocr_carea' id='block_1_22' title="bbox 308 2045 2026 2119">
    <p class='ocr_par' dir='ltr' id='par_1_22' title="bbox 308 2045 2026 2119">
     <span class='ocr_line' id='line_1_22' title="bbox 308 2045 2026 2119; baseline 0.002 -17"><span class='ocrx_word' id='word_1_155' title='bbox 308 2047 508 2119; x_wconf 90' lang='lat' dir='ltr'><strong>populi</strong></span> <span class='ocrx_word' id='word_1_156' title='bbox 544 2061 843 2116; x_wconf 83' lang='lat' dir='ltr'><strong>pauperes,</strong></span> <span class='ocrx_word' id='word_1_157' title='bbox 890 2045 1098 2101; x_wconf 90' lang='lat' dir='ltr'><strong>electos</strong></span> <span class='ocrx_word' id='word_1_158' title='bbox 1123 2046 1392 2101; x_wconf 88' lang='lat' dir='ltr'><strong>videlicet</strong></span> <span class='ocrx_word' id='word_1_159' title='bbox 1436 2048 1865 2118; x_wconf 65' lang='lat' dir='ltr'><strong>praedicatores,</strong></span> <span class='ocrx_word' id='word_1_160' title='bbox 1900 2054 2026 2106; x_wconf 85' lang='lat' dir='ltr'><strong>visa</strong></span> 
     </span>
    </p>
   </div>
   <div class='ocr_carea' id='block_1_23' title="bbox 308 2135 2019 2209">
    <p class='ocr_par' dir='ltr' id='par_1_23' title="bbox 308 2135 2019 2209">
     <span class='ocr_line' id='line_1_23' title="bbox 308 2135 2019 2209; baseline 0.002 -17"><span class='ocrx_word' id='word_1_161' title='bbox 308 2137 433 2208; x_wconf 83' lang='lat' dir='ltr'><strong>ejus</strong></span> <span class='ocrx_word' id='word_1_162' title='bbox 461 2152 618 2192; x_wconf 82' lang='lat' dir='ltr'><strong>mors</strong></span> <span class='ocrx_word' id='word_1_163' title='bbox 648 2135 914 2206; x_wconf 89' lang='lat' dir='ltr'><strong>perculit,</strong></span> <span class='ocrx_word' id='word_1_164' title='bbox 946 2137 1046 2191; x_wconf 90' lang='lat' dir='ltr'><strong>sed</strong></span> <span class='ocrx_word' id='word_1_165' title='bbox 1081 2137 1426 2192; x_wconf 87' lang='lat' dir='ltr'><strong>resurrectio</strong></span> <span class='ocrx_word' id='word_1_166' title='bbox 1448 2141 1682 2194; x_wconf 87' lang='lat' dir='ltr'><strong>ostensa</strong></span> <span class='ocrx_word' id='word_1_167' title='bbox 1711 2139 2019 2209; x_wconf 86' lang='lat' dir='ltr'><strong>reparavit.</strong></span> 
     </span>
    </p>
   </div>
   <div class='ocr_carea' id='block_1_24' title="bbox 309 2226 2022 2300">
    <p class='ocr_par' dir='ltr' id='par_1_24' title="bbox 309 2226 2022 2300">
     <span class='ocr_line' id='line_1_24' title="bbox 309 2226 2022 2300; baseline 0.001 -17"><span class='ocrx_word' id='word_1_168' title='bbox 309 2226 540 2283; x_wconf 86' lang='lat' dir='ltr'><strong>Salvato</strong></span> <span class='ocrx_word' id='word_1_169' title='bbox 572 2242 705 2296; x_wconf 84' lang='lat' dir='ltr'><strong>ergo</strong></span> <span class='ocrx_word' id='word_1_170' title='bbox 764 2242 1037 2297; x_wconf 88' lang='lat' dir='ltr'><strong>paupere,</strong></span> <span class='ocrx_word' id='word_1_171' title='bbox 1091 2242 1265 2297; x_wconf 87' lang='lat' dir='ltr'><strong>spem</strong></span> <span class='ocrx_word' id='word_1_172' title='bbox 1319 2242 1536 2297; x_wconf 89' lang='lat' dir='ltr'><strong>egenus</strong></span> <span class='ocrx_word' id='word_1_173' title='bbox 1595 2227 1820 2298; x_wconf 89' lang='lat' dir='ltr'><strong>recipit,</strong></span> <span class='ocrx_word' id='word_1_174' title='bbox 1882 2231 2022 2300; x_wconf 88' lang='lat' dir='ltr'><strong>quia</strong></span> 
     </span>
    </p>
   </div>
   <div class='ocr_carea' id='block_1_25' title="bbox 307 2315 2020 2388">
    <p class='ocr_par' dir='ltr' id='par_1_25' title="bbox 307 2315 2020 2388">
     <span class='ocr_line' id='line_1_25' title="bbox 307 2315 2020 2388; baseline 0.001 -16"><span class='ocrx_word' id='word_1_175' title='bbox 307 2323 641 2387; x_wconf 85' lang='lat' dir='ltr'><strong>resurgente</strong></span> <span class='ocrx_word' id='word_1_176' title='bbox 672 2315 730 2370; x_wconf 93' lang='lat' dir='ltr'><strong>in</strong></span> <span class='ocrx_word' id='word_1_177' title='bbox 758 2331 929 2371; x_wconf 89' lang='lat' dir='ltr'><strong>carne</strong></span> <span class='ocrx_word' id='word_1_178' title='bbox 960 2316 1229 2385; x_wconf 90' lang='lat' dir='ltr'><strong>Domino,</strong></span> <span class='ocrx_word' id='word_1_179' title='bbox 1263 2316 1450 2371; x_wconf 84' lang='lat' dir='ltr'><strong>ﬁdelis</strong></span> <span class='ocrx_word' id='word_1_180' title='bbox 1482 2316 1722 2388; x_wconf 88' lang='lat' dir='ltr'><strong>quisque</strong></span> <span class='ocrx_word' id='word_1_181' title='bbox 1754 2319 1822 2372; x_wconf 93' lang='lat' dir='ltr'><strong>ad</strong></span> <span class='ocrx_word' id='word_1_182' title='bbox 1857 2324 2020 2374; x_wconf 82' lang='lat' dir='ltr'><strong>aeter-</strong></span> 
     </span>
    </p>
   </div>
   <div class='ocr_carea' id='block_1_26' title="bbox 309 2405 2018 2478">
    <p class='ocr_par' dir='ltr' id='par_1_26' title="bbox 309 2405 2018 2478">
     <span class='ocr_line' id='line_1_26' title="bbox 309 2405 2018 2478; baseline 0.001 -17"><span class='ocrx_word' id='word_1_183' title='bbox 309 2424 394 2462; x_wconf 72' lang='lat' dir='ltr'><strong>na:</strong></span> <span class='ocrx_word' id='word_1_184' title='bbox 426 2405 552 2461; x_wconf 62' lang='lat' dir='ltr'><strong>vita!</strong></span> <span class='ocrx_word' id='word_1_185' title='bbox 584 2405 860 2461; x_wconf 84' lang='lat' dir='ltr'><strong>ﬁduciam</strong></span> <span class='ocrx_word' id='word_1_186' title='bbox 893 2405 1257 2461; x_wconf 86' lang='lat' dir='ltr'><strong>convalescit.</strong></span> <span class='ocrx_word' id='word_1_187' title='bbox 1290 2407 1396 2461; x_wconf 89' lang='lat' dir='ltr'><strong>Sed</strong></span> <span class='ocrx_word' id='word_1_188' title='bbox 1432 2422 1563 2462; x_wconf 88' lang='lat' dir='ltr'><strong>ecce</strong></span> <span class='ocrx_word' id='word_1_189' title='bbox 1589 2407 1716 2478; x_wconf 88' lang='lat' dir='ltr'><strong>jam</strong></span> <span class='ocrx_word' id='word_1_190' title='bbox 1741 2408 1797 2461; x_wconf 91' lang='lat' dir='ltr'><strong>in</strong></span> <span class='ocrx_word' id='word_1_191' title='bbox 1833 2408 2018 2463; x_wconf 86' lang='lat' dir='ltr'><strong>mani-</strong></span> 
     </span>
    </p>
   </div>
   <div class='ocr_carea' id='block_1_27' title="bbox 303 2496 2015 2566">
    <p class='ocr_par' dir='ltr' id='par_1_27' title="bbox 303 2496 2015 2566">
     <span class='ocr_line' id='line_1_27' title="bbox 303 2496 2015 2566; baseline 0 -14"><span class='ocrx_word' id='word_1_192' title='bbox 303 2497 455 2554; x_wconf 80' lang='lat' dir='ltr'><strong>festa</strong></span> <span class='ocrx_word' id='word_1_193' title='bbox 501 2497 832 2552; x_wconf 89' lang='lat' dir='ltr'><strong>ostensione</strong></span> <span class='ocrx_word' id='word_1_194' title='bbox 881 2496 1106 2551; x_wconf 87' lang='lat' dir='ltr'><strong>Veritas</strong></span> <span class='ocrx_word' id='word_1_195' title='bbox 1148 2497 1324 2563; x_wconf 91' lang='lat' dir='ltr'><strong>venit,</strong></span> <span class='ocrx_word' id='word_1_196' title='bbox 1362 2497 1488 2566; x_wconf 89' lang='lat' dir='ltr'><strong>jam</strong></span> <span class='ocrx_word' id='word_1_197' title='bbox 1531 2497 1724 2552; x_wconf 88' lang='lat' dir='ltr'><strong>carnis</strong></span> <span class='ocrx_word' id='word_1_198' title='bbox 1775 2504 2015 2553; x_wconf 88' lang='lat' dir='ltr'><strong>mortem</strong></span> 
     </span>
    </p>
   </div>
   <div class='ocr_carea' id='block_1_28' title="bbox 300 2585 2018 2658">
    <p class='ocr_par' dir='ltr' id='par_1_28' title="bbox 300 2585 2018 2658">
     <span class='ocr_line' id='line_1_28' title="bbox 300 2585 2018 2658; baseline -0.002 -16"><span class='ocrx_word' id='word_1_199' title='bbox 300 2586 559 2658; x_wconf 88' lang='lat' dir='ltr'><strong>pertulit,</strong></span> <span class='ocrx_word' id='word_1_200' title='bbox 593 2601 840 2658; x_wconf 85' lang='lat' dir='ltr'><strong>eamque</strong></span> <span class='ocrx_word' id='word_1_201' title='bbox 870 2585 1224 2654; x_wconf 88' lang='lat' dir='ltr'><strong>resurgendo</strong></span> <span class='ocrx_word' id='word_1_202' title='bbox 1255 2585 1778 2656; x_wconf 82' lang='lat' dir='ltr'><strong>destruxit,(a)jam</strong></span> <span class='ocrx_word' id='word_1_203' title='bbox 1821 2601 2018 2640; x_wconf 90' lang='lat' dir='ltr'><strong>resur-</strong></span> 
     </span>
    </p>
   </div>
   <div class='ocr_carea' id='block_1_29' title="bbox 303 2674 2013 2748">
    <p class='ocr_par' dir='ltr' id='par_1_29' title="bbox 303 2674 2013 2748">
     <span class='ocr_line' id='line_1_29' title="bbox 303 2674 2013 2748; baseline 0 -18"><span class='ocrx_word' id='word_1_204' title='bbox 303 2676 619 2732; x_wconf 88' lang='lat' dir='ltr'><strong>rectionem</strong></span> <span class='ocrx_word' id='word_1_205' title='bbox 680 2675 867 2748; x_wconf 82' lang='lat' dir='ltr'><strong>gloria</strong></span> <span class='ocrx_word' id='word_1_206' title='bbox 939 2674 1302 2730; x_wconf 87' lang='lat' dir='ltr'><strong>ascensionis</strong></span> <span class='ocrx_word' id='word_1_207' title='bbox 1355 2675 1769 2744; x_wconf 87' lang='lat' dir='ltr'><strong>honoravit;et</strong></span> <span class='ocrx_word' id='word_1_208' title='bbox 1817 2680 2013 2731; x_wconf 87' lang='lat' dir='ltr'><strong>tamen</strong></span> 
     </span>
    </p>
   </div>
   <div class='ocr_carea' id='block_1_30' title="bbox 302 2765 2014 2837">
    <p class='ocr_par' dir='ltr' id='par_1_30' title="bbox 302 2765 2014 2837">
     <span class='ocr_line' id='line_1_30' title="bbox 302 2765 2014 2837; baseline 0.002 -17"><span class='ocrx_word' id='word_1_209' title='bbox 302 2765 672 2821; x_wconf 65' lang='lat' dir='ltr'><strong>Hebraeorum</strong></span> <span class='ocrx_word' id='word_1_210' title='bbox 698 2766 899 2837; x_wconf 89' lang='lat' dir='ltr'><strong>lingua</strong></span> <span class='ocrx_word' id='word_1_211' title='bbox 928 2765 1115 2820; x_wconf 88' lang='lat' dir='ltr'><strong>adhuc</strong></span> <span class='ocrx_word' id='word_1_212' title='bbox 1154 2781 1285 2822; x_wconf 89' lang='lat' dir='ltr'><strong>eum</strong></span> <span class='ocrx_word' id='word_1_213' title='bbox 1319 2766 1689 2822; x_wconf 89' lang='lat' dir='ltr'><strong>contumeliis</strong></span> <span class='ocrx_word' id='word_1_214' title='bbox 1731 2767 2014 2825; x_wconf 90' lang='lat' dir='ltr'><strong>lacessere</strong></span> 
     </span>
    </p>
   </div>
   <div class='ocr_carea' id='block_1_31' title="bbox 300 2854 2015 2927">
    <p class='ocr_par' dir='ltr' id='par_1_31' title="bbox 300 2854 2015 2927">
     <span class='ocr_line' id='line_1_31' title="bbox 300 2854 2015 2927; baseline 0.003 -19"><span class='ocrx_word' id='word_1_215' title='bbox 300 2871 421 2909; x_wconf 89' lang='lat' dir='ltr'><strong>non</strong></span> <span class='ocrx_word' id='word_1_216' title='bbox 455 2855 683 2919; x_wconf 90' lang='lat' dir='ltr'><strong>desinit,</strong></span> <span class='ocrx_word' id='word_1_217' title='bbox 729 2871 876 2927; x_wconf 89' lang='lat' dir='ltr'><strong>quos</strong></span> <span class='ocrx_word' id='word_1_218' title='bbox 916 2854 1192 2909; x_wconf 89' lang='lat' dir='ltr'><strong>nimirum</strong></span> <span class='ocrx_word' id='word_1_219' title='bbox 1238 2857 1642 2926; x_wconf 61' lang='lat' dir='ltr'><strong>aequanimiter</strong></span> <span class='ocrx_word' id='word_1_220' title='bbox 1687 2856 1911 2924; x_wconf 87' lang='lat' dir='ltr'><strong>tolerat,</strong></span> <span class='ocrx_word' id='word_1_221' title='bbox 1950 2861 2015 2913; x_wconf 90' lang='lat' dir='ltr'><strong>ut</strong></span> 
     </span>
    </p>
   </div>
   <div class='ocr_carea' id='block_1_32' title="bbox 295 2943 2013 3015">
    <p class='ocr_par' dir='ltr' id='par_1_32' title="bbox 295 2943 2013 3015">
     <span class='ocr_line' id='line_1_32' title="bbox 295 2943 2013 3015; baseline 0.002 -16"><span class='ocrx_word' id='word_1_222' title='bbox 295 2943 446 2999; x_wconf 90' lang='lat' dir='ltr'><strong>alios</strong></span> <span class='ocrx_word' id='word_1_223' title='bbox 487 2945 788 3000; x_wconf 89' lang='lat' dir='ltr'><strong>tolerando</strong></span> <span class='ocrx_word' id='word_1_224' title='bbox 833 2949 1146 3005; x_wconf 88' lang='lat' dir='ltr'><strong>convertat.</strong></span> <span class='ocrx_word' id='word_1_225' title='bbox 1201 2949 1376 3015; x_wconf 90' lang='lat' dir='ltr'><strong>atque</strong></span> <span class='ocrx_word' id='word_1_226' title='bbox 1415 2946 1560 3001; x_wconf 91' lang='lat' dir='ltr'><strong>alios</strong></span> <span class='ocrx_word' id='word_1_227' title='bbox 1609 2947 1848 3002; x_wconf 90' lang='lat' dir='ltr'><strong>minime</strong></span> <span class='ocrx_word' id='word_1_228' title='bbox 1879 2964 2013 3003; x_wconf 88' lang='lat' dir='ltr'><strong>con-</strong></span> 
     </span>
    </p>
   </div>
   <div class='ocr_carea' id='block_1_33' title="bbox 292 3033 2010 3109">
    <p class='ocr_par' dir='ltr' id='par_1_33' title="bbox 292 3033 2010 3109">
     <span class='ocr_line' id='line_1_33' title="bbox 292 3033 2010 3109; baseline 0.002 -19"><span class='ocrx_word' id='word_1_229' title='bbox 292 3050 495 3090; x_wconf 86' lang='lat' dir='ltr'><strong>versos</strong></span> <span class='ocrx_word' id='word_1_230' title='bbox 518 3036 865 3105; x_wconf 87' lang='lat' dir='ltr'><strong>quandoque</strong></span> <span class='ocrx_word' id='word_1_231' title='bbox 897 3033 1221 3088; x_wconf 86' lang='lat' dir='ltr'><strong>districtius</strong></span> <span class='ocrx_word' id='word_1_232' title='bbox 1241 3034 1425 3089; x_wconf 78' lang='lat' dir='ltr'><strong>feriat.</strong></span> <span class='ocrx_word' id='word_1_233' title='bbox 1453 3035 1615 3090; x_wconf 89' lang='lat' dir='ltr'><strong>Tunc</strong></span> <span class='ocrx_word' id='word_1_234' title='bbox 1633 3037 1783 3090; x_wconf 92' lang='lat' dir='ltr'><strong>enim</strong></span> <span class='ocrx_word' id='word_1_235' title='bbox 1809 3036 2010 3109; x_wconf 86' lang='lat' dir='ltr'><strong>lingua</strong></span> 
     </span>
    </p>
   </div>
   <div class='ocr_carea' id='block_1_34' title="bbox 290 3124 3358 3217">
    <p class='ocr_par' dir='ltr' id='par_1_34' title="bbox 290 3124 3358 3217">
     <span class='ocr_line' id='line_1_34' title="bbox 290 3124 3358 3217; baseline 0.006 -37"><span class='ocrx_word' id='word_1_236' title='bbox 290 3124 617 3180; x_wconf 85' lang='lat' dir='ltr'><strong>infidelium</strong></span> <span class='ocrx_word' id='word_1_237' title='bbox 651 3125 722 3179; x_wconf 88' lang='lat' dir='ltr'><strong>ab</strong></span> <span class='ocrx_word' id='word_1_238' title='bbox 753 3125 1133 3180; x_wconf 83' lang='lat' dir='ltr'><strong>effrenatione</strong></span> <span class='ocrx_word' id='word_1_239' title='bbox 1165 3141 1281 3179; x_wconf 59' lang='lat' dir='ltr'><strong>sua:</strong></span> <span class='ocrx_word' id='word_1_240' title='bbox 1330 3125 1698 3195; x_wconf 87' lang='lat' dir='ltr'><strong>loquacitatis</strong></span> <span class='ocrx_word' id='word_1_241' title='bbox 1738 3128 2005 3185; x_wconf 88' lang='lat' dir='ltr'><strong>obmute-</strong></span> <span class='ocrx_word' id='word_1_242' title='bbox 2039 3139 2086 3212; x_wconf 70' lang='grc' dir='ltr'>α</span> <span class='ocrx_word' id='word_1_243' title='bbox 2125 3134 2295 3193; x_wconf 74' lang='lat' dir='ltr'><strong>nocte,</strong></span> <span class='ocrx_word' id='word_1_244' title='bbox 2349 3132 2426 3183; x_wconf 78' lang='lat' dir='ltr'><strong>sic</strong></span> <span class='ocrx_word' id='word_1_245' title='bbox 2469 3132 2773 3202; x_wconf 80' lang='lat' dir='ltr'><strong>palpabunt</strong></span> <span class='ocrx_word' id='word_1_246' title='bbox 2821 3138 2880 3193; x_wconf 88' lang='lat' dir='ltr'><strong>in</strong></span> <span class='ocrx_word' id='word_1_247' title='bbox 2934 3124 3358 3217; x_wconf 28' lang='lat' dir='ltr'><strong>meridieiquia</strong></span> 
     </span>
    </p>
   </div>
   <div class='ocr_carea' id='block_1_35' title="bbox 288 3213 2009 3289">
    <p class='ocr_par' dir='ltr' id='par_1_35' title="bbox 288 3213 2009 3289">
     <span class='ocr_line' id='line_1_35' title="bbox 288 3213 2009 3289; baseline 0.004 -21"><span class='ocrx_word' id='word_1_248' title='bbox 288 3219 432 3281; x_wconf 83' lang='lat' dir='ltr'><strong>seet,</strong></span> <span class='ocrx_word' id='word_1_249' title='bbox 477 3230 609 3269; x_wconf 91' lang='lat' dir='ltr'><strong>cum</strong></span> <span class='ocrx_word' id='word_1_250' title='bbox 642 3213 839 3269; x_wconf 86' lang='lat' dir='ltr'><strong>venire</strong></span> <span class='ocrx_word' id='word_1_251' title='bbox 866 3230 999 3269; x_wconf 87' lang='lat' dir='ltr'><strong>eum</strong></span> <span class='ocrx_word' id='word_1_252' title='bbox 1027 3214 1256 3284; x_wconf 89' lang='lat' dir='ltr'><strong>justum</strong></span> <span class='ocrx_word' id='word_1_253' title='bbox 1283 3215 1544 3285; x_wconf 90' lang='lat' dir='ltr'><strong>judicem</strong></span> <span class='ocrx_word' id='word_1_254' title='bbox 1577 3216 1804 3283; x_wconf 90' lang='lat' dir='ltr'><strong>viderit,</strong></span> <span class='ocrx_word' id='word_1_255' title='bbox 1837 3235 2009 3289; x_wconf 87' lang='lat' dir='ltr'><strong>quem</strong></span> 
     </span>
    </p>
   </div>
   <div class='ocr_carea' id='block_1_36' title="bbox 287 3302 1796 3373">
    <p class='ocr_par' dir='ltr' id='par_1_36' title="bbox 287 3302 1796 3373">
     <span class='ocr_line' id='line_1_36' title="bbox 287 3302 1796 3373; baseline 0.003 -17"><span class='ocrx_word' id='word_1_256' title='bbox 287 3318 443 3358; x_wconf 90' lang='lat' dir='ltr'><strong>nunc</strong></span> <span class='ocrx_word' id='word_1_257' title='bbox 471 3302 690 3373; x_wconf 86' lang='lat' dir='ltr'><strong>injuste</strong></span> <span class='ocrx_word' id='word_1_258' title='bbox 715 3303 1022 3373; x_wconf 89' lang='lat' dir='ltr'><strong>judicavit.</strong></span> <span class='ocrx_word' id='word_1_259' title='bbox 1059 3303 1223 3358; x_wconf 89' lang='lat' dir='ltr'><strong>Unde</strong></span> <span class='ocrx_word' id='word_1_260' title='bbox 1246 3313 1297 3359; x_wconf 90' lang='lat' dir='ltr'><strong>et</strong></span> <span class='ocrx_word' id='word_1_261' title='bbox 1332 3306 1475 3360; x_wconf 88' lang='lat' dir='ltr'><strong>bene</strong></span> <span class='ocrx_word' id='word_1_262' title='bbox 1498 3307 1796 3361; x_wconf 88' lang='lat' dir='ltr'><strong>subditur:</strong></span> 
     </span>
    </p>
   </div>
   <div class='ocr_carea' id='block_1_37' title="bbox 934 3394 1366 3450">
    <p class='ocr_par' dir='ltr' id='par_1_37' title="bbox 934 3394 1366 3450">
     <span class='ocr_line' id='line_1_37' title="bbox 934 3394 1366 3450; baseline 0.002 -2"><span class='ocrx_word' id='word_1_263' title='bbox 934 3394 1166 3450; x_wconf 87' lang='lat' dir='ltr'><strong>CAPUT</strong></span> <span class='ocrx_word' id='word_1_264' title='bbox 1193 3394 1366 3449; x_wconf 77' lang='lat' dir='ltr'><strong>XXII.</strong></span> 
     </span>
    </p>
   </div>
   <div class='ocr_carea' id='block_1_38' title="bbox 358 3484 1709 3554">
    <p class='ocr_par' dir='ltr' id='par_1_38' title="bbox 358 3484 1709 3554">
     <span class='ocr_line' id='line_1_38' title="bbox 358 3484 1709 3554; baseline 0.003 -17"><span class='ocrx_word' id='word_1_265' title='bbox 358 3484 500 3540; x_wconf 77' lang='lat' dir='ltr'><strong>Iern.</strong></span> <span class='ocrx_word' id='word_1_266' title='bbox 521 3511 590 3524; x_wconf 89' lang='lat'><strong><em>—</em></strong></span> <span class='ocrx_word' id='word_1_267' title='bbox 622 3486 896 3554; x_wconf 83' lang='lat' dir='ltr'><strong>Iniquitas</strong></span> <span class='ocrx_word' id='word_1_268' title='bbox 925 3487 1108 3539; x_wconf 89' lang='lat' dir='ltr'><strong>autem</strong></span> <span class='ocrx_word' id='word_1_269' title='bbox 1135 3484 1423 3540; x_wconf 84' lang='lat' dir='ltr'><strong>contrahet</strong></span> <span class='ocrx_word' id='word_1_270' title='bbox 1447 3501 1506 3540; x_wconf 85' lang='lat' dir='ltr'><strong>os</strong></span> <span class='ocrx_word' id='word_1_271' title='bbox 1529 3502 1709 3541; x_wconf 88' lang='lat' dir='ltr'><strong>suum.</strong></span> 
     </span>
    </p>
   </div>
   <div class='ocr_carea' id='block_1_39' title="bbox 358 3573 2013 3635">
    <p class='ocr_par' dir='ltr' id='par_1_39' title="bbox 358 3573 2013 3635">
     <span class='ocr_line' id='line_1_39' title="bbox 358 3573 2013 3635; baseline 0.005 -8"><span class='ocrx_word' id='word_1_272' title='bbox 358 3573 448 3629; x_wconf 81' lang='lat'><strong>37.</strong></span> <span class='ocrx_word' id='word_1_273' title='bbox 479 3573 654 3630; x_wconf 76' lang='lat' dir='ltr'><strong>Judaei</strong></span> <span class='ocrx_word' id='word_1_274' title='bbox 681 3591 712 3628; x_wconf 92' lang='lat' dir='ltr'><strong>a</strong></span> <span class='ocrx_word' id='word_1_275' title='bbox 734 3574 1080 3629; x_wconf 76' lang='lat' dir='ltr'><strong>contumeliis</strong></span> <span class='ocrx_word' id='word_1_276' title='bbox 1113 3576 1169 3628; x_wconf 88' lang='lat' dir='ltr'><strong>in</strong></span> <span class='ocrx_word' id='word_1_277' title='bbox 1206 3574 1478 3629; x_wconf 76' lang='lat' dir='ltr'><strong>Christum</strong></span> <span class='ocrx_word' id='word_1_278' title='bbox 1511 3577 1813 3632; x_wconf 86' lang='lat' dir='ltr'><strong>cessabunt.</strong></span> <span class='ocrx_word' id='word_1_279' title='bbox 1839 3607 1907 3617; x_wconf 92' lang='lat'>—</span> <span class='ocrx_word' id='word_1_280' title='bbox 1937 3579 2013 3635; x_wconf 88' lang='lat' dir='ltr'><strong>Os</strong></span> 
     </span>
    </p>
   </div>
   <div class='ocr_carea' id='block_1_40' title="bbox 284 3664 2011 3738">
    <p class='ocr_par' dir='ltr' id='par_1_40' title="bbox 284 3664 2011 3738">
     <span class='ocr_line' id='line_1_40' title="bbox 284 3664 2011 3738; baseline 0.005 -21"><span class='ocrx_word' id='word_1_281' title='bbox 284 3664 444 3718; x_wconf 89' lang='lat' dir='ltr'><strong>enim</strong></span> <span class='ocrx_word' id='word_1_282' title='bbox 470 3679 642 3719; x_wconf 90' lang='lat' dir='ltr'><strong>suum</strong></span> <span class='ocrx_word' id='word_1_283' title='bbox 668 3680 822 3719; x_wconf 90' lang='lat' dir='ltr'><strong>nunc</strong></span> <span class='ocrx_word' id='word_1_284' title='bbox 847 3665 1034 3720; x_wconf 90' lang='lat' dir='ltr'><strong>adhuc</strong></span> <span class='ocrx_word' id='word_1_285' title='bbox 1064 3664 1346 3736; x_wconf 89' lang='lat' dir='ltr'><strong>iniquitas</strong></span> <span class='ocrx_word' id='word_1_286' title='bbox 1363 3665 1585 3733; x_wconf 91' lang='lat' dir='ltr'><strong>dilatat,</strong></span> <span class='ocrx_word' id='word_1_287' title='bbox 1608 3667 1746 3738; x_wconf 86' lang='lat' dir='ltr'><strong>quia</strong></span> <span class='ocrx_word' id='word_1_288' title='bbox 1769 3667 2011 3725; x_wconf 86' lang='lat' dir='ltr'><strong>humani</strong></span> 
     </span>
    </p>
   </div>
   <div class='ocr_carea' id='block_1_41' title="bbox 284 3752 2012 3824">
    <p class='ocr_par' dir='ltr' id='par_1_41' title="bbox 284 3752 2012 3824">
     <span class='ocr_line' id='line_1_41' title="bbox 284 3752 2012 3824; baseline 0.005 -17"><span class='ocrx_word' id='word_1_289' title='bbox 284 3753 511 3823; x_wconf 85' lang='lat' dir='ltr'><strong>generis</strong></span> <span class='ocrx_word' id='word_1_290' title='bbox 552 3752 994 3824; x_wconf 78' lang='lat' dir='ltr'><strong>Redemptorem</strong></span> <span class='ocrx_word' id='word_1_291' title='bbox 1035 3753 1235 3824; x_wconf 85' lang='lat' dir='ltr'><strong>lingua</strong></span> <span class='ocrx_word' id='word_1_292' title='bbox 1277 3754 1599 3809; x_wconf 80' lang='lat' dir='ltr'><strong>inﬁdelium</strong></span> <span class='ocrx_word' id='word_1_293' title='bbox 1643 3759 2012 3817; x_wconf 88' lang='lat' dir='ltr'><strong>contumeliis</strong></span> 
     </span>
    </p>
   </div>
   <div class='ocr_carea' id='block_1_42' title="bbox 282 3841 2008 3920">
    <p class='ocr_par' dir='ltr' id='par_1_42' title="bbox 282 3841 2008 3920">
     <span class='ocr_line' id='line_1_42' title="bbox 282 3841 2008 3920; baseline 0.004 -24"><span class='ocrx_word' id='word_1_294' title='bbox 282 3841 575 3898; x_wconf 82' lang='lat' dir='ltr'><strong>lacessere</strong></span> <span class='ocrx_word' id='word_1_295' title='bbox 605 3858 975 3914; x_wconf 88' lang='lat' dir='ltr'><strong>nequaquam</strong></span> <span class='ocrx_word' id='word_1_296' title='bbox 1024 3847 1233 3898; x_wconf 88' lang='lat' dir='ltr'><strong>cessat.</strong></span> <span class='ocrx_word' id='word_1_297' title='bbox 1272 3844 1379 3898; x_wconf 89' lang='lat' dir='ltr'><strong>Sed</strong></span> <span class='ocrx_word' id='word_1_298' title='bbox 1413 3847 1552 3899; x_wconf 89' lang='lat' dir='ltr'><strong>tunc</strong></span> <span class='ocrx_word' id='word_1_299' title='bbox 1583 3862 1647 3900; x_wconf 89' lang='lat' dir='ltr'><strong>os</strong></span> <span class='ocrx_word' id='word_1_300' title='bbox 1691 3846 2008 3920; x_wconf 89' lang='lat' dir='ltr'><strong>contrahet,</strong></span> 
     </span>
    </p>
   </div>
   <div class='ocr_carea' id='block_1_43' title="bbox 283 3932 2012 4009">
    <p class='ocr_par' dir='ltr' id='par_1_43' title="bbox 283 3932 2012 4009">
     <span class='ocr_line' id='line_1_43' title="bbox 283 3932 2012 4009; baseline 0.003 -21"><span class='ocrx_word' id='word_1_301' title='bbox 283 3947 423 3988; x_wconf 90' lang='lat' dir='ltr'><strong>cum</strong></span> <span class='ocrx_word' id='word_1_302' title='bbox 470 3932 579 3987; x_wconf 89' lang='lat' dir='ltr'><strong>hoc</strong></span> <span class='ocrx_word' id='word_1_303' title='bbox 625 3933 775 4004; x_wconf 90' lang='lat' dir='ltr'><strong>quod</strong></span> <span class='ocrx_word' id='word_1_304' title='bbox 834 3949 948 3988; x_wconf 92' lang='lat' dir='ltr'><strong>non</strong></span> <span class='ocrx_word' id='word_1_305' title='bbox 989 3933 1112 3988; x_wconf 89' lang='lat' dir='ltr'><strong>vult</strong></span> <span class='ocrx_word' id='word_1_306' title='bbox 1144 3949 1240 4005; x_wconf 87' lang='lat' dir='ltr'><strong>per</strong></span> <span class='ocrx_word' id='word_1_307' title='bbox 1283 3934 1434 3990; x_wconf 82' lang='lat' dir='ltr'><strong>I98</strong></span> <span class='ocrx_word' id='word_1_308' title='bbox 1485 3935 1767 4002; x_wconf 89' lang='lat' dir='ltr'><strong>studium,</strong></span> <span class='ocrx_word' id='word_1_309' title='bbox 1801 3937 1879 4008; x_wconf 83' lang='lat' dir='ltr'><strong>(b)</strong></span> <span class='ocrx_word' id='word_1_310' title='bbox 1913 3954 2012 4009; x_wconf 91' lang='lat' dir='ltr'><strong>per</strong></span> 
     </span>
    </p>
   </div>
   <div class='ocr_carea' id='block_1_44' title="bbox 284 4020 2010 4096">
    <p class='ocr_par' dir='ltr' id='par_1_44' title="bbox 284 4020 2010 4096">
     <span class='ocr_line' id='line_1_44' title="bbox 284 4020 2010 4096; baseline 0.004 -19"><span class='ocrx_word' id='word_1_311' title='bbox 284 4020 641 4092; x_wconf 76' lang='lat' dir='ltr'><strong>supplicium</strong></span> <span class='ocrx_word' id='word_1_312' title='bbox 688 4022 935 4078; x_wconf 86' lang='lat' dir='ltr'><strong>claudet.</strong></span> <span class='ocrx_word' id='word_1_313' title='bbox 989 4022 1149 4085; x_wconf 90' lang='lat' dir='ltr'><strong>Quod</strong></span> <span class='ocrx_word' id='word_1_314' title='bbox 1201 4031 1392 4078; x_wconf 89' lang='lat' dir='ltr'><strong>tamen</strong></span> <span class='ocrx_word' id='word_1_315' title='bbox 1427 4023 1574 4078; x_wconf 87' lang='lat' dir='ltr'><strong>bene</strong></span> <span class='ocrx_word' id='word_1_316' title='bbox 1613 4025 1792 4096; x_wconf 89' lang='lat' dir='ltr'><strong>accipi</strong></span> <span class='ocrx_word' id='word_1_317' title='bbox 1835 4029 2010 4085; x_wconf 84' lang='lat' dir='ltr'><strong>etiam</strong></span> 
     </span>
    </p>
   </div>
   <div class='ocr_carea' id='block_1_45' title="bbox 277 4112 2009 4186">
    <p class='ocr_par' dir='ltr' id='par_1_45' title="bbox 277 4112 2009 4186">
     <span class='ocr_line' id='line_1_45' title="bbox 277 4112 2009 4186; baseline 0.006 -22"><span class='ocrx_word' id='word_1_318' title='bbox 277 4112 354 4165; x_wconf 90' lang='lat' dir='ltr'><strong>de</strong></span> <span class='ocrx_word' id='word_1_319' title='bbox 419 4113 712 4167; x_wconf 88' lang='lat' dir='ltr'><strong>conversis</strong></span> <span class='ocrx_word' id='word_1_320' title='bbox 773 4112 1242 4182; x_wconf 87' lang='lat' dir='ltr'><strong>persecutoribus</strong></span> <span class='ocrx_word' id='word_1_321' title='bbox 1301 4117 1514 4186; x_wconf 88' lang='lat' dir='ltr'><strong>potest.</strong></span> <span class='ocrx_word' id='word_1_322' title='bbox 1570 4114 1799 4172; x_wconf 85' lang='lat' dir='ltr'><strong>Salvato</strong></span> <span class='ocrx_word' id='word_1_323' title='bbox 1854 4118 2009 4175; x_wconf 89' lang='lat' dir='ltr'><strong>enim</strong></span> 
     </span>
    </p>
   </div>
   <div class='ocr_carea' id='block_1_46' title="bbox 275 4199 2008 4273">
    <p class='ocr_par' dir='ltr' id='par_1_46' title="bbox 275 4199 2008 4273">
     <span class='ocr_line' id='line_1_46' title="bbox 275 4199 2008 4273; baseline 0.006 -20"><span class='ocrx_word' id='word_1_324' title='bbox 275 4216 552 4270; x_wconf 83' lang='lat' dir='ltr'><strong>paupere,</strong></span> <span class='ocrx_word' id='word_1_325' title='bbox 603 4199 742 4255; x_wconf 91' lang='lat' dir='ltr'><strong>dum</strong></span> <span class='ocrx_word' id='word_1_326' title='bbox 785 4216 1005 4271; x_wconf 84' lang='lat' dir='ltr'><strong>egenus</strong></span> <span class='ocrx_word' id='word_1_327' title='bbox 1057 4202 1127 4255; x_wconf 91' lang='lat' dir='ltr'><strong>ad</strong></span> <span class='ocrx_word' id='word_1_328' title='bbox 1165 4217 1328 4273; x_wconf 91' lang='lat' dir='ltr'><strong>spem</strong></span> <span class='ocrx_word' id='word_1_329' title='bbox 1362 4203 1530 4272; x_wconf 90' lang='lat' dir='ltr'><strong>redit,</strong></span> <span class='ocrx_word' id='word_1_330' title='bbox 1578 4209 1879 4261; x_wconf 91' lang='lat' dir='ltr'><strong>contracto</strong></span> <span class='ocrx_word' id='word_1_331' title='bbox 1912 4222 2008 4263; x_wconf 91' lang='lat' dir='ltr'><strong>ore</strong></span> 
     </span>
    </p>
   </div>
   <div class='ocr_carea' id='block_1_47' title="bbox 273 4287 2006 4365">
    <p class='ocr_par' dir='ltr' id='par_1_47' title="bbox 273 4287 2006 4365">
     <span class='ocr_line' id='line_1_47' title="bbox 273 4287 2006 4365; baseline 0.006 -24"><span class='ocrx_word' id='word_1_332' title='bbox 273 4287 561 4360; x_wconf 88' lang='lat' dir='ltr'><strong>iniquitas</strong></span> <span class='ocrx_word' id='word_1_333' title='bbox 583 4290 955 4356; x_wconf 88' lang='lat' dir='ltr'><strong>obmutescit,</strong></span> <span class='ocrx_word' id='word_1_334' title='bbox 990 4291 1128 4361; x_wconf 89' lang='lat' dir='ltr'><strong>quia</strong></span> <span class='ocrx_word' id='word_1_335' title='bbox 1173 4292 1615 4348; x_wconf 86' lang='lat' dir='ltr'><strong>resurrectionis</strong></span> <span class='ocrx_word' id='word_1_336' title='bbox 1647 4295 1774 4365; x_wconf 90' lang='lat' dir='ltr'><strong>ejus</strong></span> <span class='ocrx_word' id='word_1_337' title='bbox 1821 4295 2006 4352; x_wconf 85' lang='lat' dir='ltr'><strong>clare-</strong></span> 
     </span>
    </p>
   </div>
   <div class='ocr_carea' id='block_1_48' title="bbox 270 4378 1998 4451">
    <p class='ocr_par' dir='ltr' id='par_1_48' title="bbox 270 4378 1998 4451">
     <span class='ocr_line' id='line_1_48' title="bbox 270 4378 1998 4451; baseline 0.004 -18"><span class='ocrx_word' id='word_1_338' title='bbox 270 4383 470 4434; x_wconf 88' lang='lat' dir='ltr'><strong>scente</strong></span> <span class='ocrx_word' id='word_1_339' title='bbox 505 4378 806 4443; x_wconf 89' lang='lat' dir='ltr'><strong>miraculo,</strong></span> <span class='ocrx_word' id='word_1_340' title='bbox 865 4379 1006 4434; x_wconf 90' lang='lat' dir='ltr'><strong>dum</strong></span> <span class='ocrx_word' id='word_1_341' title='bbox 1039 4379 1272 4451; x_wconf 88' lang='lat' dir='ltr'><strong>copiosa</strong></span> <span class='ocrx_word' id='word_1_342' title='bbox 1311 4381 1625 4438; x_wconf 90' lang='lat' dir='ltr'><strong>multitudo</strong></span> <span class='ocrx_word' id='word_1_343' title='bbox 1674 4383 1998 4440; x_wconf 81' lang='lat' dir='ltr'><strong>infidelium</strong></span> 
     </span>
    </p>
   </div>
   <div class='ocr_carea' id='block_1_49' title="bbox 2142 534 3862 647">
    <p class='ocr_par' dir='ltr' id='par_1_49' title="bbox 2142 534 3862 647">
     <span class='ocr_line' id='line_1_49' title="bbox 2142 534 3862 647; baseline 0.028 -67"><span class='ocrx_word' id='word_1_344' title='bbox 2142 534 2839 647; x_wconf 24' lang='lat' dir='ltr'><strong>apeftﬁiqnsiderantusi</strong></span> <span class='ocrx_word' id='word_1_345' title='bbox 2872 560 2987 647; x_wconf 72' lang='lat' dir='ltr'><strong>qua</strong></span> <span class='ocrx_word' id='word_1_346' title='bbox 3033 548 3186 647; x_wconf 76' lang='lat' dir='ltr'><strong>mala</strong></span> <span class='ocrx_word' id='word_1_347' title='bbox 3226 552 3443 614; x_wconf 89' lang='lat' dir='ltr'><strong>lateant</strong></span> <span class='ocrx_word' id='word_1_348' title='bbox 3474 534 3862 647; x_wconf 57' lang='lat' dir='ltr'><strong>investigarit;</strong></span> 
     </span>
    </p>
   </div>
   <div class='ocr_carea' id='block_1_50' title="bbox 2143 619 3857 725">
    <p class='ocr_par' dir='ltr' id='par_1_50' title="bbox 2143 619 3857 725">
     <span class='ocr_line' id='line_1_50' title="bbox 2143 619 3857 725; baseline 0.027 -53"><span class='ocrx_word' id='word_1_349' title='bbox 2143 622 2199 673; x_wconf 91' lang='lat' dir='ltr'><strong>et</strong></span> <span class='ocrx_word' id='word_1_350' title='bbox 2243 619 2506 725; x_wconf 73' lang='lat' dir='ltr'><strong>sollicitis</strong></span> <span class='ocrx_word' id='word_1_351' title='bbox 2555 624 3039 725; x_wconf 78' lang='lat' dir='ltr'><strong>inquisitionibus</strong></span> <span class='ocrx_word' id='word_1_352' title='bbox 3087 638 3374 714; x_wconf 88' lang='lat' dir='ltr'><strong>laborant,</strong></span> <span class='ocrx_word' id='word_1_353' title='bbox 3426 651 3476 706; x_wconf 91' lang='lat' dir='ltr'><strong>si</strong></span> <span class='ocrx_word' id='word_1_354' title='bbox 3521 619 3857 725; x_wconf 28' lang='lat' dir='ltr'><strong>qui‘dofor-t;</strong></span> 
     </span>
    </p>
   </div>
   <div class='ocr_carea' id='block_1_51' title="bbox 2143 709 3857 809">
    <p class='ocr_par' dir='ltr' id='par_1_51' title="bbox 2143 709 3857 809">
     <span class='ocr_line' id='line_1_51' title="bbox 2143 709 3857 809; baseline 0.028 -51"><span class='ocrx_word' id='word_1_355' title='bbox 2143 709 2299 809; x_wconf 70' lang='lat' dir='ltr'><strong>quod</strong></span> <span class='ocrx_word' id='word_1_356' title='bbox 2333 725 2608 809; x_wconf 79' lang='lat' dir='ltr'><strong>accusare</strong></span> <span class='ocrx_word' id='word_1_357' title='bbox 2633 718 2860 784; x_wconf 88' lang='lat' dir='ltr'><strong>possint</strong></span> <span class='ocrx_word' id='word_1_358' title='bbox 2892 720 3203 784; x_wconf 89' lang='lat' dir='ltr'><strong>inveniant.</strong></span> <span class='ocrx_word' id='word_1_359' title='bbox 3231 709 3386 791; x_wconf 79' lang='lat' dir='ltr'><strong>Sana</strong></span> <span class='ocrx_word' id='word_1_360' title='bbox 3407 709 3857 809; x_wconf 44' lang='lat' dir='ltr'><strong>quidem—metri:</strong></span> 
     </span>
    </p>
   </div>
   <div class='ocr_carea' id='block_1_52' title="bbox 2144 796 3852 896">
    <p class='ocr_par' dir='ltr' id='par_1_52' title="bbox 2144 796 3852 896">
     <span class='ocr_line' id='line_1_52' title="bbox 2144 796 3852 896; baseline 0.028 -47"><span class='ocrx_word' id='word_1_361' title='bbox 2144 796 2246 896; x_wconf 77' lang='lat' dir='ltr'><strong>bra</strong></span> <span class='ocrx_word' id='word_1_362' title='bbox 2295 800 2704 871; x_wconf 90' lang='lat' dir='ltr'><strong>conspiciunt:</strong></span> <span class='ocrx_word' id='word_1_363' title='bbox 2754 808 2856 862; x_wconf 91' lang='lat' dir='ltr'><strong>sed</strong></span> <span class='ocrx_word' id='word_1_364' title='bbox 2907 810 3127 870; x_wconf 87' lang='lat' dir='ltr'><strong>clausis</strong></span> <span class='ocrx_word' id='word_1_365' title='bbox 3178 822 3368 879; x_wconf 86' lang='lat' dir='ltr'><strong>cordis</strong></span> <span class='ocrx_word' id='word_1_366' title='bbox 3416 796 3852 896; x_wconf 34' lang='lat' dir='ltr'><strong>muniis-Es</strong></span> 
     </span>
    </p>
   </div>
   <div class='ocr_carea' id='block_1_53' title="bbox 2143 885 3853 997">
    <p class='ocr_par' dir='ltr' id='par_1_53' title="bbox 2143 885 3853 997">
     <span class='ocr_line' id='line_1_53' title="bbox 2143 885 3853 997; baseline 0.027 -59"><span class='ocrx_word' id='word_1_367' title='bbox 2143 885 2446 997; x_wconf 78' lang='lat' dir='ltr'><strong>palpantes</strong></span> <span class='ocrx_word' id='word_1_368' title='bbox 2475 900 2765 997; x_wconf 67' lang='lat' dir='ltr'><strong>quaerunt.</strong></span> <span class='ocrx_word' id='word_1_369' title='bbox 2803 897 2964 997; x_wconf 81' lang='lat' dir='ltr'><strong>Unde</strong></span> <span class='ocrx_word' id='word_1_370' title='bbox 2997 907 3052 958; x_wconf 92' lang='lat' dir='ltr'><strong>et</strong></span> <span class='ocrx_word' id='word_1_371' title='bbox 3083 905 3228 965; x_wconf 87' lang='lat' dir='ltr'><strong>bene</strong></span> <span class='ocrx_word' id='word_1_372' title='bbox 3260 885 3853 997; x_wconf 52' lang='lat' dir='ltr'><strong>subdituriEt</strong></span> 
     </span>
    </p>
   </div>
   <div class='ocr_carea' id='block_1_54' title="bbox 2142 975 3848 1084">
    <p class='ocr_par' dir='ltr' id='par_1_54' title="bbox 2142 975 3848 1084">
     <span class='ocr_line' id='line_1_54' title="bbox 2142 975 3848 1084; baseline 0.027 -55"><span class='ocrx_word' id='word_1_373' title='bbox 2142 975 2204 1030; x_wconf 83' lang='lat' dir='ltr'><strong>in</strong></span> <span class='ocrx_word' id='word_1_374' title='bbox 2233 987 2404 1076; x_wconf 81' lang='lat' dir='ltr'><strong>nocte,</strong></span> <span class='ocrx_word' id='word_1_375' title='bbox 2435 979 2514 1034; x_wconf 84' lang='lat' dir='ltr'><strong>sic</strong></span> <span class='ocrx_word' id='word_1_376' title='bbox 2528 983 2839 1054; x_wconf 80' lang='lat' dir='ltr'><strong>palpabunt</strong></span> <span class='ocrx_word' id='word_1_377' title='bbox 2869 990 2925 1044; x_wconf 88' lang='lat' dir='ltr'><strong>in</strong></span> <span class='ocrx_word' id='word_1_378' title='bbox 2956 995 3210 1055; x_wconf 79' lang='lat' dir='ltr'><strong>meridie.</strong></span> <span class='ocrx_word' id='word_1_379' title='bbox 3252 1001 3384 1059; x_wconf 87' lang='lat' dir='ltr'><strong>Dies</strong></span> <span class='ocrx_word' id='word_1_380' title='bbox 3417 1006 3553 1065; x_wconf 92' lang='lat' dir='ltr'><strong>boni</strong></span> <span class='ocrx_word' id='word_1_381' title='bbox 3577 975 3848 1084; x_wconf 56' lang='grc' dir='ltr'><strong>ορθιῗίεῖᾏ</strong></span> 
     </span>
    </p>
   </div>
   <div class='ocr_carea' id='block_1_55' title="bbox 2143 1072 3849 1174">
    <p class='ocr_par' dir='ltr' id='par_1_55' title="bbox 2143 1072 3849 1174">
     <span class='ocr_line' id='line_1_55' title="bbox 2143 1072 3849 1174; baseline 0.028 -57"><span class='ocrx_word' id='word_1_382' title='bbox 2143 1072 2401 1174; x_wconf 68' lang='lat' dir='ltr'><strong>proximo</strong></span> <span class='ocrx_word' id='word_1_383' title='bbox 2451 1072 2699 1174; x_wconf 71' lang='lat' dir='ltr'><strong>exterius</strong></span> <span class='ocrx_word' id='word_1_384' title='bbox 2730 1077 2932 1174; x_wconf 76' lang='lat' dir='ltr'><strong>lucet;</strong></span> <span class='ocrx_word' id='word_1_385' title='bbox 2992 1085 3096 1174; x_wconf 79' lang='lat' dir='ltr'><strong>sed</strong></span> <span class='ocrx_word' id='word_1_386' title='bbox 3162 1093 3330 1159; x_wconf 87' lang='lat' dir='ltr'><strong>quasi</strong></span> <span class='ocrx_word' id='word_1_387' title='bbox 3377 1101 3542 1154; x_wconf 89' lang='lat' dir='ltr'><strong>nocte</strong></span> <span class='ocrx_word' id='word_1_388' title='bbox 3592 1072 3849 1174; x_wconf 57' lang='lat' dir='ltr'><strong>palpant:</strong></span> 
     </span>
    </p>
   </div>
   <div class='ocr_carea' id='block_1_56' title="bbox 2141 1155 3852 1252">
    <p class='ocr_par' dir='ltr' id='par_1_56' title="bbox 2141 1155 3852 1252">
     <span class='ocr_line' id='line_1_56' title="bbox 2141 1155 3852 1252; baseline 0.028 -47"><span class='ocrx_word' id='word_1_389' title='bbox 2141 1155 2279 1252; x_wconf 70' lang='lat' dir='ltr'><strong>quia</strong></span> <span class='ocrx_word' id='word_1_390' title='bbox 2310 1155 2510 1214; x_wconf 89' lang='lat' dir='ltr'><strong>livoris</strong></span> <span class='ocrx_word' id='word_1_391' title='bbox 2537 1161 2626 1215; x_wconf 91' lang='lat' dir='ltr'><strong>sui</strong></span> <span class='ocrx_word' id='word_1_392' title='bbox 2660 1162 2820 1221; x_wconf 88' lang='lat' dir='ltr'><strong>intus</strong></span> <span class='ocrx_word' id='word_1_393' title='bbox 2852 1171 3123 1229; x_wconf 88' lang='lat' dir='ltr'><strong>tenebras</strong></span> <span class='ocrx_word' id='word_1_394' title='bbox 3147 1155 3412 1238; x_wconf 82' lang='lat' dir='ltr'><strong>tolerant.</strong></span> <span class='ocrx_word' id='word_1_395' title='bbox 3442 1155 3852 1252; x_wconf 44' lang='lat' dir='ltr'><strong>Perveniiewad</strong></span> 
     </span>
    </p>
   </div>
   <div class='ocr_carea' id='block_1_57' title="bbox 2139 1243 3854 1344">
    <p class='ocr_par' dir='ltr' id='par_1_57' title="bbox 2139 1243 3854 1344">
     <span class='ocr_line' id='line_1_57' title="bbox 2139 1243 3854 1344; baseline 0.027 -48"><span class='ocrx_word' id='word_1_396' title='bbox 2139 1243 2353 1344; x_wconf 76' lang='lat' dir='ltr'><strong>aliqua,</strong></span> <span class='ocrx_word' id='word_1_397' title='bbox 2418 1265 2543 1319; x_wconf 80' lang='lat' dir='ltr'><strong>quae</strong></span> <span class='ocrx_word' id='word_1_398' title='bbox 2608 1255 3056 1329; x_wconf 88' lang='lat' dir='ltr'><strong>reprehendant,</strong></span> <span class='ocrx_word' id='word_1_399' title='bbox 3118 1271 3404 1343; x_wconf 75' lang='lat' dir='ltr'><strong>satagunt,</strong></span> <span class='ocrx_word' id='word_1_400' title='bbox 3480 1243 3854 1344; x_wconf 56' lang='lat' dir='ltr'><strong>detractioni;</strong></span> 
     </span>
    </p>
   </div>
   <div class='ocr_carea' id='block_1_58' title="bbox 2141 1335 3829 1432">
    <p class='ocr_par' dir='ltr' id='par_1_58' title="bbox 2141 1335 3829 1432">
     <span class='ocr_line' id='line_1_58' title="bbox 2141 1335 3829 1432; baseline 0.027 -46"><span class='ocrx_word' id='word_1_401' title='bbox 2141 1335 2362 1432; x_wconf 81' lang='lat' dir='ltr'><strong>aditum</strong></span> <span class='ocrx_word' id='word_1_402' title='bbox 2396 1346 2701 1432; x_wconf 66' lang='lat' dir='ltr'><strong>quaerunt;</strong></span> <span class='ocrx_word' id='word_1_403' title='bbox 2739 1347 2836 1399; x_wconf 91' lang='lat' dir='ltr'><strong>sed</strong></span> <span class='ocrx_word' id='word_1_404' title='bbox 2861 1349 2999 1417; x_wconf 86' lang='lat' dir='ltr'><strong>quia</strong></span> <span class='ocrx_word' id='word_1_405' title='bbox 3022 1351 3177 1410; x_wconf 89' lang='lat' dir='ltr'><strong>hunc</strong></span> <span class='ocrx_word' id='word_1_406' title='bbox 3211 1335 3468 1419; x_wconf 88' lang='lat' dir='ltr'><strong>invenire</strong></span> <span class='ocrx_word' id='word_1_407' title='bbox 3495 1382 3609 1424; x_wconf 89' lang='lat' dir='ltr'><strong>non</strong></span> <span class='ocrx_word' id='word_1_408' title='bbox 3631 1335 3829 1432; x_wconf 67' lang='lat' dir='ltr'><strong>valent</strong></span> 
     </span>
    </p>
   </div>
   <div class='ocr_carea' id='block_1_59' title="bbox 2142 1419 3850 1534">
    <p class='ocr_par' dir='ltr' id='par_1_59' title="bbox 2142 1419 3850 1534">
     <span class='ocr_line' id='line_1_59' title="bbox 2142 1419 3850 1534; baseline 0.027 -59"><span class='ocrx_word' id='word_1_409' title='bbox 2142 1425 2270 1478; x_wconf 72' lang='lat' dir='ltr'><strong>caeci</strong></span> <span class='ocrx_word' id='word_1_410' title='bbox 2307 1427 2572 1534; x_wconf 36' lang='lat' dir='ltr'><strong>testerius</strong></span> <span class='ocrx_word' id='word_1_411' title='bbox 2619 1430 3004 1496; x_wconf 87' lang='lat' dir='ltr'><strong>circumeunt.</strong></span> <span class='ocrx_word' id='word_1_412' title='bbox 3052 1442 3213 1506; x_wconf 87' lang='lat' dir='ltr'><strong>Quod</strong></span> <span class='ocrx_word' id='word_1_413' title='bbox 3281 1449 3426 1508; x_wconf 87' lang='lat' dir='ltr'><strong>bene</strong></span> 
     </span>
    </p>
   </div>
   <div class='ocr_carea' id='block_1_60' title="bbox 2140 1514 3851 1616">
    <p class='ocr_par' dir='ltr' id='par_1_60' title="bbox 2140 1514 3851 1616">
     <span class='ocr_line' id='line_1_60' title="bbox 2140 1514 3851 1616; baseline 0.028 -52"><span class='ocrx_word' id='word_1_414' title='bbox 2140 1528 2271 1616; x_wconf 60' lang='lat' dir='ltr'><strong>eum</strong></span> <span class='ocrx_word' id='word_1_415' title='bbox 2307 1514 2430 1616; x_wconf 82' lang='lat' dir='ltr'><strong>Lot,</strong></span> <span class='ocrx_word' id='word_1_416' title='bbox 2465 1522 2900 1616; x_wconf 81' lang='lat' dir='ltr'><strong>protegentibus</strong></span> <span class='ocrx_word' id='word_1_417' title='bbox 2932 1531 3178 1601; x_wconf 87' lang='lat' dir='ltr'><strong>angelis,</strong></span> <span class='ocrx_word' id='word_1_418' title='bbox 3211 1536 3268 1591; x_wconf 91' lang='lat' dir='ltr'><strong>in</strong></span> <span class='ocrx_word' id='word_1_419' title='bbox 3293 1539 3463 1598; x_wconf 89' lang='lat' dir='ltr'><strong>domo</strong></span> <span class='ocrx_word' id='word_1_420' title='bbox 3483 1514 3612 1616; x_wconf 79' lang='lat' dir='ltr'><strong>ejus</strong></span> <span class='ocrx_word' id='word_1_421' title='bbox 3635 1514 3851 1612; x_wconf 64' lang='lat' dir='ltr'><strong>ostium</strong></span> 
     </span>
    </p>
   </div>
   <div class='ocr_carea' id='block_1_61' title="bbox 2141 1603 3850 1701">
    <p class='ocr_par' dir='ltr' id='par_1_61' title="bbox 2141 1603 3850 1701">
     <span class='ocr_line' id='line_1_61' title="bbox 2141 1603 3850 1701; baseline 0.026 -46"><span class='ocrx_word' id='word_1_422' title='bbox 2141 1603 2452 1701; x_wconf 72' lang='lat' dir='ltr'><strong>Sodomitas</strong></span> <span class='ocrx_word' id='word_1_423' title='bbox 2485 1623 2597 1663; x_wconf 91' lang='lat' dir='ltr'><strong>non</strong></span> <span class='ocrx_word' id='word_1_424' title='bbox 2630 1609 2995 1685; x_wconf 85' lang='lat' dir='ltr'><strong>invenerunt,</strong></span> <span class='ocrx_word' id='word_1_425' title='bbox 3043 1621 3192 1680; x_wconf 91' lang='lat' dir='ltr'><strong>sicut</strong></span> <span class='ocrx_word' id='word_1_426' title='bbox 3241 1603 3532 1701; x_wconf 60' lang='lat' dir='ltr'><strong>scriptun;</strong></span> <span class='ocrx_word' id='word_1_427' title='bbox 3559 1603 3850 1699; x_wconf 27' lang='lat' dir='ltr'><strong>esti-tri;</strong></span> 
     </span>
    </p>
   </div>
   <div class='ocr_carea' id='block_1_62' title="bbox 3120 1717 3850 1790">
    <p class='ocr_par' dir='ltr' id='par_1_62' title="bbox 3120 1717 3850 1790">
     <span class='ocr_line' id='line_1_62' title="bbox 3120 1717 3850 1790; baseline 0.03 -23"><span class='ocrx_word' id='word_1_428' title='bbox 3120 1719 3173 1768; x_wconf 88' lang='lat' dir='ltr'><strong>et</strong></span> <span class='ocrx_word' id='word_1_429' title='bbox 3205 1717 3336 1786; x_wconf 87' lang='lat' dir='ltr'><strong>jam</strong></span> <span class='ocrx_word' id='word_1_430' title='bbox 3379 1725 3702 1790; x_wconf 71' lang='lat' dir='ltr'><strong>proximum</strong></span> <span class='ocrx_word' id='word_1_431' title='bbox 3731 1741 3850 1788; x_wconf 82' lang='lat' dir='ltr'><strong>erat</strong></span> 
     </span>
    </p>
   </div>
   <div class='ocr_carea' id='block_1_63' title="bbox 2135 1822 3851 1983">
    <p class='ocr_par' dir='ltr' id='par_1_63' title="bbox 2135 1822 3851 1983">
     <span class='ocr_line' id='line_1_63' title="bbox 2135 1822 3850 1880; baseline 0.027 -47"><span class='ocrx_word' id='word_1_432' title='bbox 2135 1822 2188 1834; x_wconf 83' lang='lat'><strong>...</strong></span> <span class='ocrx_word' id='word_1_433' title='bbox 2218 1822 2535 1854; x_wconf 66' lang='lat'><strong>,.....,,........</strong></span> <span class='ocrx_word' id='word_1_434' title='bbox 2553 1822 2720 1858; x_wconf 72' lang='lat' dir='ltr'><strong>lurco,</strong></span> <span class='ocrx_word' id='word_1_435' title='bbox 2754 1822 2804 1846; x_wconf 74' lang='grc' dir='ltr'><strong>σι</strong></span> <span class='ocrx_word' id='word_1_436' title='bbox 2845 1822 3115 1855; x_wconf 75' lang='grc' dir='ltr'><strong>πιιδσηιηι</strong></span> <span class='ocrx_word' id='word_1_437' title='bbox 3155 1822 3381 1863; x_wconf 88' lang='lat' dir='ltr'><strong>manum</strong></span> <span class='ocrx_word' id='word_1_438' title='bbox 3426 1822 3554 1880; x_wconf 78' lang='lat' dir='ltr'><strong>viri,</strong></span> <span class='ocrx_word' id='word_1_439' title='bbox 3587 1822 3638 1871; x_wconf 87' lang='lat' dir='ltr'><strong>et</strong></span> <span class='ocrx_word' id='word_1_440' title='bbox 3669 1822 3850 1879; x_wconf 84' lang='lat' dir='ltr'><strong>intro-</strong></span> 
     </span>
     <span class='ocr_line' id='line_1_64' title="bbox 2135 1871 3851 1983; baseline 0.027 -59"><span class='ocrx_word' id='word_1_441' title='bbox 2135 1871 2415 1929; x_wconf 69' lang='lat' dir='ltr'><strong>duxerunt</strong></span> <span class='ocrx_word' id='word_1_442' title='bbox 2442 1877 2511 1931; x_wconf 88' lang='lat' dir='ltr'><strong>ad</strong></span> <span class='ocrx_word' id='word_1_443' title='bbox 2540 1895 2597 1933; x_wconf 86' lang='lat' dir='ltr'><strong>se</strong></span> <span class='ocrx_word' id='word_1_444' title='bbox 2627 1881 2748 1947; x_wconf 86' lang='lat' dir='ltr'><strong>Lot,</strong></span> <span class='ocrx_word' id='word_1_445' title='bbox 2798 1886 3217 1962; x_wconf 86' lang='lat' dir='ltr'><strong>clauseruntque</strong></span> <span class='ocrx_word' id='word_1_446' title='bbox 3257 1899 3474 1970; x_wconf 86' lang='lat' dir='ltr'><strong>ostium,</strong></span> <span class='ocrx_word' id='word_1_447' title='bbox 3525 1913 3579 1960; x_wconf 88' lang='lat' dir='ltr'><strong>et</strong></span> <span class='ocrx_word' id='word_1_448' title='bbox 3617 1923 3703 1964; x_wconf 88' lang='lat' dir='ltr'><strong>eos</strong></span> <span class='ocrx_word' id='word_1_449' title='bbox 3750 1916 3851 1983; x_wconf 83' lang='lat' dir='ltr'><strong>qui</strong></span> 
     </span>
    </p>
   </div>
   <div class='ocr_carea' id='block_1_64' title="bbox 2134 1965 3850 2069">
    <p class='ocr_par' dir='ltr' id='par_1_64' title="bbox 2134 1965 3850 2069">
     <span class='ocr_line' id='line_1_65' title="bbox 2134 1965 3850 2069; baseline 0.023 -51"><span class='ocrx_word' id='word_1_450' title='bbox 2134 1967 2292 2018; x_wconf 88' lang='lat' dir='ltr'><strong>erant</strong></span> <span class='ocrx_word' id='word_1_451' title='bbox 2327 1965 2486 2032; x_wconf 87' lang='lat' dir='ltr'><strong>foris,</strong></span> <span class='ocrx_word' id='word_1_452' title='bbox 2531 1982 2918 2037; x_wconf 83' lang='lat' dir='ltr'><strong>percusserunt</strong></span> <span class='ocrx_word' id='word_1_453' title='bbox 2954 1983 3208 2038; x_wconf 53' lang='lat' dir='ltr'><strong>caecitate</strong></span> <span class='ocrx_word' id='word_1_454' title='bbox 3236 2002 3270 2040; x_wconf 88' lang='lat' dir='ltr'><strong>a</strong></span> <span class='ocrx_word' id='word_1_455' title='bbox 3307 1965 3538 2049; x_wconf 84' lang='lat' dir='ltr'><strong>minimo</strong></span> <span class='ocrx_word' id='word_1_456' title='bbox 3576 1965 3850 2069; x_wconf 30' lang='lat' dir='ltr'><strong>usquelavti</strong></span> 
     </span>
    </p>
   </div>
   <div class='ocr_carea' id='block_1_65' title="bbox 2134 2055 3844 2157">
    <p class='ocr_par' dir='ltr' id='par_1_65' title="bbox 2134 2055 3844 2157">
     <span class='ocr_line' id='line_1_66' title="bbox 2134 2055 3844 2157; baseline 0.025 -53"><span class='ocrx_word' id='word_1_457' title='bbox 2134 2055 2468 2157; x_wconf 39' lang='lat' dir='ltr'><strong>‘maaiimum,</strong></span> <span class='ocrx_word' id='word_1_458' title='bbox 2493 2059 2574 2112; x_wconf 89' lang='lat' dir='ltr'><strong>ita</strong></span> <span class='ocrx_word' id='word_1_459' title='bbox 2595 2067 2654 2114; x_wconf 86' lang='lat' dir='ltr'><strong>ut</strong></span> <span class='ocrx_word' id='word_1_460' title='bbox 2675 2065 2874 2119; x_wconf 78' lang='lat' dir='ltr'><strong>ostium</strong></span> <span class='ocrx_word' id='word_1_461' title='bbox 2896 2068 3143 2127; x_wconf 84' lang='lat' dir='ltr'><strong>invenire</strong></span> <span class='ocrx_word' id='word_1_462' title='bbox 3162 2090 3274 2129; x_wconf 88' lang='lat' dir='ltr'><strong>non</strong></span> <span class='ocrx_word' id='word_1_463' title='bbox 3289 2084 3506 2147; x_wconf 83' lang='lat' dir='ltr'><strong>possent</strong></span> <span class='ocrx_word' id='word_1_464' title='bbox 3536 2055 3694 2156; x_wconf 73' lang='lat' dir='ltr'><strong>(Gen.</strong></span> <span class='ocrx_word' id='word_1_465' title='bbox 3729 2055 3844 2157; x_wconf 61' lang='lat' dir='ltr'><strong>xui,</strong></span> 
     </span>
    </p>
   </div>
   <div class='ocr_carea' id='block_1_66' title="bbox 2132 2142 3848 2243">
    <p class='ocr_par' dir='ltr' id='par_1_66' title="bbox 2132 2142 3848 2243">
     <span class='ocr_line' id='line_1_67' title="bbox 2132 2142 3848 2243; baseline 0.024 -48"><span class='ocrx_word' id='word_1_466' title='bbox 2132 2142 2187 2243; x_wconf 51' lang='grc' dir='ltr'><strong>εξ,</strong></span> <span class='ocrx_word' id='word_1_467' title='bbox 2215 2144 2281 2197; x_wconf 75' lang='grc'><strong>10</strong></span> <span class='ocrx_word' id='word_1_468' title='bbox 2310 2146 2466 2243; x_wconf 54' lang='grc' dir='ltr'><strong>τεῳ).</strong></span> <span class='ocrx_word' id='word_1_469' title='bbox 2501 2149 2648 2243; x_wconf 79' lang='lat' dir='ltr'><strong>Quid</strong></span> <span class='ocrx_word' id='word_1_470' title='bbox 2673 2157 2762 2243; x_wconf 79' lang='lat' dir='ltr'><strong>est</strong></span> <span class='ocrx_word' id='word_1_471' title='bbox 2791 2157 2945 2225; x_wconf 92' lang='lat' dir='ltr'><strong>quod</strong></span> <span class='ocrx_word' id='word_1_472' title='bbox 2980 2160 3151 2218; x_wconf 86' lang='lat' dir='ltr'><strong>malis</strong></span> <span class='ocrx_word' id='word_1_473' title='bbox 3197 2142 3659 2243; x_wconf 78' lang='lat' dir='ltr'><strong>adversantibus,</strong></span> 
     </span>
    </p>
   </div>
   <div class='ocr_carea' id='block_1_67' title="bbox 2135 2233 3844 2336">
    <p class='ocr_par' dir='ltr' id='par_1_67' title="bbox 2135 2233 3844 2336">
     <span class='ocr_line' id='line_1_68' title="bbox 2135 2233 3844 2336; baseline 0.024 -52"><span class='ocrx_word' id='word_1_474' title='bbox 2135 2233 2376 2336; x_wconf 78' lang='lat' dir='ltr'><strong>domum</strong></span> <span class='ocrx_word' id='word_1_475' title='bbox 2411 2235 2512 2336; x_wconf 42' lang='grc' dir='ltr'><strong>[ἴοι</strong></span> <span class='ocrx_word' id='word_1_476' title='bbox 2545 2239 2842 2297; x_wconf 90' lang='lat' dir='ltr'><strong>reducitur</strong></span> <span class='ocrx_word' id='word_1_477' title='bbox 2869 2250 2936 2336; x_wconf 87' lang='lat' dir='ltr'><strong>et</strong></span> <span class='ocrx_word' id='word_1_478' title='bbox 2973 2250 3260 2319; x_wconf 92' lang='lat' dir='ltr'><strong>munitur,</strong></span> <span class='ocrx_word' id='word_1_479' title='bbox 3304 2257 3415 2313; x_wconf 90' lang='lat' dir='ltr'><strong>nisi</strong></span> <span class='ocrx_word' id='word_1_480' title='bbox 3457 2264 3613 2331; x_wconf 91' lang='lat' dir='ltr'><strong>quod</strong></span> <span class='ocrx_word' id='word_1_481' title='bbox 3641 2233 3844 2336; x_wconf 76' lang='lat' dir='ltr'><strong>justus</strong></span> 
     </span>
    </p>
   </div>
   <div class='ocr_carea' id='block_1_68' title="bbox 2131 2322 3844 2416">
    <p class='ocr_par' dir='ltr' id='par_1_68' title="bbox 2131 2322 3844 2416">
     <span class='ocr_line' id='line_1_69' title="bbox 2131 2322 3844 2416; baseline 0.024 -42"><span class='ocrx_word' id='word_1_482' title='bbox 2131 2322 2381 2416; x_wconf 85' lang='lat' dir='ltr'><strong>quisque</strong></span> <span class='ocrx_word' id='word_1_483' title='bbox 2413 2324 2553 2380; x_wconf 92' lang='lat' dir='ltr'><strong>dum</strong></span> <span class='ocrx_word' id='word_1_484' title='bbox 2588 2344 2895 2399; x_wconf 90' lang='lat' dir='ltr'><strong>pravorum</strong></span> <span class='ocrx_word' id='word_1_485' title='bbox 2927 2335 3165 2396; x_wconf 88' lang='lat' dir='ltr'><strong>insidias</strong></span> <span class='ocrx_word' id='word_1_486' title='bbox 3195 2322 3559 2416; x_wconf 29' lang='lat' dir='ltr'><strong>suatinetfad</strong></span> <span class='ocrx_word' id='word_1_487' title='bbox 3585 2322 3844 2416; x_wconf 65' lang='lat' dir='ltr'><strong>mentem</strong></span> 
     </span>
    </p>
   </div>
   <div class='ocr_carea' id='block_1_69' title="bbox 2130 2413 3842 2505">
    <p class='ocr_par' dir='ltr' id='par_1_69' title="bbox 2130 2413 3842 2505">
     <span class='ocr_line' id='line_1_70' title="bbox 2130 2413 3842 2505; baseline 0.025 -43"><span class='ocrx_word' id='word_1_488' title='bbox 2130 2413 2457 2505; x_wconf 74' lang='lat' dir='ltr'><strong>revertitur,</strong></span> <span class='ocrx_word' id='word_1_489' title='bbox 2486 2419 2541 2470; x_wconf 90' lang='lat' dir='ltr'><strong>et</strong></span> <span class='ocrx_word' id='word_1_490' title='bbox 2571 2418 2996 2490; x_wconf 84' lang='lat' dir='ltr'><strong>imperterritus</strong></span> <span class='ocrx_word' id='word_1_491' title='bbox 3028 2434 3272 2487; x_wconf 86' lang='lat' dir='ltr'><strong>manet?</strong></span> <span class='ocrx_word' id='word_1_492' title='bbox 3310 2413 3621 2496; x_wconf 75' lang='lat' dir='ltr'><strong>Sodomitas</strong></span> <span class='ocrx_word' id='word_1_493' title='bbox 3653 2413 3842 2505; x_wconf 79' lang='lat' dir='ltr'><strong>autem</strong></span> 
     </span>
    </p>
   </div>
   <div class='ocr_carea' id='block_1_70' title="bbox 2129 2497 3839 2601">
    <p class='ocr_par' dir='ltr' id='par_1_70' title="bbox 2129 2497 3839 2601">
     <span class='ocr_line' id='line_1_71' title="bbox 2129 2497 3839 2601; baseline 0.024 -51"><span class='ocrx_word' id='word_1_494' title='bbox 2129 2497 2316 2601; x_wconf 33' lang='lat' dir='ltr'><strong>virilia</strong></span> <span class='ocrx_word' id='word_1_495' title='bbox 2349 2502 2519 2558; x_wconf 88' lang='lat' dir='ltr'><strong>domo</strong></span> <span class='ocrx_word' id='word_1_496' title='bbox 2552 2504 2654 2601; x_wconf 73' lang='lat' dir='ltr'><strong>Lot</strong></span> <span class='ocrx_word' id='word_1_497' title='bbox 2685 2507 2942 2567; x_wconf 91' lang='lat' dir='ltr'><strong>invenire</strong></span> <span class='ocrx_word' id='word_1_498' title='bbox 2968 2515 3183 2573; x_wconf 88' lang='lat' dir='ltr'><strong>ostium</strong></span> <span class='ocrx_word' id='word_1_499' title='bbox 3216 2531 3532 2595; x_wconf 88' lang='lat' dir='ltr'><strong>nequeunt,</strong></span> <span class='ocrx_word' id='word_1_500' title='bbox 3558 2497 3839 2601; x_wconf 40' lang='lat' dir='ltr'><strong>quia—co;</strong></span> 
     </span>
    </p>
   </div>
   <div class='ocr_carea' id='block_1_71' title="bbox 2129 2593 3833 2680">
    <p class='ocr_par' dir='ltr' id='par_1_71' title="bbox 2129 2593 3833 2680">
     <span class='ocr_line' id='line_1_72' title="bbox 2129 2593 3833 2680; baseline 0.023 -39"><span class='ocrx_word' id='word_1_501' title='bbox 2129 2593 2392 2680; x_wconf 82' lang='lat' dir='ltr'><strong>ruptores</strong></span> <span class='ocrx_word' id='word_1_502' title='bbox 2423 2593 2705 2650; x_wconf 89' lang='lat' dir='ltr'><strong>mentium</strong></span> <span class='ocrx_word' id='word_1_503' title='bbox 2739 2607 2938 2656; x_wconf 80' lang='lat' dir='ltr'><strong>contra</strong></span> <span class='ocrx_word' id='word_1_504' title='bbox 2966 2603 3138 2661; x_wconf 89' lang='lat' dir='ltr'><strong>vitam</strong></span> <span class='ocrx_word' id='word_1_505' title='bbox 3159 2593 3833 2680; x_wconf 15' lang='lat' dir='ltr'><strong>justirnullum-accusa-</strong></span> 
     </span>
    </p>
   </div>
   <div class='ocr_carea' id='block_1_72' title="bbox 2125 2677 3834 2771">
    <p class='ocr_par' dir='ltr' id='par_1_72' title="bbox 2125 2677 3834 2771">
     <span class='ocr_line' id='line_1_73' title="bbox 2125 2677 3834 2771; baseline 0.022 -38"><span class='ocrx_word' id='word_1_506' title='bbox 2125 2677 2299 2771; x_wconf 86' lang='lat' dir='ltr'><strong>tionis</strong></span> <span class='ocrx_word' id='word_1_507' title='bbox 2337 2680 2560 2771; x_wconf 82' lang='lat' dir='ltr'><strong>aditum</strong></span> <span class='ocrx_word' id='word_1_508' title='bbox 2592 2684 3052 2758; x_wconf 81' lang='lat' dir='ltr'><strong>deprehendunt.</strong></span> <span class='ocrx_word' id='word_1_509' title='bbox 3088 2677 3356 2757; x_wconf 83' lang='lat' dir='ltr'><strong>Percussi</strong></span> <span class='ocrx_word' id='word_1_510' title='bbox 3389 2705 3544 2764; x_wconf 90' lang='lat' dir='ltr'><strong>enim</strong></span> <span class='ocrx_word' id='word_1_511' title='bbox 3578 2677 3834 2771; x_wconf 66' lang='lat' dir='ltr'><strong>caecitate</strong></span> 
     </span>
    </p>
   </div>
   <div class='ocr_carea' id='block_1_73' title="bbox 2125 2769 3833 2858">
    <p class='ocr_par' dir='ltr' id='par_1_73' title="bbox 2125 2769 3833 2858">
     <span class='ocr_line' id='line_1_74' title="bbox 2125 2769 3833 2858; baseline 0.023 -39"><span class='ocrx_word' id='word_1_512' title='bbox 2125 2769 2289 2837; x_wconf 89' lang='lat' dir='ltr'><strong>quasi</strong></span> <span class='ocrx_word' id='word_1_513' title='bbox 2323 2769 2566 2826; x_wconf 91' lang='lat' dir='ltr'><strong>domum</strong></span> <span class='ocrx_word' id='word_1_514' title='bbox 2599 2773 2983 2849; x_wconf 90' lang='lat' dir='ltr'><strong>circumeunt,</strong></span> <span class='ocrx_word' id='word_1_515' title='bbox 3012 2785 3109 2855; x_wconf 92' lang='lat' dir='ltr'><strong>qui</strong></span> <span class='ocrx_word' id='word_1_516' title='bbox 3133 2785 3455 2849; x_wconf 89' lang='lat' dir='ltr'><strong>invidentes</strong></span> <span class='ocrx_word' id='word_1_517' title='bbox 3481 2794 3629 2853; x_wconf 81' lang='lat' dir='ltr'><strong>facta</strong></span> <span class='ocrx_word' id='word_1_518' title='bbox 3650 2769 3833 2858; x_wconf 53' lang='lat' dir='ltr'><strong>dicta;</strong></span> 
     </span>
    </p>
   </div>
   <div class='ocr_carea' id='block_1_74' title="bbox 2125 2865 3834 2953">
    <p class='ocr_par' dir='ltr' id='par_1_74' title="bbox 2125 2865 3834 2953">
     <span class='ocr_line' id='line_1_75' title="bbox 2125 2865 3834 2953; baseline 0.023 -44"><span class='ocrx_word' id='word_1_519' title='bbox 2125 2871 2264 2953; x_wconf 34' lang='lat' dir='ltr'><strong>que-</strong></span> <span class='ocrx_word' id='word_1_520' title='bbox 2285 2865 2744 2953; x_wconf 83' lang='lat' dir='ltr'><strong>perscrutantur.</strong></span> <span class='ocrx_word' id='word_1_521' title='bbox 2788 2868 2892 2924; x_wconf 84' lang='lat' dir='ltr'><strong>Sed</strong></span> <span class='ocrx_word' id='word_1_522' title='bbox 2927 2873 3067 2938; x_wconf 85' lang='lat' dir='ltr'><strong>quia</strong></span> <span class='ocrx_word' id='word_1_523' title='bbox 3099 2875 3183 2932; x_wconf 92' lang='lat' dir='ltr'><strong>eis</strong></span> <span class='ocrx_word' id='word_1_524' title='bbox 3215 2878 3286 2934; x_wconf 91' lang='lat' dir='ltr'><strong>de</strong></span> <span class='ocrx_word' id='word_1_525' title='bbox 3316 2880 3430 2937; x_wconf 91' lang='lat' dir='ltr'><strong>vita</strong></span> <span class='ocrx_word' id='word_1_526' title='bbox 3451 2884 3601 2953; x_wconf 89' lang='lat' dir='ltr'><strong>justi</strong></span> <span class='ocrx_word' id='word_1_527' title='bbox 3663 2889 3834 2948; x_wconf 84' lang='lat' dir='ltr'><strong>fortis</strong></span> 
     </span>
    </p>
   </div>
   <div class='ocr_carea' id='block_1_75' title="bbox 2125 2948 3832 3037">
    <p class='ocr_par' dir='ltr' id='par_1_75' title="bbox 2125 2948 3832 3037">
     <span class='ocr_line' id='line_1_76' title="bbox 2125 2948 3832 3037; baseline 0.022 -37"><span class='ocrx_word' id='word_1_528' title='bbox 2125 2948 2380 3017; x_wconf 84' lang='lat' dir='ltr'><strong>undique</strong></span> <span class='ocrx_word' id='word_1_529' title='bbox 2403 2966 2469 3007; x_wconf 89' lang='lat' dir='ltr'><strong>ac</strong></span> <span class='ocrx_word' id='word_1_530' title='bbox 2490 2950 2799 3011; x_wconf 89' lang='lat' dir='ltr'><strong>laudabilis</strong></span> <span class='ocrx_word' id='word_1_531' title='bbox 2818 2960 2966 3015; x_wconf 88' lang='lat' dir='ltr'><strong>actio</strong></span> <span class='ocrx_word' id='word_1_532' title='bbox 2980 2962 3191 3033; x_wconf 85' lang='lat' dir='ltr'><strong>obviat,</strong></span> <span class='ocrx_word' id='word_1_533' title='bbox 3216 2948 3475 3028; x_wconf 76' lang='lat' dir='ltr'><strong>errantes</strong></span> <span class='ocrx_word' id='word_1_534' title='bbox 3505 2974 3650 3032; x_wconf 90' lang='lat' dir='ltr'><strong>nihil</strong></span> <span class='ocrx_word' id='word_1_535' title='bbox 3674 2978 3832 3037; x_wconf 88' lang='lat' dir='ltr'><strong>aliud</strong></span> 
     </span>
    </p>
   </div>
   <div class='ocr_carea' id='block_1_76' title="bbox 2122 3041 3831 3136">
    <p class='ocr_par' dir='ltr' id='par_1_76' title="bbox 2122 3041 3831 3136">
     <span class='ocr_line' id='line_1_77' title="bbox 2122 3041 3831 3136; baseline 0.022 -47"><span class='ocrx_word' id='word_1_536' title='bbox 2122 3051 2296 3136; x_wconf 87' lang='lat' dir='ltr'><strong>quam</strong></span> <span class='ocrx_word' id='word_1_537' title='bbox 2331 3041 2612 3136; x_wconf 77' lang='lat' dir='ltr'><strong>parietem</strong></span> <span class='ocrx_word' id='word_1_538' title='bbox 2647 3045 2903 3136; x_wconf 87' lang='lat' dir='ltr'><strong>palpant.</strong></span> <span class='ocrx_word' id='word_1_539' title='bbox 2933 3051 3084 3108; x_wconf 89' lang='lat' dir='ltr'><strong>Bene</strong></span> <span class='ocrx_word' id='word_1_540' title='bbox 3116 3071 3255 3128; x_wconf 82' lang='lat' dir='ltr'><strong>ergo</strong></span> <span class='ocrx_word' id='word_1_541' title='bbox 3278 3058 3530 3118; x_wconf 88' lang='lat' dir='ltr'><strong>dicitur:</strong></span> <span class='ocrx_word' id='word_1_542' title='bbox 3564 3070 3743 3136; x_wconf 82' lang='lat' dir='ltr'><strong>Quasi</strong></span> <span class='ocrx_word' id='word_1_543' title='bbox 3770 3072 3831 3125; x_wconf 93' lang='lat' dir='ltr'><strong>in</strong></span> 
     </span>
    </p>
   </div>
   <div class='ocr_carea' id='block_1_77' title="bbox 3423 3151 3834 3217">
    <p class='ocr_par' dir='ltr' id='par_1_77' title="bbox 3423 3151 3834 3217">
     <span class='ocr_line' id='line_1_78' title="bbox 3423 3151 3834 3217; baseline 0.034 -13"><span class='ocrx_word' id='word_1_544' title='bbox 3423 3151 3563 3208; x_wconf 92' lang='lat' dir='ltr'><strong>dum</strong></span> <span class='ocrx_word' id='word_1_545' title='bbox 3618 3155 3834 3217; x_wconf 89' lang='lat' dir='ltr'><strong>bonum</strong></span> 
     </span>
    </p>
   </div>
   <div class='ocr_carea' id='block_1_78' title="bbox 2125 3217 3831 3318">
    <p class='ocr_par' dir='ltr' id='par_1_78' title="bbox 2125 3217 3831 3318">
     <span class='ocr_line' id='line_1_79' title="bbox 2125 3217 3831 3318; baseline 0.021 -50"><span class='ocrx_word' id='word_1_546' title='bbox 2125 3217 2281 3318; x_wconf 81' lang='lat' dir='ltr'><strong>quod</strong></span> <span class='ocrx_word' id='word_1_547' title='bbox 2332 3218 2529 3318; x_wconf 74' lang='lat' dir='ltr'><strong>vident</strong></span> <span class='ocrx_word' id='word_1_548' title='bbox 2591 3238 2866 3281; x_wconf 87' lang='lat' dir='ltr'><strong>accusare</strong></span> <span class='ocrx_word' id='word_1_549' title='bbox 2932 3239 3254 3303; x_wconf 90' lang='lat' dir='ltr'><strong>nequeunt,</strong></span> <span class='ocrx_word' id='word_1_550' title='bbox 3325 3241 3518 3296; x_wconf 66' lang='lat' dir='ltr'><strong>caecati</strong></span> <span class='ocrx_word' id='word_1_551' title='bbox 3588 3245 3831 3318; x_wconf 88' lang='lat' dir='ltr'><strong>malitia,</strong></span> 
     </span>
    </p>
   </div>
   <div class='ocr_carea' id='block_1_79' title="bbox 2122 3306 3832 3403">
    <p class='ocr_par' dir='ltr' id='par_1_79' title="bbox 2122 3306 3832 3403">
     <span class='ocr_line' id='line_1_80' title="bbox 2122 3306 3832 3403; baseline 0.022 -46"><span class='ocrx_word' id='word_1_552' title='bbox 2122 3306 2340 3403; x_wconf 62' lang='lat' dir='ltr'><strong>malum</strong></span> <span class='ocrx_word' id='word_1_553' title='bbox 2375 3310 2530 3403; x_wconf 84' lang='lat' dir='ltr'><strong>quod</strong></span> <span class='ocrx_word' id='word_1_554' title='bbox 2565 3328 2676 3368; x_wconf 93' lang='lat' dir='ltr'><strong>non</strong></span> <span class='ocrx_word' id='word_1_555' title='bbox 2719 3315 2913 3372; x_wconf 89' lang='lat' dir='ltr'><strong>vident</strong></span> <span class='ocrx_word' id='word_1_556' title='bbox 2944 3321 3015 3375; x_wconf 91' lang='lat' dir='ltr'><strong>ad</strong></span> <span class='ocrx_word' id='word_1_557' title='bbox 3062 3324 3495 3385; x_wconf 89' lang='lat' dir='ltr'><strong>accusationem</strong></span> <span class='ocrx_word' id='word_1_558' title='bbox 3546 3306 3832 3403; x_wconf 59' lang='lat' dir='ltr'><strong>quierunt:</strong></span> 
     </span>
    </p>
   </div>
   <div class='ocr_carea' id='block_1_80' title="bbox 2195 3395 3836 3490">
    <p class='ocr_par' dir='ltr' id='par_1_80' title="bbox 2195 3395 3836 3490">
     <span class='ocr_line' id='line_1_81' title="bbox 2195 3395 3836 3490; baseline 0.021 -42"><span class='ocrx_word' id='word_1_559' title='bbox 2195 3395 2282 3450; x_wconf 90' lang='lat'><strong>39.</strong></span> <span class='ocrx_word' id='word_1_560' title='bbox 2335 3398 2412 3452; x_wconf 86' lang='lat' dir='ltr'><strong>Ad</strong></span> <span class='ocrx_word' id='word_1_561' title='bbox 2466 3401 2684 3471; x_wconf 87' lang='lat' dir='ltr'><strong>culpam</strong></span> <span class='ocrx_word' id='word_1_562' title='bbox 2740 3419 2837 3460; x_wconf 84' lang='lat' dir='ltr'><strong>nos</strong></span> <span class='ocrx_word' id='word_1_563' title='bbox 2893 3409 3068 3466; x_wconf 86' lang='lat' dir='ltr'><strong>trahit</strong></span> <span class='ocrx_word' id='word_1_564' title='bbox 3121 3412 3406 3473; x_wconf 79' lang='lat' dir='ltr'><strong>delectatio</strong></span> <span class='ocrx_word' id='word_1_565' title='bbox 3460 3395 3578 3476; x_wconf 46' lang='lat' dir='ltr'><strong>aut-</strong></span> <span class='ocrx_word' id='word_1_566' title='bbox 3622 3431 3836 3490; x_wconf 82' lang='lat' dir='ltr'><strong>terror:</strong></span> 
     </span>
    </p>
   </div>
   <div class='ocr_carea' id='block_1_81' title="bbox 2120 3490 3828 3584">
    <p class='ocr_par' dir='ltr' id='par_1_81' title="bbox 2120 3490 3828 3584">
     <span class='ocr_line' id='line_1_82' title="bbox 2120 3490 3828 3584; baseline 0.022 -47"><span class='ocrx_word' id='word_1_567' title='bbox 2120 3490 2377 3584; x_wconf 65' lang='lat' dir='ltr'><strong>neutrum</strong></span> <span class='ocrx_word' id='word_1_568' title='bbox 2397 3490 2542 3584; x_wconf 82' lang='lat' dir='ltr'><strong>valet</strong></span> <span class='ocrx_word' id='word_1_569' title='bbox 2563 3490 2622 3545; x_wconf 89' lang='lat' dir='ltr'><strong>in</strong></span> <span class='ocrx_word' id='word_1_570' title='bbox 2638 3492 2930 3584; x_wconf 83' lang='lat' dir='ltr'><strong>humilem.</strong></span> <span class='ocrx_word' id='word_1_571' title='bbox 2955 3530 3021 3541; x_wconf 93' lang='lat'>—</span> <span class='ocrx_word' id='word_1_572' title='bbox 3046 3500 3150 3556; x_wconf 91' lang='lat' dir='ltr'><strong>Ubi</strong></span> <span class='ocrx_word' id='word_1_573' title='bbox 3171 3507 3226 3559; x_wconf 91' lang='lat' dir='ltr'><strong>et</strong></span> <span class='ocrx_word' id='word_1_574' title='bbox 3248 3510 3399 3563; x_wconf 89' lang='lat' dir='ltr'><strong>recte</strong></span> <span class='ocrx_word' id='word_1_575' title='bbox 3411 3510 3791 3584; x_wconf 82' lang='lat' dir='ltr'><strong>subjungitur</strong></span> <span class='ocrx_word' id='word_1_576' title='bbox 3812 3535 3828 3574; x_wconf 87' lang='lat'>:</span> 
     </span>
    </p>
   </div>
   <div class='ocr_carea' id='block_1_82' title="bbox 2120 3577 3831 3664">
    <p class='ocr_par' dir='ltr' id='par_1_82' title="bbox 2120 3577 3831 3664">
     <span class='ocr_line' id='line_1_83' title="bbox 2120 3577 3831 3664; baseline 0.02 -36"><span class='ocrx_word' id='word_1_577' title='bbox 2120 3577 2289 3631; x_wconf 88' lang='lat' dir='ltr'><strong>Porro</strong></span> <span class='ocrx_word' id='word_1_578' title='bbox 2318 3577 2536 3634; x_wconf 85' lang='lat' dir='ltr'><strong>salvum</strong></span> <span class='ocrx_word' id='word_1_579' title='bbox 2561 3582 2726 3650; x_wconf 80' lang='lat' dir='ltr'><strong>faciet</strong></span> <span class='ocrx_word' id='word_1_580' title='bbox 2771 3584 2837 3638; x_wconf 89' lang='lat' dir='ltr'><strong>de</strong></span> <span class='ocrx_word' id='word_1_581' title='bbox 2876 3587 3062 3656; x_wconf 81' lang='lat' dir='ltr'><strong>gladio</strong></span> <span class='ocrx_word' id='word_1_582' title='bbox 3092 3594 3203 3645; x_wconf 88' lang='lat' dir='ltr'><strong>oris</strong></span> <span class='ocrx_word' id='word_1_583' title='bbox 3230 3610 3440 3664; x_wconf 87' lang='lat' dir='ltr'><strong>eorum,</strong></span> <span class='ocrx_word' id='word_1_584' title='bbox 3472 3577 3538 3655; x_wconf 28' lang='lat' dir='ltr'><strong>et-</strong></span> <span class='ocrx_word' id='word_1_585' title='bbox 3550 3602 3614 3657; x_wconf 88' lang='lat' dir='ltr'><strong>de</strong></span> <span class='ocrx_word' id='word_1_586' title='bbox 3633 3577 3831 3662; x_wconf 36' lang='lat' dir='ltr'><strong>“manu</strong></span> 
     </span>
    </p>
   </div>
   <div class='ocr_carea' id='block_1_83' title="bbox 2121 3666 3826 3766">
    <p class='ocr_par' dir='ltr' id='par_1_83' title="bbox 2121 3666 3826 3766">
     <span class='ocr_line' id='line_1_84' title="bbox 2121 3666 3826 3766; baseline 0.02 -48"><span class='ocrx_word' id='word_1_587' title='bbox 2121 3666 2347 3766; x_wconf 74' lang='lat' dir='ltr'><strong>violenti</strong></span> <span class='ocrx_word' id='word_1_588' title='bbox 2374 3684 2690 3766; x_wconf 72' lang='lat' dir='ltr'><strong>pauperem.</strong></span> <span class='ocrx_word' id='word_1_589' title='bbox 2726 3673 2950 3746; x_wconf 90' lang='lat' dir='ltr'><strong>Pauper</strong></span> <span class='ocrx_word' id='word_1_590' title='bbox 2981 3679 3196 3751; x_wconf 91' lang='lat' dir='ltr'><strong>quippe</strong></span> <span class='ocrx_word' id='word_1_591' title='bbox 3225 3691 3328 3756; x_wconf 86' lang='lat' dir='ltr'><strong>est,</strong></span> <span class='ocrx_word' id='word_1_592' title='bbox 3369 3687 3641 3761; x_wconf 88' lang='lat' dir='ltr'><strong>quisquis</strong></span> <span class='ocrx_word' id='word_1_593' title='bbox 3672 3697 3826 3766; x_wconf 90' lang='lat' dir='ltr'><strong>apud</strong></span> 
     </span>
    </p>
   </div>
   <div class='ocr_carea' id='block_1_84' title="bbox 2122 3757 3828 3853">
    <p class='ocr_par' dir='ltr' id='par_1_84' title="bbox 2122 3757 3828 3853">
     <span class='ocr_line' id='line_1_85' title="bbox 2122 3757 3828 3853; baseline 0.019 -44"><span class='ocrx_word' id='word_1_594' title='bbox 2122 3757 2500 3853; x_wconf 67' lang='lat' dir='ltr'><strong>semetipsum</strong></span> <span class='ocrx_word' id='word_1_595' title='bbox 2533 3759 2720 3853; x_wconf 78' lang='lat' dir='ltr'><strong>elatus</strong></span> <span class='ocrx_word' id='word_1_596' title='bbox 2753 3779 2866 3820; x_wconf 90' lang='lat' dir='ltr'><strong>non</strong></span> <span class='ocrx_word' id='word_1_597' title='bbox 2898 3771 3005 3822; x_wconf 90' lang='lat' dir='ltr'><strong>est.</strong></span> <span class='ocrx_word' id='word_1_598' title='bbox 3041 3768 3203 3826; x_wconf 90' lang='lat' dir='ltr'><strong>Unde</strong></span> <span class='ocrx_word' id='word_1_599' title='bbox 3234 3781 3288 3828; x_wconf 90' lang='lat' dir='ltr'><strong>et</strong></span> <span class='ocrx_word' id='word_1_600' title='bbox 3318 3792 3421 3846; x_wconf 91' lang='lat' dir='ltr'><strong>per</strong></span> <span class='ocrx_word' id='word_1_601' title='bbox 3450 3757 3828 3853; x_wconf 41' lang='lat' dir='ltr'><strong>Ev‘angelium</strong></span> 
     </span>
    </p>
   </div>
   <div class='ocr_carea' id='block_1_85' title="bbox 2121 3845 3828 3944">
    <p class='ocr_par' dir='ltr' id='par_1_85' title="bbox 2121 3845 3828 3944">
     <span class='ocr_line' id='line_1_86' title="bbox 2121 3845 3828 3944; baseline 0.019 -47"><span class='ocrx_word' id='word_1_602' title='bbox 2121 3845 2349 3901; x_wconf 90' lang='lat' dir='ltr'><strong>Veritas</strong></span> <span class='ocrx_word' id='word_1_603' title='bbox 2376 3847 2552 3904; x_wconf 88' lang='lat' dir='ltr'><strong>dicit:</strong></span> <span class='ocrx_word' id='word_1_604' title='bbox 2604 3852 2762 3906; x_wconf 85' lang='lat' dir='ltr'><strong>Beati</strong></span> <span class='ocrx_word' id='word_1_605' title='bbox 2801 3870 3064 3924; x_wconf 81' lang='lat' dir='ltr'><strong>pauperes</strong></span> <span class='ocrx_word' id='word_1_606' title='bbox 3110 3845 3334 3929; x_wconf 72' lang='lat' dir='ltr'><strong>spiritu,</strong></span> <span class='ocrx_word' id='word_1_607' title='bbox 3381 3845 3640 3935; x_wconf 69' lang='lat' dir='ltr'><strong>quoniam</strong></span> <span class='ocrx_word' id='word_1_608' title='bbox 3687 3877 3828 3944; x_wconf 81' lang='lat' dir='ltr'><strong>ipso-</strong></span> 
     </span>
    </p>
   </div>
   <div class='ocr_carea' id='block_1_86' title="bbox 2121 3945 3828 4026">
    <p class='ocr_par' dir='ltr' id='par_1_86' title="bbox 2121 3945 3828 4026">
     <span class='ocr_line' id='line_1_87' title="bbox 2121 3945 3828 4026; baseline 0.018 -34"><span class='ocrx_word' id='word_1_609' title='bbox 2121 3955 2247 3993; x_wconf 89' lang='lat' dir='ltr'><strong>rum</strong></span> <span class='ocrx_word' id='word_1_610' title='bbox 2291 3946 2372 3995; x_wconf 84' lang='lat' dir='ltr'><strong>est</strong></span> <span class='ocrx_word' id='word_1_611' title='bbox 2423 3957 2649 4011; x_wconf 86' lang='lat' dir='ltr'><strong>regnum</strong></span> <span class='ocrx_word' id='word_1_612' title='bbox 2696 3945 2956 4002; x_wconf 69' lang='lat' dir='ltr'><strong>caelorum</strong></span> <span class='ocrx_word' id='word_1_613' title='bbox 2999 3950 3213 4021; x_wconf 83' lang='lat' dir='ltr'><strong>(Matth.</strong></span> <span class='ocrx_word' id='word_1_614' title='bbox 3242 3969 3294 4021; x_wconf 91' lang='lat' dir='ltr'><strong>v,</strong></span> <span class='ocrx_word' id='word_1_615' title='bbox 3327 3955 3402 4026; x_wconf 89' lang='lat'><strong>3).</strong></span> <span class='ocrx_word' id='word_1_616' title='bbox 3455 3957 3692 4019; x_wconf 90' lang='lat' dir='ltr'><strong>Duobus</strong></span> <span class='ocrx_word' id='word_1_617' title='bbox 3725 3983 3828 4022; x_wconf 83' lang='lat' dir='ltr'><strong>au-</strong></span> 
     </span>
    </p>
   </div>
   <div class='ocr_carea' id='block_1_87' title="bbox 2118 4028 3831 4115">
    <p class='ocr_par' dir='ltr' id='par_1_87' title="bbox 2118 4028 3831 4115">
     <span class='ocr_line' id='line_1_88' title="bbox 2118 4028 3831 4115; baseline 0.016 -33"><span class='ocrx_word' id='word_1_618' title='bbox 2118 4031 2234 4084; x_wconf 90' lang='lat' dir='ltr'><strong>tem</strong></span> <span class='ocrx_word' id='word_1_619' title='bbox 2269 4028 2457 4084; x_wconf 92' lang='lat' dir='ltr'><strong>modis</strong></span> <span class='ocrx_word' id='word_1_620' title='bbox 2489 4031 2560 4086; x_wconf 91' lang='lat' dir='ltr'><strong>ad</strong></span> <span class='ocrx_word' id='word_1_621' title='bbox 2590 4032 2822 4104; x_wconf 90' lang='lat' dir='ltr'><strong>culpam</strong></span> <span class='ocrx_word' id='word_1_622' title='bbox 2857 4039 3265 4112; x_wconf 88' lang='lat' dir='ltr'><strong>unusquisque</strong></span> <span class='ocrx_word' id='word_1_623' title='bbox 3311 4047 3680 4115; x_wconf 86' lang='lat' dir='ltr'><strong>pertrahitur.</strong></span> <span class='ocrx_word' id='word_1_624' title='bbox 3715 4056 3831 4110; x_wconf 86' lang='lat' dir='ltr'><strong>Aut</strong></span> 
     </span>
    </p>
   </div>
   <div class='ocr_carea' id='block_1_88' title="bbox 2121 4117 3824 4210">
    <p class='ocr_par' dir='ltr' id='par_1_88' title="bbox 2121 4117 3824 4210">
     <span class='ocr_line' id='line_1_89' title="bbox 2121 4117 3824 4210; baseline 0.016 -37"><span class='ocrx_word' id='word_1_625' title='bbox 2121 4117 2277 4173; x_wconf 88' lang='lat' dir='ltr'><strong>enim</strong></span> <span class='ocrx_word' id='word_1_626' title='bbox 2329 4119 2710 4178; x_wconf 89' lang='lat' dir='ltr'><strong>delectatione</strong></span> <span class='ocrx_word' id='word_1_627' title='bbox 2768 4124 3024 4194; x_wconf 89' lang='lat' dir='ltr'><strong>ducitur,</strong></span> <span class='ocrx_word' id='word_1_628' title='bbox 3073 4133 3175 4184; x_wconf 88' lang='lat' dir='ltr'><strong>aut</strong></span> <span class='ocrx_word' id='word_1_629' title='bbox 3238 4134 3455 4191; x_wconf 85' lang='lat' dir='ltr'><strong>terrore</strong></span> <span class='ocrx_word' id='word_1_630' title='bbox 3495 4147 3824 4210; x_wconf 89' lang='lat' dir='ltr'><strong>superatur.</strong></span> 
     </span>
    </p>
   </div>
   <div class='ocr_carea' id='block_1_89' title="bbox 2118 4206 3826 4294">
    <p class='ocr_par' dir='ltr' id='par_1_89' title="bbox 2118 4206 3826 4294">
     <span class='ocr_line' id='line_1_90' title="bbox 2118 4206 3826 4294; baseline 0.015 -32"><span class='ocrx_word' id='word_1_631' title='bbox 2118 4206 2356 4263; x_wconf 90' lang='lat' dir='ltr'><strong>Gladius</strong></span> <span class='ocrx_word' id='word_1_632' title='bbox 2389 4225 2641 4281; x_wconf 90' lang='lat' dir='ltr'><strong>namque</strong></span> <span class='ocrx_word' id='word_1_633' title='bbox 2674 4212 2791 4268; x_wconf 89' lang='lat' dir='ltr'><strong>oris</strong></span> <span class='ocrx_word' id='word_1_634' title='bbox 2822 4219 2910 4270; x_wconf 91' lang='lat' dir='ltr'><strong>est</strong></span> <span class='ocrx_word' id='word_1_635' title='bbox 2940 4216 3218 4288; x_wconf 88' lang='lat' dir='ltr'><strong>iniquitas</strong></span> <span class='ocrx_word' id='word_1_636' title='bbox 3250 4206 3665 4294; x_wconf 81' lang='lat' dir='ltr'><strong>persuasionis,</strong></span> <span class='ocrx_word' id='word_1_637' title='bbox 3699 4247 3826 4287; x_wconf 89' lang='lat' dir='ltr'><strong>ma-</strong></span> 
     </span>
    </p>
   </div>
   <div class='ocr_carea' id='block_1_90' title="bbox 2119 4299 3824 4391">
    <p class='ocr_par' dir='ltr' id='par_1_90' title="bbox 2119 4299 3824 4391">
     <span class='ocr_line' id='line_1_91' title="bbox 2119 4299 3824 4391; baseline 0.016 -40"><span class='ocrx_word' id='word_1_638' title='bbox 2119 4313 2224 4352; x_wconf 87' lang='lat' dir='ltr'><strong>nus</strong></span> <span class='ocrx_word' id='word_1_639' title='bbox 2256 4299 2449 4354; x_wconf 87' lang='lat' dir='ltr'><strong>autem</strong></span> <span class='ocrx_word' id='word_1_640' title='bbox 2482 4299 2717 4356; x_wconf 90' lang='lat' dir='ltr'><strong>violenti</strong></span> <span class='ocrx_word' id='word_1_641' title='bbox 2748 4307 2836 4357; x_wconf 89' lang='lat' dir='ltr'><strong>est</strong></span> <span class='ocrx_word' id='word_1_642' title='bbox 2857 4304 3178 4362; x_wconf 86' lang='lat' dir='ltr'><strong>adversitas</strong></span> <span class='ocrx_word' id='word_1_643' title='bbox 3201 4313 3522 4378; x_wconf 86' lang='lat' dir='ltr'><strong>potestatis.</strong></span> <span class='ocrx_word' id='word_1_644' title='bbox 3553 4315 3662 4372; x_wconf 91' lang='lat' dir='ltr'><strong>Sed</strong></span> <span class='ocrx_word' id='word_1_645' title='bbox 3684 4320 3824 4391; x_wconf 86' lang='lat' dir='ltr'><strong>quia</strong></span> 
     </span>
    </p>
   </div>
   <div class='ocr_carea' id='block_1_91' title="bbox 2115 4389 3823 4482">
    <p class='ocr_par' dir='ltr' id='par_1_91' title="bbox 2115 4389 3823 4482">
     <span class='ocr_line' id='line_1_92' title="bbox 2115 4389 3823 4482; baseline 0.016 -41"><span class='ocrx_word' id='word_1_646' title='bbox 2115 4389 2393 4482; x_wconf 76' lang='lat' dir='ltr'><strong>veraciter</strong></span> <span class='ocrx_word' id='word_1_647' title='bbox 2423 4389 2684 4460; x_wconf 89' lang='lat' dir='ltr'><strong>humilis,</strong></span> <span class='ocrx_word' id='word_1_648' title='bbox 2718 4393 2814 4463; x_wconf 92' lang='lat' dir='ltr'><strong>qui</strong></span> <span class='ocrx_word' id='word_1_649' title='bbox 2849 4393 2958 4451; x_wconf 88' lang='lat' dir='ltr'><strong>hoc</strong></span> <span class='ocrx_word' id='word_1_650' title='bbox 2995 4395 3119 4452; x_wconf 92' lang='lat' dir='ltr'><strong>loco</strong></span> <span class='ocrx_word' id='word_1_651' title='bbox 3151 4414 3374 4472; x_wconf 88' lang='lat' dir='ltr'><strong>pauper</strong></span> <span class='ocrx_word' id='word_1_652' title='bbox 3419 4411 3676 4478; x_wconf 84' lang='lat' dir='ltr'><strong>vocatur,</strong></span> <span class='ocrx_word' id='word_1_653' title='bbox 3702 4389 3823 4482; x_wconf 80' lang='lat' dir='ltr'><strong>quo</strong></span> 
     </span>
    </p>
   </div>
   <div class='ocr_carea' id='block_1_92' title="bbox 269 4467 3821 4557">
    <p class='ocr_par' dir='ltr' id='par_1_92' title="bbox 269 4467 3821 4557">
     <span class='ocr_line' id='line_1_93' title="bbox 269 4467 3821 4557; baseline 0.01 -35"><span class='ocrx_word' id='word_1_654' title='bbox 269 4467 478 4533; x_wconf 89' lang='lat' dir='ltr'><strong>credit,</strong></span> <span class='ocrx_word' id='word_1_655' title='bbox 504 4486 536 4522; x_wconf 88' lang='lat' dir='ltr'><strong>a</strong></span> <span class='ocrx_word' id='word_1_656' title='bbox 559 4467 960 4539; x_wconf 81' lang='lat' dir='ltr'><strong>Redemptoris</strong></span> <span class='ocrx_word' id='word_1_657' title='bbox 990 4468 1080 4524; x_wconf 90' lang='lat' dir='ltr'><strong>sui</strong></span> <span class='ocrx_word' id='word_1_658' title='bbox 1106 4469 1340 4539; x_wconf 86' lang='lat' dir='ltr'><strong>injuriis</strong></span> <span class='ocrx_word' id='word_1_659' title='bbox 1365 4472 1850 4544; x_wconf 90' lang='lat' dir='ltr'><strong>contumeliisque</strong></span> <span class='ocrx_word' id='word_1_660' title='bbox 1874 4491 1994 4530; x_wconf 85' lang='lat' dir='ltr'><strong>ces-</strong></span> <span class='ocrx_word' id='word_1_661' title='bbox 2033 4473 2084 4544; x_wconf 76' lang='grc' dir='ltr'><strong>Ι)</strong></span> <span class='ocrx_word' id='word_1_662' title='bbox 2115 4477 2278 4532; x_wconf 89' lang='lat' dir='ltr'><strong>nulla</strong></span> <span class='ocrx_word' id='word_1_663' title='bbox 2309 4477 2485 4549; x_wconf 90' lang='lat' dir='ltr'><strong>hujus</strong></span> <span class='ocrx_word' id='word_1_664' title='bbox 2519 4480 2722 4534; x_wconf 88' lang='lat' dir='ltr'><strong>mundi</strong></span> <span class='ocrx_word' id='word_1_665' title='bbox 2748 4498 3022 4554; x_wconf 90' lang='lat' dir='ltr'><strong>prospera</strong></span> <span class='ocrx_word' id='word_1_666' title='bbox 3053 4467 3293 4557; x_wconf 58' lang='lat' dir='ltr'><strong>appetit,</strong></span> <span class='ocrx_word' id='word_1_667' title='bbox 3329 4491 3479 4547; x_wconf 78' lang='lat' dir='ltr'><strong>I99</strong></span> <span class='ocrx_word' id='word_1_668' title='bbox 3503 4510 3568 4550; x_wconf 92' lang='lat' dir='ltr'><strong>eo</strong></span> <span class='ocrx_word' id='word_1_669' title='bbox 3600 4467 3821 4557; x_wconf 46' lang='lat' dir='ltr'><strong>au&#39;den;</strong></span> 
     </span>
    </p>
   </div>
   <div class='ocr_carea' id='block_1_93' title="bbox 270 4555 1995 4635">
    <p class='ocr_par' dir='ltr' id='par_1_93' title="bbox 270 4555 1995 4635">
     <span class='ocr_line' id='line_1_94' title="bbox 270 4555 1995 4635; baseline 0.003 -23"><span class='ocrx_word' id='word_1_670' title='bbox 270 4555 442 4612; x_wconf 89' lang='lat' dir='ltr'><strong>savit.</strong></span> <span class='ocrx_word' id='word_1_671' title='bbox 475 4558 548 4611; x_wconf 90' lang='lat' dir='ltr'><strong>Os</strong></span> <span class='ocrx_word' id='word_1_672' title='bbox 592 4557 748 4611; x_wconf 88' lang='lat' dir='ltr'><strong>enim</strong></span> <span class='ocrx_word' id='word_1_673' title='bbox 783 4573 979 4624; x_wconf 88' lang='lat' dir='ltr'><strong>suum,</strong></span> <span class='ocrx_word' id='word_1_674' title='bbox 1014 4558 1168 4628; x_wconf 92' lang='lat' dir='ltr'><strong>quod</strong></span> <span class='ocrx_word' id='word_1_675' title='bbox 1202 4558 1382 4614; x_wconf 94' lang='lat' dir='ltr'><strong>Deum</strong></span> <span class='ocrx_word' id='word_1_676' title='bbox 1417 4559 1729 4616; x_wconf 83' lang='lat' dir='ltr'><strong>deridenda</strong></span> <span class='ocrx_word' id='word_1_677' title='bbox 1753 4563 1995 4635; x_wconf 87' lang='lat' dir='ltr'><strong>aperuit,</strong></span> 
     </span>
    </p>
   </div>
   <div class='ocr_carea' id='block_1_94' title="bbox 262 4645 1133 4715">
    <p class='ocr_par' dir='ltr' id='par_1_94' title="bbox 262 4645 1133 4715">
     <span class='ocr_line' id='line_1_95' title="bbox 262 4645 1133 4715; baseline 0.002 -16"><span class='ocrx_word' id='word_1_678' title='bbox 262 4645 396 4715; x_wconf 89' lang='lat' dir='ltr'><strong>jam</strong></span> <span class='ocrx_word' id='word_1_679' title='bbox 434 4645 795 4702; x_wconf 80' lang='lat' dir='ltr'><strong>formidando</strong></span> <span class='ocrx_word' id='word_1_680' title='bbox 822 4647 1133 4702; x_wconf 81' lang='lat' dir='ltr'><strong>contraxit.</strong></span> 
     </span>
    </p>
   </div>
   <div class='ocr_carea' id='block_1_95' title="bbox 2112 4568 3823 4646">
    <p class='ocr_par' dir='ltr' id='par_1_95' title="bbox 2112 4568 3823 4646">
     <span class='ocr_line' id='line_1_96' title="bbox 2112 4568 3823 4646; baseline 0.016 -26"><span class='ocrx_word' id='word_1_681' title='bbox 2112 4571 2198 4621; x_wconf 90' lang='lat' dir='ltr'><strong>ter</strong></span> <span class='ocrx_word' id='word_1_682' title='bbox 2230 4568 2405 4622; x_wconf 90' lang='lat' dir='ltr'><strong>etiam</strong></span> <span class='ocrx_word' id='word_1_683' title='bbox 2449 4569 2693 4624; x_wconf 89' lang='lat' dir='ltr'><strong>adversa</strong></span> <span class='ocrx_word' id='word_1_684' title='bbox 2743 4574 3079 4641; x_wconf 90' lang='lat' dir='ltr'><strong>contemnit,</strong></span> <span class='ocrx_word' id='word_1_685' title='bbox 3130 4581 3280 4634; x_wconf 86' lang='lat' dir='ltr'><strong>recte</strong></span> <span class='ocrx_word' id='word_1_686' title='bbox 3323 4579 3823 4646; x_wconf 88' lang='lat' dir='ltr'><strong>dicitur:Salvum</strong></span> 
     </span>
    </p>
   </div>
   <div class='ocr_carea' id='block_1_96' title="bbox 2103 4657 3822 4750">
    <p class='ocr_par' dir='ltr' id='par_1_96' title="bbox 2103 4657 3822 4750">
     <span class='ocr_line' id='line_1_97' title="bbox 2103 4657 3822 4750; baseline 0.015 -40"><span class='ocrx_word' id='word_1_687' title='bbox 2103 4659 2271 4726; x_wconf 80' lang='lat' dir='ltr'><strong>faciet</strong></span> <span class='ocrx_word' id='word_1_688' title='bbox 2301 4657 2366 4712; x_wconf 85' lang='lat' dir='ltr'><strong>de</strong></span> <span class='ocrx_word' id='word_1_689' title='bbox 2393 4658 2579 4727; x_wconf 85' lang='lat' dir='ltr'><strong>gladio</strong></span> <span class='ocrx_word' id='word_1_690' title='bbox 2608 4661 2718 4715; x_wconf 87' lang='lat' dir='ltr'><strong>oris</strong></span> <span class='ocrx_word' id='word_1_691' title='bbox 2749 4676 2930 4717; x_wconf 84' lang='lat' dir='ltr'><strong>eorum</strong></span> <span class='ocrx_word' id='word_1_692' title='bbox 2965 4668 3016 4719; x_wconf 93' lang='lat' dir='ltr'><strong>et</strong></span> <span class='ocrx_word' id='word_1_693' title='bbox 3046 4664 3111 4720; x_wconf 80' lang='lat' dir='ltr'><strong>de</strong></span> <span class='ocrx_word' id='word_1_694' title='bbox 3148 4683 3319 4723; x_wconf 88' lang='lat' dir='ltr'><strong>manu</strong></span> <span class='ocrx_word' id='word_1_695' title='bbox 3358 4672 3585 4731; x_wconf 81' lang='lat' dir='ltr'><strong>violenti</strong></span> <span class='ocrx_word' id='word_1_696' title='bbox 3619 4694 3822 4750; x_wconf 87' lang='lat' dir='ltr'><strong>paupe-</strong></span> 
     </span>
    </p>
   </div>
   <div class='ocr_carea' id='block_1_97' title="bbox 348 4736 3820 4828">
    <p class='ocr_par' dir='ltr' id='par_1_97' title="bbox 348 4736 3820 4828">
     <span class='ocr_line' id='line_1_98' title="bbox 348 4736 3820 4828; baseline 0.012 -40"><span class='ocrx_word' id='word_1_697' title='bbox 348 4736 496 4803; x_wconf 90' lang='lat' dir='ltr'><strong>[Vet.</strong></span> <span class='ocrx_word' id='word_1_698' title='bbox 531 4737 682 4828; x_wconf 66' lang='grc' dir='ltr'><strong>κη]</strong></span> <span class='ocrx_word' id='word_1_699' title='bbox 717 4737 935 4828; x_wconf 57' lang='lat' dir='ltr'><strong>Sensus</strong></span> <span class='ocrx_word' id='word_1_700' title='bbox 967 4754 1232 4828; x_wconf 55' lang='lat' dir='ltr'><strong>mensus.</strong></span> <span class='ocrx_word' id='word_1_701' title='bbox 1267 4769 1333 4780; x_wconf 86' lang='lat'><strong>—-</strong></span> <span class='ocrx_word' id='word_1_702' title='bbox 1362 4739 1450 4794; x_wconf 91' lang='lat'><strong>38.</strong></span> <span class='ocrx_word' id='word_1_703' title='bbox 1483 4742 1803 4799; x_wconf 83' lang='lat' dir='ltr'><strong>lnvidorum</strong></span> <span class='ocrx_word' id='word_1_704' title='bbox 1845 4749 1996 4802; x_wconf 88' lang='lat' dir='ltr'><strong>tene-</strong></span> <span class='ocrx_word' id='word_1_705' title='bbox 2106 4753 2246 4804; x_wconf 78' lang='lat' dir='ltr'><strong>rem.</strong></span> <span class='ocrx_word' id='word_1_706' title='bbox 2278 4749 2355 4802; x_wconf 86' lang='lat' dir='ltr'><strong>Ac</strong></span> <span class='ocrx_word' id='word_1_707' title='bbox 2379 4748 2426 4803; x_wconf 91' lang='lat' dir='ltr'><strong>si</strong></span> <span class='ocrx_word' id='word_1_708' title='bbox 2461 4753 2661 4819; x_wconf 88' lang='lat' dir='ltr'><strong>aperte</strong></span> <span class='ocrx_word' id='word_1_709' title='bbox 2684 4750 3009 4809; x_wconf 86' lang='lat' dir='ltr'><strong>diceretur:</strong></span> <span class='ocrx_word' id='word_1_710' title='bbox 3062 4755 3156 4812; x_wconf 89' lang='lat' dir='ltr'><strong>Sic</strong></span> <span class='ocrx_word' id='word_1_711' title='bbox 3187 4757 3246 4813; x_wconf 92' lang='lat' dir='ltr'><strong>in</strong></span> <span class='ocrx_word' id='word_1_712' title='bbox 3285 4775 3346 4815; x_wconf 90' lang='lat' dir='ltr'><strong>se</strong></span> <span class='ocrx_word' id='word_1_713' title='bbox 3393 4761 3548 4820; x_wconf 89' lang='lat' dir='ltr'><strong>Deus</strong></span> <span class='ocrx_word' id='word_1_714' title='bbox 3593 4736 3820 4828; x_wconf 75' lang='lat' dir='ltr'><strong>mentes</strong></span> 
     </span>
    </p>
   </div>
   <div class='ocr_carea' id='block_1_98' title="bbox 273 4825 1992 4908">
    <p class='ocr_par' dir='ltr' id='par_1_98' title="bbox 273 4825 1992 4908">
     <span class='ocr_line' id='line_1_99' title="bbox 273 4825 1992 4908; baseline 0.006 -29"><span class='ocrx_word' id='word_1_715' title='bbox 273 4825 396 4880; x_wconf 74' lang='lat' dir='ltr'><strong>brae</strong></span> <span class='ocrx_word' id='word_1_716' title='bbox 425 4831 474 4879; x_wconf 87' lang='lat' dir='ltr'><strong>et</strong></span> <span class='ocrx_word' id='word_1_717' title='bbox 489 4827 662 4880; x_wconf 71' lang='lat' dir='ltr'><strong>anxia</strong></span> <span class='ocrx_word' id='word_1_718' title='bbox 685 4827 920 4881; x_wconf 83' lang='lat' dir='ltr'><strong>malitia.</strong></span> <span class='ocrx_word' id='word_1_719' title='bbox 952 4857 1018 4866; x_wconf 91' lang='lat'><strong><em>—</em></strong></span> <span class='ocrx_word' id='word_1_720' title='bbox 1057 4827 1221 4884; x_wconf 85' lang='lat' dir='ltr'><strong>Libet</strong></span> <span class='ocrx_word' id='word_1_721' title='bbox 1252 4827 1373 4884; x_wconf 63' lang='lat' dir='ltr'><strong>hac</strong></span> <span class='ocrx_word' id='word_1_722' title='bbox 1408 4831 1723 4897; x_wconf 89' lang='lat' dir='ltr'><strong>moraliter,</strong></span> <span class='ocrx_word' id='word_1_723' title='bbox 1757 4838 1992 4908; x_wconf 88' lang='lat' dir='ltr'><strong>postpo-</strong></span> 
     </span>
    </p>
   </div>
   <div class='ocr_carea' id='block_1_99' title="bbox 265 4915 1988 4995">
    <p class='ocr_par' dir='ltr' id='par_1_99' title="bbox 265 4915 1988 4995">
     <span class='ocr_line' id='line_1_100' title="bbox 265 4915 1988 4995; baseline 0.008 -26"><span class='ocrx_word' id='word_1_724' title='bbox 265 4915 384 4970; x_wconf 87' lang='lat' dir='ltr'><strong>sita</strong></span> <span class='ocrx_word' id='word_1_725' title='bbox 426 4916 758 4971; x_wconf 63' lang='lat' dir='ltr'><strong>intimorum</strong></span> <span class='ocrx_word' id='word_1_726' title='bbox 794 4917 1242 4988; x_wconf 77' lang='lat' dir='ltr'><strong>significatione,</strong></span> <span class='ocrx_word' id='word_1_727' title='bbox 1284 4923 1708 4988; x_wconf 90' lang='lat' dir='ltr'><strong>transcurrere,</strong></span> <span class='ocrx_word' id='word_1_728' title='bbox 1751 4930 1921 4995; x_wconf 85' lang='lat' dir='ltr'><strong>atque</strong></span> <span class='ocrx_word' id='word_1_729' title='bbox 1955 4944 1988 4982; x_wconf 86' lang='lat' dir='ltr'><strong>a</strong></span> 
     </span>
    </p>
   </div>
   <div class='ocr_carea' id='block_1_100' title="bbox 267 5004 1986 5086">
    <p class='ocr_par' dir='ltr' id='par_1_100' title="bbox 267 5004 1986 5086">
     <span class='ocr_line' id='line_1_101' title="bbox 267 5004 1986 5086; baseline 0.008 -28"><span class='ocrx_word' id='word_1_730' title='bbox 267 5004 465 5076; x_wconf 87' lang='lat' dir='ltr'><strong>pravis</strong></span> <span class='ocrx_word' id='word_1_731' title='bbox 497 5005 838 5076; x_wconf 85' lang='lat' dir='ltr'><strong>generaliter</strong></span> <span class='ocrx_word' id='word_1_732' title='bbox 853 5007 1138 5077; x_wconf 91' lang='lat' dir='ltr'><strong>quomodo</strong></span> <span class='ocrx_word' id='word_1_733' title='bbox 1155 5013 1405 5077; x_wconf 80' lang='lat' dir='ltr'><strong>agantur</strong></span> <span class='ocrx_word' id='word_1_734' title='bbox 1428 5010 1722 5082; x_wconf 87' lang='lat' dir='ltr'><strong>indagare.</strong></span> <span class='ocrx_word' id='word_1_735' title='bbox 1751 5012 1986 5086; x_wconf 81' lang='lat' dir='ltr'><strong>Iniquo-</strong></span> 
     </span>
    </p>
   </div>
   <div class='ocr_carea' id='block_1_101' title="bbox 265 5093 1981 5175">
    <p class='ocr_par' dir='ltr' id='par_1_101' title="bbox 265 5093 1981 5175">
     <span class='ocr_line' id='line_1_102' title="bbox 265 5093 1981 5175; baseline 0.007 -27"><span class='ocrx_word' id='word_1_736' title='bbox 265 5110 404 5149; x_wconf 90' lang='lat' dir='ltr'><strong>rum</strong></span> <span class='ocrx_word' id='word_1_737' title='bbox 427 5093 640 5165; x_wconf 87' lang='lat' dir='ltr'><strong>quippe</strong></span> <span class='ocrx_word' id='word_1_738' title='bbox 663 5094 959 5150; x_wconf 88' lang='lat' dir='ltr'><strong>hominum</strong></span> <span class='ocrx_word' id='word_1_739' title='bbox 996 5101 1220 5152; x_wconf 89' lang='lat' dir='ltr'><strong>mentes</strong></span> <span class='ocrx_word' id='word_1_740' title='bbox 1243 5115 1375 5152; x_wconf 88' lang='lat' dir='ltr'><strong>cum</strong></span> <span class='ocrx_word' id='word_1_741' title='bbox 1420 5101 1685 5170; x_wconf 69' lang='lat' dir='ltr'><strong>quaedam</strong></span> <span class='ocrx_word' id='word_1_742' title='bbox 1724 5119 1756 5156; x_wconf 91' lang='lat' dir='ltr'><strong>a</strong></span> <span class='ocrx_word' id='word_1_743' title='bbox 1786 5107 1981 5175; x_wconf 82' lang='lat' dir='ltr'><strong>proxi-</strong></span> 
     </span>
    </p>
   </div>
   <div class='ocr_carea' id='block_1_102' title="bbox 268 5183 1982 5257">
    <p class='ocr_par' dir='ltr' id='par_1_102' title="bbox 268 5183 1982 5257">
     <span class='ocr_line' id='line_1_103' title="bbox 268 5183 1982 5257; baseline 0.006 -17"><span class='ocrx_word' id='word_1_744' title='bbox 268 5184 383 5240; x_wconf 89' lang='lat' dir='ltr'><strong>mis</strong></span> <span class='ocrx_word' id='word_1_745' title='bbox 419 5183 566 5239; x_wconf 90' lang='lat' dir='ltr'><strong>bene</strong></span> <span class='ocrx_word' id='word_1_746' title='bbox 614 5190 780 5256; x_wconf 89' lang='lat' dir='ltr'><strong>gesta</strong></span> <span class='ocrx_word' id='word_1_747' title='bbox 829 5185 1213 5257; x_wconf 89' lang='lat' dir='ltr'><strong>conspiciunt,</strong></span> <span class='ocrx_word' id='word_1_748' title='bbox 1248 5187 1304 5240; x_wconf 92' lang='lat' dir='ltr'><strong>in</strong></span> <span class='ocrx_word' id='word_1_749' title='bbox 1354 5193 1590 5245; x_wconf 79' lang='lat' dir='ltr'><strong>extenso</strong></span> <span class='ocrx_word' id='word_1_750' title='bbox 1647 5192 1841 5248; x_wconf 91' lang='lat' dir='ltr'><strong>livoris</strong></span> <span class='ocrx_word' id='word_1_751' title='bbox 1893 5196 1982 5251; x_wconf 82' lang='lat' dir='ltr'><strong>sui</strong></span> 
     </span>
    </p>
   </div>
   <div class='ocr_carea' id='block_1_103' title="bbox 2107 4838 3817 4926">
    <p class='ocr_par' dir='ltr' id='par_1_103' title="bbox 2107 4838 3817 4926">
     <span class='ocr_line' id='line_1_104' title="bbox 2107 4838 3817 4926; baseline 0.013 -33"><span class='ocrx_word' id='word_1_752' title='bbox 2107 4838 2420 4894; x_wconf 90' lang='lat' dir='ltr'><strong>humilium</strong></span> <span class='ocrx_word' id='word_1_753' title='bbox 2443 4841 2671 4910; x_wconf 87' lang='lat' dir='ltr'><strong>sondat,</strong></span> <span class='ocrx_word' id='word_1_754' title='bbox 2702 4847 2765 4896; x_wconf 91' lang='lat' dir='ltr'><strong>ut</strong></span> <span class='ocrx_word' id='word_1_755' title='bbox 2786 4858 2880 4898; x_wconf 88' lang='lat' dir='ltr'><strong>eas</strong></span> <span class='ocrx_word' id='word_1_756' title='bbox 2905 4846 2976 4900; x_wconf 90' lang='lat' dir='ltr'><strong>ad</strong></span> <span class='ocrx_word' id='word_1_757' title='bbox 3015 4851 3466 4918; x_wconf 78' lang='lat' dir='ltr'><strong>perpetrandum</strong></span> <span class='ocrx_word' id='word_1_758' title='bbox 3500 4859 3817 4926; x_wconf 88' lang='lat' dir='ltr'><strong>nequitiam</strong></span> 
     </span>
    </p>
   </div>
   <div class='ocr_carea' id='block_1_104' title="bbox 2107 4927 3818 5006">
    <p class='ocr_par' dir='ltr' id='par_1_104' title="bbox 2107 4927 3818 5006">
     <span class='ocr_line' id='line_1_105' title="bbox 2107 4927 3818 5006; baseline 0.014 -25"><span class='ocrx_word' id='word_1_759' title='bbox 2107 4942 2210 4982; x_wconf 89' lang='lat' dir='ltr'><strong>nec</strong></span> <span class='ocrx_word' id='word_1_760' title='bbox 2245 4927 2642 4986; x_wconf 89' lang='lat' dir='ltr'><strong>blandimenta</strong></span> <span class='ocrx_word' id='word_1_761' title='bbox 2673 4932 3016 4988; x_wconf 85' lang='lat' dir='ltr'><strong>suasionum</strong></span> <span class='ocrx_word' id='word_1_762' title='bbox 3059 4936 3413 5006; x_wconf 89' lang='lat' dir='ltr'><strong>pertrahant,</strong></span> <span class='ocrx_word' id='word_1_763' title='bbox 3457 4956 3559 4996; x_wconf 90' lang='lat' dir='ltr'><strong>nec</strong></span> <span class='ocrx_word' id='word_1_764' title='bbox 3592 4942 3818 5005; x_wconf 84' lang='lat' dir='ltr'><strong>dolores</strong></span> 
     </span>
    </p>
   </div>
   <div class='ocr_carea' id='block_1_105' title="bbox 2101 5017 3812 5096">
    <p class='ocr_par' dir='ltr' id='par_1_105' title="bbox 2101 5017 3812 5096">
     <span class='ocr_line' id='line_1_106' title="bbox 2101 5017 3812 5096; baseline 0.011 -23"><span class='ocrx_word' id='word_1_765' title='bbox 2101 5017 2524 5088; x_wconf 89' lang='lat' dir='ltr'><strong>suppliciorum</strong></span> <span class='ocrx_word' id='word_1_766' title='bbox 2568 5020 2854 5092; x_wconf 82' lang='lat' dir='ltr'><strong>frangant.</strong></span> <span class='ocrx_word' id='word_1_767' title='bbox 2889 5023 3032 5093; x_wconf 87' lang='lat' dir='ltr'><strong>Spes</strong></span> <span class='ocrx_word' id='word_1_768' title='bbox 3081 5024 3296 5096; x_wconf 90' lang='lat' dir='ltr'><strong>quippe</strong></span> <span class='ocrx_word' id='word_1_769' title='bbox 3327 5026 3383 5081; x_wconf 92' lang='lat' dir='ltr'><strong>in</strong></span> <span class='ocrx_word' id='word_1_770' title='bbox 3433 5031 3812 5094; x_wconf 54' lang='lat' dir='ltr'><strong>aeternitatem</strong></span> 
     </span>
    </p>
   </div>
   <div class='ocr_carea' id='block_1_106' title="bbox 2101 5107 3810 5193">
    <p class='ocr_par' dir='ltr' id='par_1_106' title="bbox 2101 5107 3810 5193">
     <span class='ocr_line' id='line_1_107' title="bbox 2101 5107 3810 5193; baseline 0.012 -33"><span class='ocrx_word' id='word_1_771' title='bbox 2101 5107 2362 5163; x_wconf 87' lang='lat' dir='ltr'><strong>animum</strong></span> <span class='ocrx_word' id='word_1_772' title='bbox 2397 5108 2584 5179; x_wconf 79' lang='lat' dir='ltr'><strong>erigit,</strong></span> <span class='ocrx_word' id='word_1_773' title='bbox 2636 5114 2691 5163; x_wconf 90' lang='lat' dir='ltr'><strong>et</strong></span> <span class='ocrx_word' id='word_1_774' title='bbox 2735 5110 2945 5165; x_wconf 89' lang='lat' dir='ltr'><strong>idcirco</strong></span> <span class='ocrx_word' id='word_1_775' title='bbox 2996 5110 3158 5167; x_wconf 91' lang='lat' dir='ltr'><strong>nulla</strong></span> <span class='ocrx_word' id='word_1_776' title='bbox 3210 5113 3359 5168; x_wconf 87' lang='lat' dir='ltr'><strong>mala</strong></span> <span class='ocrx_word' id='word_1_777' title='bbox 3409 5119 3666 5176; x_wconf 82' lang='lat' dir='ltr'><strong>exterius</strong></span> <span class='ocrx_word' id='word_1_778' title='bbox 3688 5139 3810 5193; x_wconf 71' lang='lat' dir='ltr'><strong>quas</strong></span> 
     </span>
    </p>
   </div>
   <div class='ocr_carea' id='block_1_107' title="bbox 2098 5195 3808 5285">
    <p class='ocr_par' dir='ltr' id='par_1_107' title="bbox 2098 5195 3808 5285">
     <span class='ocr_line' id='line_1_108' title="bbox 2098 5195 3808 5285; baseline 0.012 -35"><span class='ocrx_word' id='word_1_779' title='bbox 2098 5195 2308 5252; x_wconf 87' lang='lat' dir='ltr'><strong>tolerat</strong></span> <span class='ocrx_word' id='word_1_780' title='bbox 2338 5198 2530 5253; x_wconf 89' lang='lat' dir='ltr'><strong>sentit.</strong></span> <span class='ocrx_word' id='word_1_781' title='bbox 2584 5198 2741 5254; x_wconf 90' lang='lat' dir='ltr'><strong>Unde</strong></span> <span class='ocrx_word' id='word_1_782' title='bbox 2790 5206 2840 5254; x_wconf 90' lang='lat' dir='ltr'><strong>el</strong></span> <span class='ocrx_word' id='word_1_783' title='bbox 2891 5199 3194 5256; x_wconf 89' lang='lat' dir='ltr'><strong>subditur:</strong></span> <span class='ocrx_word' id='word_1_784' title='bbox 3247 5203 3309 5256; x_wconf 85' lang='lat' dir='ltr'><strong>Et</strong></span> <span class='ocrx_word' id='word_1_785' title='bbox 3347 5205 3452 5260; x_wconf 84' lang='lat' dir='ltr'><strong>erit</strong></span> <span class='ocrx_word' id='word_1_786' title='bbox 3472 5223 3640 5278; x_wconf 85' lang='lat' dir='ltr'><strong>egeno</strong></span> <span class='ocrx_word' id='word_1_787' title='bbox 3669 5228 3808 5285; x_wconf 82' lang='lat' dir='ltr'><strong>spes.</strong></span> 
     </span>
    </p>
   </div>
   <div class='ocr_carea' id='block_1_108' title="bbox 257 5273 3809 5370">
    <p class='ocr_par' dir='ltr' id='par_1_108' title="bbox 257 5273 3809 5370">
     <span class='ocr_line' id='line_1_109' title="bbox 257 5273 3809 5370; baseline 0.006 -42"><span class='ocrx_word' id='word_1_788' title='bbox 257 5273 513 5345; x_wconf 87' lang='lat' dir='ltr'><strong>equuleo</strong></span> <span class='ocrx_word' id='word_1_789' title='bbox 542 5277 910 5346; x_wconf 87' lang='lat' dir='ltr'><strong>torquentur,</strong></span> <span class='ocrx_word' id='word_1_790' title='bbox 944 5280 999 5330; x_wconf 91' lang='lat' dir='ltr'><strong>et</strong></span> <span class='ocrx_word' id='word_1_791' title='bbox 1056 5292 1286 5343; x_wconf 82' lang='lat' dir='ltr'><strong>gravem</strong></span> <span class='ocrx_word' id='word_1_792' title='bbox 1321 5277 1554 5333; x_wconf 84' lang='lat' dir='ltr'><strong>malitias</strong></span> <span class='ocrx_word' id='word_1_793' title='bbox 1585 5297 1701 5336; x_wconf 65' lang='lat' dir='ltr'><strong>sua</strong></span> <span class='ocrx_word' id='word_1_794' title='bbox 1750 5301 1980 5355; x_wconf 85' lang='lat' dir='ltr'><strong>pcenam</strong></span> <span class='ocrx_word' id='word_1_795' title='bbox 2097 5287 2181 5342; x_wconf 78' lang='lat' dir='ltr'><strong>Ad</strong></span> <span class='ocrx_word' id='word_1_796' title='bbox 2209 5288 2373 5358; x_wconf 85' lang='lat' dir='ltr'><strong>cujus</strong></span> <span class='ocrx_word' id='word_1_797' title='bbox 2399 5287 2519 5358; x_wconf 91' lang='lat' dir='ltr'><strong>spei</strong></span> <span class='ocrx_word' id='word_1_798' title='bbox 2545 5287 2807 5343; x_wconf 88' lang='lat' dir='ltr'><strong>videlicet</strong></span> <span class='ocrx_word' id='word_1_799' title='bbox 2831 5288 3083 5343; x_wconf 83' lang='lat' dir='ltr'><strong>fructum</strong></span> <span class='ocrx_word' id='word_1_800' title='bbox 3107 5304 3240 5345; x_wconf 89' lang='lat' dir='ltr'><strong>cum</strong></span> <span class='ocrx_word' id='word_1_801' title='bbox 3283 5273 3809 5370; x_wconf 31' lang='lat' dir='ltr'><strong>paupervperve&#39;ne-</strong></span> 
     </span>
    </p>
   </div>
   <div class='ocr_carea' id='block_1_109' title="bbox 253 5363 1976 5432">
    <p class='ocr_par' dir='ltr' id='par_1_109' title="bbox 253 5363 1976 5432">
     <span class='ocr_line' id='line_1_110' title="bbox 253 5363 1976 5432; baseline 0.008 -13"><span class='ocrx_word' id='word_1_802' title='bbox 253 5363 572 5427; x_wconf 85' lang='lat' dir='ltr'><strong>sustinent,</strong></span> <span class='ocrx_word' id='word_1_803' title='bbox 607 5379 737 5418; x_wconf 92' lang='lat' dir='ltr'><strong>cum</strong></span> <span class='ocrx_word' id='word_1_804' title='bbox 765 5364 918 5420; x_wconf 89' lang='lat' dir='ltr'><strong>bona</strong></span> <span class='ocrx_word' id='word_1_805' title='bbox 939 5365 998 5419; x_wconf 92' lang='lat' dir='ltr'><strong>in</strong></span> <span class='ocrx_word' id='word_1_806' title='bbox 1026 5364 1152 5420; x_wconf 89' lang='lat' dir='ltr'><strong>aliis</strong></span> <span class='ocrx_word' id='word_1_807' title='bbox 1176 5369 1338 5421; x_wconf 88' lang='lat' dir='ltr'><strong>tabes</strong></span> <span class='ocrx_word' id='word_1_808' title='bbox 1362 5372 1526 5425; x_wconf 89' lang='lat' dir='ltr'><strong>entes</strong></span> <span class='ocrx_word' id='word_1_809' title='bbox 1548 5371 1765 5429; x_wconf 86' lang='lat' dir='ltr'><strong>vident.</strong></span> <span class='ocrx_word' id='word_1_810' title='bbox 1801 5375 1976 5432; x_wconf 84' lang='lat' dir='ltr'><strong>Recte</strong></span> 
     </span>
    </p>
   </div>
   <div class='ocr_carea' id='block_1_110' title="bbox 248 5453 1971 5534">
    <p class='ocr_par' dir='ltr' id='par_1_110' title="bbox 248 5453 1971 5534">
     <span class='ocr_line' id='line_1_111' title="bbox 248 5453 1971 5534; baseline 0.008 -26"><span class='ocrx_word' id='word_1_811' title='bbox 248 5455 448 5522; x_wconf 89' lang='lat' dir='ltr'><strong>itaque</strong></span> <span class='ocrx_word' id='word_1_812' title='bbox 477 5453 721 5508; x_wconf 91' lang='lat' dir='ltr'><strong>dicitur:</strong></span> <span class='ocrx_word' id='word_1_813' title='bbox 761 5456 865 5508; x_wconf 89' lang='lat' dir='ltr'><strong>Per</strong></span> <span class='ocrx_word' id='word_1_814' title='bbox 895 5454 1034 5509; x_wconf 86' lang='lat' dir='ltr'><strong>diem</strong></span> <span class='ocrx_word' id='word_1_815' title='bbox 1057 5459 1632 5530; x_wconf 84' lang='lat' dir='ltr'><strong>incurrenttenebrus,</strong></span> <span class='ocrx_word' id='word_1_816' title='bbox 1659 5464 1792 5534; x_wconf 90' lang='lat' dir='ltr'><strong>quia</strong></span> <span class='ocrx_word' id='word_1_817' title='bbox 1809 5481 1971 5522; x_wconf 86' lang='lat' dir='ltr'><strong>mens</strong></span> 
     </span>
    </p>
   </div>
   <div class='ocr_carea' id='block_1_111' title="bbox 2091 5375 3808 5448">
    <p class='ocr_par' dir='ltr' id='par_1_111' title="bbox 2091 5375 3808 5448">
     <span class='ocr_line' id='line_1_112' title="bbox 2091 5375 3808 5448; baseline 0.005 -19"><span class='ocrx_word' id='word_1_818' title='bbox 2091 5375 2187 5442; x_wconf 90' lang='lat' dir='ltr'><strong>rit,</strong></span> <span class='ocrx_word' id='word_1_819' title='bbox 2223 5376 2412 5430; x_wconf 90' lang='lat' dir='ltr'><strong>omnis</strong></span> <span class='ocrx_word' id='word_1_820' title='bbox 2444 5375 2631 5431; x_wconf 89' lang='lat' dir='ltr'><strong>elatus</strong></span> <span class='ocrx_word' id='word_1_821' title='bbox 2656 5375 3023 5432; x_wconf 89' lang='lat' dir='ltr'><strong>obmutescit.</strong></span> <span class='ocrx_word' id='word_1_822' title='bbox 3079 5376 3241 5433; x_wconf 90' lang='lat' dir='ltr'><strong>Unde</strong></span> <span class='ocrx_word' id='word_1_823' title='bbox 3269 5388 3322 5435; x_wconf 88' lang='lat' dir='ltr'><strong>et</strong></span> <span class='ocrx_word' id='word_1_824' title='bbox 3371 5383 3563 5442; x_wconf 88' lang='lat' dir='ltr'><strong>adhuc</strong></span> <span class='ocrx_word' id='word_1_825' title='bbox 3599 5389 3808 5448; x_wconf 85' lang='lat' dir='ltr'><strong>subdi-</strong></span> 
     </span>
    </p>
   </div>
   <div class='ocr_carea' id='block_1_112' title="bbox 2085 5465 3806 5540">
    <p class='ocr_par' dir='ltr' id='par_1_112' title="bbox 2085 5465 3806 5540">
     <span class='ocr_line' id='line_1_113' title="bbox 2085 5465 3806 5540; baseline 0.014 -24"><span class='ocrx_word' id='word_1_826' title='bbox 2085 5466 2220 5517; x_wconf 87' lang='lat' dir='ltr'><strong>tur:</strong></span> <span class='ocrx_word' id='word_1_827' title='bbox 2256 5466 2526 5534; x_wconf 82' lang='lat' dir='ltr'><strong>Iniquitas</strong></span> <span class='ocrx_word' id='word_1_828' title='bbox 2575 5473 2759 5520; x_wconf 88' lang='lat' dir='ltr'><strong>autem</strong></span> <span class='ocrx_word' id='word_1_829' title='bbox 2802 5465 3081 5522; x_wconf 84' lang='lat' dir='ltr'><strong>contrahet</strong></span> <span class='ocrx_word' id='word_1_830' title='bbox 3115 5484 3173 5522; x_wconf 87' lang='lat' dir='ltr'><strong>os</strong></span> <span class='ocrx_word' id='word_1_831' title='bbox 3218 5485 3396 5527; x_wconf 86' lang='lat' dir='ltr'><strong>suum.</strong></span> <span class='ocrx_word' id='word_1_832' title='bbox 3452 5474 3618 5533; x_wconf 87' lang='lat' dir='ltr'><strong>Nunc</strong></span> <span class='ocrx_word' id='word_1_833' title='bbox 3649 5483 3806 5540; x_wconf 86' lang='lat' dir='ltr'><strong>enim</strong></span> 
     </span>
    </p>
   </div>
   <div class='ocr_carea' id='block_1_113' title="bbox 249 5544 3799 5645">
    <p class='ocr_par' dir='ltr' id='par_1_113' title="bbox 249 5544 3799 5645">
     <span class='ocr_line' id='line_1_114' title="bbox 249 5544 3799 5645; baseline 0.008 -45"><span class='ocrx_word' id='word_1_834' title='bbox 249 5559 450 5600; x_wconf 87' lang='lat' dir='ltr'><strong>eorum</strong></span> <span class='ocrx_word' id='word_1_835' title='bbox 474 5559 605 5599; x_wconf 89' lang='lat' dir='ltr'><strong>cum</strong></span> <span class='ocrx_word' id='word_1_836' title='bbox 639 5544 708 5599; x_wconf 90' lang='lat' dir='ltr'><strong>de</strong></span> <span class='ocrx_word' id='word_1_837' title='bbox 742 5545 934 5600; x_wconf 88' lang='lat' dir='ltr'><strong>aliena</strong></span> <span class='ocrx_word' id='word_1_838' title='bbox 966 5546 1685 5623; x_wconf 83' lang='lat' dir='ltr'><strong>meliorationeaffligitur,</strong></span> <span class='ocrx_word' id='word_1_839' title='bbox 1709 5555 1780 5610; x_wconf 91' lang='lat' dir='ltr'><strong>de</strong></span> <span class='ocrx_word' id='word_1_840' title='bbox 1809 5556 1970 5612; x_wconf 73' lang='lat' dir='ltr'><strong>radio</strong></span> <span class='ocrx_word' id='word_1_841' title='bbox 2080 5555 2274 5610; x_wconf 89' lang='lat' dir='ltr'><strong>malus</strong></span> <span class='ocrx_word' id='word_1_842' title='bbox 2316 5555 2487 5610; x_wconf 91' lang='lat' dir='ltr'><strong>bonis</strong></span> <span class='ocrx_word' id='word_1_843' title='bbox 2535 5555 2793 5627; x_wconf 87' lang='lat' dir='ltr'><strong>derogat,</strong></span> <span class='ocrx_word' id='word_1_844' title='bbox 2835 5563 2889 5610; x_wconf 88' lang='lat' dir='ltr'><strong>et</strong></span> <span class='ocrx_word' id='word_1_845' title='bbox 2938 5567 3094 5614; x_wconf 89' lang='lat' dir='ltr'><strong>recta</strong></span> <span class='ocrx_word' id='word_1_846' title='bbox 3141 5575 3270 5632; x_wconf 61' lang='lat' dir='ltr'><strong>quae</strong></span> <span class='ocrx_word' id='word_1_847' title='bbox 3320 5577 3491 5636; x_wconf 87' lang='lat' dir='ltr'><strong>agere</strong></span> <span class='ocrx_word' id='word_1_848' title='bbox 3534 5569 3799 5645; x_wconf 87' lang='lat' dir='ltr'><strong>negligit.</strong></span> 
     </span>
    </p>
   </div>
   <div class='ocr_carea' id='block_1_114' title="bbox 250 5703 1969 5831">
    <p class='ocr_par' dir='ltr' id='par_1_114' title="bbox 250 5703 1969 5831">
     <span class='ocr_line' id='line_1_115' title="bbox 250 5703 1969 5831; baseline 0.012 -76"><span class='ocrx_word' id='word_1_849' title='bbox 250 5779 286 5831; x_wconf 57' lang='grc' dir='ltr'><strong><em>ἡ</em></strong></span> <span class='ocrx_word' id='word_1_850' title='bbox 327 5704 412 5774; x_wconf 88' lang='lat' dir='ltr'><strong>(a)</strong></span> <span class='ocrx_word' id='word_1_851' title='bbox 451 5703 718 5831; x_wconf 47' lang='lat' dir='ltr'><strong>viridem,</strong></span> <span class='ocrx_word' id='word_1_852' title='bbox 749 5709 870 5763; x_wconf 86' lang='lat' dir='ltr'><strong>Jam</strong></span> <span class='ocrx_word' id='word_1_853' title='bbox 909 5711 1325 5767; x_wconf 78' lang='lat' dir='ltr'><strong>resurrectionis</strong></span> <span class='ocrx_word' id='word_1_854' title='bbox 1363 5713 1605 5782; x_wconf 81' lang='lat' dir='ltr'><strong>gloriam</strong></span> <span class='ocrx_word' id='word_1_855' title='bbox 1652 5719 1969 5774; x_wconf 75' lang='lat' dir='ltr'><strong>ascensione</strong></span> 
     </span>
     <span class='ocr_line' id='line_1_116' title="bbox 291 5791 567 5831; baseline -0.004 0"><span class='ocrx_word' id='word_1_856' title='bbox 291 5791 567 5831; x_wconf 74' lang='lat' dir='ltr'><strong>oneravi.</strong></span> 
     </span>
    </p>
   </div>
   <div class='ocr_carea' id='block_1_115' title="bbox 291 5791 567 5834">
    <p class='ocr_par' dir='ltr' id='par_1_115' title="bbox 291 5791 567 5834">
     <span class='ocr_line' id='line_1_117' title="bbox 291 5791 567 5834; baseline -0.014 0"><span class='ocrx_word' id='word_1_857' title='bbox 291 5791 567 5834; x_wconf 75' lang='lat' dir='ltr'><strong>oneravit.</strong></span> 
     </span>
    </p>
   </div>
   <div class='ocr_carea' id='block_1_116' title="bbox 2149 5717 2892 5793">
    <p class='ocr_par' dir='ltr' id='par_1_116' title="bbox 2149 5717 2892 5793">
     <span class='ocr_line' id='line_1_118' title="bbox 2149 5717 2892 5793; baseline 0.009 -23"><span class='ocrx_word' id='word_1_858' title='bbox 2149 5717 2224 5790; x_wconf 87' lang='lat' dir='ltr'><strong>(b)</strong></span> <span class='ocrx_word' id='word_1_859' title='bbox 2255 5718 2427 5776; x_wconf 88' lang='lat' dir='ltr'><strong>Deest</strong></span> <span class='ocrx_word' id='word_1_860' title='bbox 2454 5735 2550 5793; x_wconf 89' lang='lat' dir='ltr'><strong>per</strong></span> <span class='ocrx_word' id='word_1_861' title='bbox 2581 5718 2639 5776; x_wconf 91' lang='lat' dir='ltr'><strong>in</strong></span> <span class='ocrx_word' id='word_1_862' title='bbox 2672 5719 2892 5777; x_wconf 87' lang='lat' dir='ltr'><strong>Gemet.</strong></span> 
     </span>
    </p>
   </div>
  </div>
