4156 6178
439 308 550 371 751

1708 282 1986 351 SANC'I‘I
2031 275 2397 339 GREGOBII
2446 274 2691 339 MAGNI
3781 286 3867 345 τε,

430 445 556 502 haec
586 443 649 501 in
671 440 802 499 aliis
822 433 1194 496 obtrectando
1213 430 1468 486 lacerare
1490 444 1608 485 non
1654 428 1858 483 cessat.
1882 424 1988 479 Sec
2009 424 2149 476 tunc
2180 416 2230 483 Α
2263 418 2493 488 gatione
2522 417 2803 488 criminis,
2820 417 2924 473 sed
2946 432 3049 488 pro
3077 415 3232 473 200
3254 413 3584 473 fortitudinis
3605 421 3875 491 probatione

420 533 711 627 |iniquitas
735 546 799 586 os
820 542 993 583 suum
1020 520 1332 587 contrahit,
1352 533 1487 573 cum
1505 516 1688 587 justis
1702 521 1917 586 quanta
1929 525 2146 581 suppe-

587 622 598 627 -
673 620 685 627 ·
828 622 836 627 -
883 616 916 627 ··
987 614 1024 627 ·’
1114 612 1124 624 ·
1236 625 1259 627 μ
1318 606 1451 627 -μελ
1508 612 1666 627 rm---
1718 603 1865 627 -..ε-ι.
1905 601 1948 627 ,ε
1985 595 2139 627 Im...:

431 595 518 679 tat
538 595 729 694 .gloria
761 612 1160 674 retributionis
1190 606 1475 681 agnoscit.
1508 612 1668 661 Tunc
1715 603 1871 659 enim
1902 601 1952 657 ei
1984 595 2142 669 loqui

435 689 637 770 contra
667 712 853 766 bonos
882 722 998 762 non
1018 705 1201 768 vacat,
1226 698 1367 771 quia
1387 697 1675 753 malorum
1703 708 1947 751 suorum
1971 689 2145 762 digna

437 800 822 859 retributione
870 796 1134 866 linguam
1185 792 1474 845 tormenta
1513 785 1714 855 ligant.
1767 782 1928 839 Unde
1980 780 2144 845 bene,

435 898 602 952 Anna
630 890 1028 964 prophetante,
1060 882 1311 939 dicitur:
1364 878 1531 934 Pedes
1578 880 1895 932 sanctorum
1921 886 2147 927 suorum

434 956 688 1046 servabit,
724 956 777 1032 et
808 972 971 1044 impii
998 974 1056 1025 in
1089 966 1320 1023 tenebris
1356 966 1708 1020 conticescent
1741 962 1786 1031 (Ι
1819 960 1945 1027 Reg.
1977 974 2039 1023 II,
2070 956 2144 1025 9).

438 1069 546 1125 Sed
598 1072 661 1123 ut
707 1064 927 1122 electus
974 1059 1217 1131 quisque
1263 1059 1475 1110 aeterna
1513 1050 1798 1123 supplicia
1841 1048 2063 1113 evadat,
2093 1049 2149 1101 et

435 1160 507 1216 ad
556 1171 866 1231 perennem
910 1151 1153 1226 gloriam
1201 1162 1418 1218 pauper
1464 1143 1766 1207 ascendat,
1832 1139 2003 1195 debet
2056 1136 2149 1191 hic

435 1227 688 1306 assiduis
720 1244 970 1318 ﬂagellis
1006 1240 1199 1305 alteri,
1249 1240 1541 1309 quatenus
1589 1233 1647 1287 in
1694 1229 1911 1302 iudicio
1962 1227 2147 1282 valeat

434 1342 724 1413 purgatus
756 1333 1023 1391 inveniri.
1062 1334 1193 1402 Ipso
1238 1340 1488 1397 namque
1533 1318 1899 1378 inﬁrmitatis
1939 1320 2146 1373 nostra

436 1406 691 1501 pondere
705 1428 979 1482 deorsum
995 1417 1255 1492 quotidie
1271 1412 1659 1482 ducimur,(n)
1676 1409 1787 1465 nisi
1809 1406 1957 1463 mira
1971 1421 2147 1460 manu

436 1494 677 1575 artiﬁcis
709 1532 810 1588 per
840 1506 1247 1571 subvenientia
1278 1502 1509 1575 ﬂagella
1528 1500 1872 1557 relevemur.
1911 1494 2072 1550 Unde
2093 1495 2150 1549 et

436 1607 714 1665 subditur
739 1622 753 1661 :

876 1688 1112 1747 CAPUT
1143 1683 1332 1742 XXIII
1363 1683 1497 1755 [νει.
1524 1679 1701 1750 xvn].

508 1785 678 1841 Vsus.
717 1784 806 1838 1‘7.
834 1812 901 1820 —
944 1781 1137 1834 Beatus
1168 1774 1326 1830 homo
1354 1774 1452 1845 qui
1497 1767 1801 1839 corripitur
1837 1782 1871 1821 a
1901 1764 2148 1820 Domino.

507 1876 597 1930 40.
656 1871 911 1929 Assiduis
966 1866 1199 1939 ﬂagellis
1252 1862 1341 1918 hic
1396 1862 1568 1917 atteri
1615 1857 1823 1914 electus
1862 1854 2034 1911 debet.
2085 1883 2153 1891 --

438 1968 639 2023 Prima
681 1962 869 2017 virtus
918 1962 1028 2025 est,
1060 1956 1139 2028 (b)
1186 1970 1256 2009 ne
1305 1949 1621 2025 perpetrari
1672 1946 1943 2013 debeant,
1976 1942 2155 1997 vitare

438 2056 712 2127 peccata;
747 2048 1005 2106 secunda
1025 2049 1243 2112 autem,
1267 2040 1473 2097 saltem
1498 2040 1827 2110 perpetrata
1842 2032 2149 2102 corrigere.

437 2121 549 2201 Ded
573 2142 911 2216 plerumque
932 2136 1135 2206 culpas
1158 2149 1275 2188 non
1298 2130 1491 2186 solum
1515 2126 1889 2184 imminentes
1912 2121 2157 2177 minime

434 2212 711 2301 vitamus,
743 2244 938 2285 verum
984 2227 1156 2281 etiam
1210 2238 1313 2278 nec
1358 2218 1702 2277 commissas
1750 2212 2151 2286 agnoscimus.

438 2324 505 2380 Et
535 2324 903 2394 peccatorum
930 2330 1093 2371 mens
1117 2316 1277 2368 tanto
1318 2308 1489 2364 altius
1533 2303 1904 2369 tensbrescit,
1935 2304 2153 2373 quanto

441 2392 553 2471 nec
571 2413 853 2467 damnum
881 2421 999 2463 suae
1022 2400 1296 2459 caecitatis
1321 2396 1617 2469 intelligit.
1643 2394 1803 2450 Unde
1822 2392 1884 2446 ﬁt
1907 2392 2156 2463 plerum-

442 2520 554 2576 que
586 2500 767 2557 divini
809 2493 1074 2553 muneris
1104 2490 1391 2563 largitate,
1444 2493 1508 2542 ut
1543 2484 1777 2556 culpam
1821 2497 1990 2553 pmna
2015 2480 2155 2535 eub-

442 2569 745 2664 sequatur,
787 2592 845 2644 et
895 2582 1127 2655 ﬂagella
1175 2578 1378 2637 oculos
1426 2572 1819 2645 delinquentis
1869 2569 2151 2642 aperiant,

443 2659 591 2756 quos
620 2680 777 2735 inter
810 2676 947 2733 vitia
977 2671 1261 2730 securitas
1307 2667 1578 2724 enecabat.
1630 2664 1894 2735 Torpens
1942 2659 2154 2731 quippe

438 2753 672 2829 animus
706 2765 1083 2842 percussione
1114 2760 1398 2830 tangitur,
1434 2760 1498 2811 ut
1530 2753 1844 2819 excitetur;
1867 2755 2156 2821 quatenus

438 2864 539 2936 qui
563 2839 781 2919 statum
806 2874 924 2914 suae
948 2849 1284 2910 rectitudini
1307 2863 1549 2904 securus
1586 2841 1856 2914 perdidit,
1900 2839 2153 2895 afflictus

438 2931 765 3012 consideret
794 2964 904 3019 quo
929 2947 1094 3016 jacet.
1143 2941 1286 2996 Hinc
1325 2939 1525 3008 itaque
1557 2936 1685 3006 ipsa
1728 2931 2007 3003 asperitas
2029 2945 2153 2985 cor-

442 3042 727 3116 reptionis
757 3040 918 3110 origo
950 3036 1014 3090 fit
1044 3033 1309 3089 luminis.
1341 3029 1503 3084 Unde
1531 3030 1588 3081 et
1621 3041 1721 3096 per
1744 3023 1987 3079 Paulum
2010 3021 2154 3077 dici-

440 3140 571 3192 tur:
630 3134 798 3189 Omne
852 3127 992 3200 quod
1056 3122 1342 3191 arguitur,
1391 3136 1425 3174 a
1488 3117 1700 3173 lumine
1772 3115 2157 3182 manifestatur

2263 507 2575 576 feriuntur,
2610 524 2742 564 cum
2793 523 3003 563 causas
3033 523 3155 562 suae
3204 506 3579 578 percussionis
3620 508 3879 581 inquirunt.

2262 611 2628 668 nequaquam
2661 596 3118 668 increpationem
3148 594 3369 651 Domini
3399 597 3676 667 reprobare
3702 601 3882 661 dicendi

2260 694 2419 754 sunt,
2467 686 2603 759 quia
2634 687 2689 742 in
2738 686 3075 758 semetipsis
3102 686 3175 755 (c)
3206 690 3472 758 satagunt
3510 687 3737 746 invenire
3767 696 3882 763 quod

2260 775 2549 831 nesciunt.
2582 775 2748 832 Unde
2778 780 2835 832 et
2865 776 3069 831 beatus
3090 775 3203 830 Job
3226 775 3292 829 ad
3316 774 3588 832 libertatis
3608 778 3758 833 verba
3772 781 3885 838 inter

2260 866 2650 937 percussionis
2699 867 2941 922 verbera
2985 881 3320 938 erumpens,
3352 870 3506 923 tanto
3550 867 3615 924 de
3641 884 3695 924 se
3722 874 3885 929 rectius

2252 957 2475 1028 judicia
2505 957 2759 1013 ferientis
2809 958 3146 1029 interrogat,
3200 961 3414 1027 quanto
3449 957 3506 1013 in
3535 960 3799 1031 semetipso
3822 979 3886 1019 ve-

2258 1046 2381 1102 rius
2412 1063 2619 1103 causas
2651 1047 2731 1120 (ά)
2764 1047 3048 1117 passionis
3069 1046 3318 1117 ignorat.
3340 1046 3562 1118 Eliphaz
3580 1049 3767 1121 itaque,
3787 1053 3885 1120 quia

2258 1135 2414 1191 hunc
2445 1152 2787 1207 percussum
2822 1153 2936 1191 non
2973 1135 3331 1208 probationis
3370 1137 3641 1204 examine,
3680 1141 3763 1195 sed
3785 1157 3887 1211 pur-

2256 1227 2504 1297 gationis
2534 1228 2864 1293 aestimavit,
2898 1227 3040 1282 dum
3069 1226 3247 1282 libere
3271 1229 3419 1283 inter
3447 1228 3657 1299 ﬂagella
3677 1230 3884 1300 loquere-

2258 1319 2372 1381 tur,
2425 1318 2763 1387 reprobasse
2818 1315 2912 1371 Dei
2960 1314 3421 1386 increpatiouem
3464 1315 3707 1371 credidit.
3745 1318 3880 1381 Quem

2258 1409 2390 1475 apte
2419 1405 2595 1459 etiam
2626 1404 3031 1460 haereticorum
3062 1407 3254 1460 tenere
3281 1404 3529 1475 speciem
3553 1404 3789 1471 diximus,
3814 1408 3887 1477 qui

2258 1509 2431 1549 omne
2465 1495 2617 1563 quod
2650 1511 2680 1549 a
2712 1498 2917 1551 sancta
2962 1492 3217 1550 Ecclesia
3248 1498 3402 1550 recte
3441 1494 3639 1564 agitur,
3668 1496 3795 1566 apud
3815 1497 3887 1566 ju-

2260 1583 2480 1639 dicium
2504 1600 2675 1639 suum
2698 1599 2929 1655 semper
2944 1585 3014 1639 ad
3040 1584 3239 1639 vitium
3266 1583 3613 1639 tortitudinis
3630 1583 3890 1642 inﬂectunt.

2258 1674 2405 1738 Quia
2433 1689 2568 1731 vero
2591 1673 2740 1729 bona
2760 1673 3081 1729 intentione
3109 1674 3179 1728 ad
3203 1672 3559 1744 loquendum
3594 1672 3808 1742 ducitur,
3825 1676 3893 1732 sed

2260 1780 2377 1821 non
2416 1769 2581 1819 curat
2610 1764 2939 1821 discernere
2988 1764 3080 1819 cui
3124 1763 3427 1837 loquatur,
3480 1764 3658 1822 adhuc
3691 1779 3892 1836 superna

2262 1853 2714 1925 dispensationis
2772 1853 3175 1910 moderamina
3218 1852 3583 1925 pradicanbo
3634 1854 3892 1925 subjungit,

2263 1942 2464 1998 dicens
2486 1958 2499 1998 :

2708 2032 2940 2089 CAPUT
2970 2032 3111 2088 XXV
3141 2033 3281 2105 [Vet.
3316 2034 3521 2105 XVIII].

2334 2125 2511 2177 Vsus.
2537 2121 2621 2177 18.
2649 2152 2715 2163 -
2739 2121 2877 2190 Quia
2906 2123 3023 2193 ipse
3046 2122 3320 2190 vulnerat,
3345 2130 3396 2178 et
3416 2122 3677 2187 medetur;
3693 2124 3891 2194 percutit,

2262 2220 2314 2269 et
2342 2229 2549 2268 manus
2577 2213 2693 2280 eius
2714 2214 3016 2270 sanabunt.

2335 2304 2425 2357 42.
2462 2302 2677 2358 Duobus
2706 2302 2884 2358 modis
2933 2306 3078 2359 Deus
3106 2302 3177 2358 ad
3205 2303 3447 2359 salutem
3494 2302 3741 2359 vulnerat.
3768 2301 3892 2357 Menti

2264 2392 2333 2447 ad
2384 2392 2551 2448 Deum
2598 2391 2870 2459 redeunti,
2918 2391 2993 2446 ad
3034 2394 3399 2447 tentationem
3452 2394 3673 2446 vertitur
3696 2389 3897 2461 quidquia

2262 2484 2415 2553 prius
2436 2483 2495 2535 in
2513 2481 2713 2537 saeculo
2739 2480 3017 2535 blandum.
3054 2510 3122 2521 —
3143 2479 3386 2536 Duobus
3407 2480 3590 2535 modis
3605 2480 3899 2550 omnipotens

2264 2570 2418 2627 Deus
2449 2570 2731 2637 vulnerat,
2765 2586 2913 2642 quos
2944 2569 3221 2625 reducere
3253 2569 3327 2624 ad
3362 2567 3605 2625 salutem
3637 2571 3790 2623 curat.
3817 2566 3901 2620 Ali-

2264 2660 2495 2732 quando
2545 2661 2699 2715 enim
2750 2675 2983 2716 carnem
3038 2660 3309 2731 percutit,
3347 2664 3405 2717 et
3454 2659 3655 2715 mentis
3682 2656 3896 2713 duritiam

2264 2766 2370 2806 suo
2416 2766 2623 2821 pavore
2661 2749 2947 2805 tabefacit.
2998 2748 3383 2805 Vulnerando
3432 2766 3563 2821 ergo
3612 2750 3673 2805 ad
3711 2746 3898 2803 salutem

2264 2844 2513 2909 revocat,
2537 2855 2670 2894 cum
2701 2839 2916 2895 electos
2939 2855 3080 2894 suos
3111 2839 3613 2911 afﬂigitexterius,
3641 2842 3698 2894 ut
3715 2835 3901 2892 interius

2264 2928 2478 2986 vivant.
2522 2929 2685 2985 Unde
2727 2945 2824 2999 per
2869 2933 3098 3001 Moysen
3144 2945 3381 3001 quoque
3428 2928 3683 3000 loquitur,
3712 2927 3899 2982 dicens:

2262 3023 2369 3091 Ego
2415 3020 2679 3088 occidam,
2713 3027 2764 3075 et
2807 3019 2989 3076 vicere
3035 3019 3276 3090 faciam:
3294 3022 3625 3090 percutiam,
3653 3026 3699 3073 et
3729 3031 3803 3089 ego
3832 3031 3899 3070 sa-

2263 3114 2403 3168 nabo
2460 3112 2641 3183 (Deut.
2691 3128 2863 3178 xxxn,
2924 3111 3034 3179 39).
3095 3110 3322 3167 Occidit
3382 3111 3535 3166 enim
3577 3117 3633 3165 ut
3686 3106 3897 3169 vividcet,

441 3224 659 3297 (Ερῆεεο
694 3239 747 3287 ν,
792 3172 902 3290 13;.
937 3181 1349 3281 θπςυῐῑίθηιυω
1383 3208 1538 3261 enim
1570 3205 1777 3297 salutis
1818 3172 2018 3297 est'vis
2048 3201 2154 3255 do-
2185 3172 2227 3241 θ
2267 3172 2513 3274 percutit
2532 3206 2596 3257 ut
2626 3206 2817 3267 sanet;
2844 3172 2979 3272 quia
2995 3172 3222 3256 idcirco
3246 3200 3405 3257 foras
3427 3198 3897 3260 verberaadmovet,

445 3292 610 3369 loris.
636 3311 779 3366 Hinc
796 3311 883 3363 est
906 3305 1059 3360 enim
1085 3300 1234 3370 quod
1258 3296 1532 3353 Salomon
1557 3294 1669 3347 ait:
1708 3292 1927 3346 Curatio
1950 3305 2154 3345 cessare

440 3404 606 3473 faciet
660 3405 883 3471 peccata
940 3393 1193 3448 maxima
1252 3386 1447 3458 (Eccte.
1482 3401 1537 3451 x,
1590 3382 1664 3453 li).
1737 3381 1880 3435 Hinc
1937 3379 2153 3436 iterum

443 3470 623 3546 dicit:
660 3470 827 3556 Quem
853 3483 1004 3539 enim
1050 3479 1230 3549 diligit
1281 3476 1558 3541 Dominus,
1618 3470 1885 3539 castigat;
1916 3470 2157 3540 ﬂagellat

440 3584 627 3636 autem
655 3591 869 3632 omnem
899 3571 1084 3643 ﬁlium
1115 3583 1275 3640 quem
1314 3566 1505 3634 recipit
1542 3561 1723 3634 (Hebr.
1758 3576 1858 3627 χιι,
1900 3562 1974 3631 6).
2009 3558 2153 3615 Hinc

440 3684 582 3724 voce
610 3663 874 3736 angelica
896 3659 1181 3716 Dominus
1206 3656 1274 3711 ad
1300 3656 1577 3709 Joannem
1610 3649 1891 3721 loquitur,
1915 3649 2113 3703 dicens
2137 3662 2151 3703 :

443 3760 555 3829 Ego
613 3771 742 3827 quos
797 3768 943 3819 amo,
976 3749 1241 3819 redarguo
1289 3748 1341 3800 et
1395 3745 1594 3812 castiga
1650 3740 1834 3808 (Apoc.
1895 3755 1982 3807 III,
2042 3738 2151 3809 19).

442 3849 589 3904 Hinc
620 3845 832 3901 Paulus
863 3842 944 3899 ait
970 3859 982 3896 :
1017 3837 1206 3896 Omnis
1236 3839 1423 3891 autem
1474 3831 1763 3902 disciplina
1793 3831 1853 3882 in
1890 3829 2157 3899 prementi

443 3938 662 4012 quidem
689 3950 798 3990 non
833 3932 1048 3989 videtur
1093 3944 1206 3984 esse
1254 3924 1467 3997 gaudii,
1512 3922 1603 3977 sed
1649 3918 1934 3979 maeroris;
1972 3922 2155 3988 postea

441 4006 624 4086 autem
643 4029 889 4098 fructum
908 4021 1323 4095 pacatissimum
1353 4014 1663 4070 exercitatis
1692 4026 1789 4080 per
1830 4024 1951 4064 eam
1980 4006 2155 4062 reddit

433 4096 674 4193 justitiee
732 4116 914 4189 (Hebr.
994 4127 1096 4179 xu,
1163 4109 1271 4175 11).
1334 4103 1611 4170 Quamvis
1660 4114 1796 4170 ergo
1845 4096 2155 4153 convenire

442 4191 622 4265 simul
657 4205 951 4278 nequeant
980 4200 1144 4256 dolor
1173 4201 1231 4253 et
1259 4193 1582 4257 beatitudo,
1604 4192 1757 4243 recte
1776 4191 1973 4242 tamen
1997 4201 2152 4240 nunc

444 4298 675 4361 dicitur,
727 4272 926 4351 Deatus
975 4290 1131 4344 homo
1166 4287 1260 4357 qui
1307 4282 1610 4352 corripitur
1639 4294 1674 4332 α
1701 4275 1931 4331 Domino
1960 4290 1983 4341 ;
2014 4272 2154 4344 quia

443 4400 545 4456 per
575 4384 704 4450 hoc,
737 4382 888 4452 quod
923 4381 1190 4450 peccator
1210 4371 1404 4429 dolore
1436 4364 1813 4437 correptionis
1849 4362 2149 4434 premitur,

444 4454 796 4544 quandoque
814 4468 884 4523 ad
909 4464 1351 4527 beatitudinem,
1386 4475 1517 4529 quae
1544 4454 2026 4512 sineinterventu
2065 4454 2150 4507 est

445 4559 686 4626 doloris,
719 4556 1003 4613 eruditur.
1038 4551 1350 4622 Sequitur:

903 4640 1128 4698 CAPUT
1158 4637 1336 4694 xxrv
1360 4637 1503 4706 meo.
1527 4634 1677 4703 XIV].

517 4741 657 4796 lein.
695 4768 759 4779 -——
788 4732 1218 4804 Increpationem
1237 4742 1369 4795 ergo
1400 4725 1619 4780 Domini
1644 4738 1711 4777 ne
1732 4720 2004 4792 reprobes.

514 4833 602 4888 41.
633 4827 914 4899 Correptio
936 4824 1036 4880 Dei
1064 4820 1182 4876 alia
1201 4819 1382 4889 punit,
1411 4814 1530 4871 alia
1545 4813 1765 4884 probat.
1788 4841 1852 4851 ——
1876 4806 2151 4880 Quisquis

444 4939 548 4997 pro
581 4919 753 4993 culpa
784 4897 1130 4990 percutitur,
1156 4908 1257 4964 sed
1291 4908 1348 4961 in
1369 4903 1599 4977 querela
1617 4919 1732 4958 suae
1753 4897 2149 4971 percussionis

441 4985 712 5079 elevatur,
745 4985 1197 5075 increpationem
1230 4994 1460 5053 Domini
1499 4992 1790 5063 reprobat,
1834 4985 1972 5058 quia
2001 4986 2150 5042 banc

442 5104 657 5175 injuste
688 5116 750 5157 se
782 5094 1001 5172 perpeti
1041 5098 1293 5148 accusat.
1345 5086 1452 5150 Qui
1485 5088 1678 5140 autem
1731 5095 1844 5135 non
1878 5094 1979 5150 pro
2012 5093 2151 5149 pur-

516 5274 593 5343 (a)
637 5275 776 5345 Mss.
835 5270 1059 5345 Norm_.,
1100 5263 1214 5320 nisi
1268 5257 1642 5345 misericordic
1689 5250 2152 5345 prti/‘icis.LUti_c..

445 5326 845 5418 praterihanc
897 5326 1201 5396 lectionem
1250 5335 1423 5390 aliam
1475 5328 1728 5395 exhibet,
1761 5326 2003 5389 scilicet,
2037 5326 2151 5377 nisi

445 5412 977 5471 misericordimanu
1008 5409 1256 5477 artiﬁcis.
1506 5472 1522 5477 _
1681 5470 1757 5477 __
1799 5468 1835 5477 __
1912 5466 1926 5477 _
1992 5465 2005 5477 ι
2110 5470 2119 5477 -

445 5424 790 5471 misericordi
812 5428 977 5465 manu
1008 5424 1256 5471 arti/tots.

518 5465 594 5555 (ὁ)
624 5465 727 5539 llic
755 5465 987 5555 variant
1016 5465 1156 5536 Mss.
1192 5478 1353 5555 Unus
1374 5472 1697 5555 Vi_ndoc.‘et
1720 5468 1877 5555 Qolb.
1912 5465 2148 5555 habent,

446 5542 532 5613 ne‘
542 5542 859 5627 perpetrare
885 5551 1111 5605 debeant
1138 5554 1382 5627 peccata.
1426 5546 1581 5627 Alter
1612 5542 1891 5627 κζξηόοοέηἸ
1911 5555 2001 5620 ηε,
2027 5554 2150 5627 per:

444 5610 663 5703 petitore
690 5624 914 5680 debeant
942 5610 1319 5703 praemeditata
1343 5624 1584 5703 peccqta.
1624 5610 2151 5703 ‘Reg:,‘Ebroic.‘et

445 5688 541 5759 alii
588 5702 889 5770 Norman._,
939 5688 1007 5747 ne
1054 5691 1367 5770 perpetrari
1410 5688 1636 5770 debeant
1681 5690 1860 5770 uetita
1908 5688 2149 5770 peccpta.

448 5751 728 5831 Eéirhfét
759 5751 949 5834 Corb.,
985 5751 1087 5835 pro
1118 5751 1311 5830 vetita,
1346 5759 1522 5814 habet
1552 5757 1729 5814 vitata
1754 5751 1993 5829 peccata.
2015 5751 2148 5820 Alii,

2262 3296 2326 3346 ut
2356 3295 2513 3347 intus
2542 3290 2779 3345 vulnera
2809 3289 3156 3345 delictorum
3191 3294 3378 3345 curet.
3417 3289 3725 3360 Aliquando
3750 3289 3896 3341 autem

2259 3381 2431 3436 etiam
2480 3379 2527 3434 si
2577 3379 2801 3452 ﬂagella
2848 3377 3099 3434 exterius
3156 3394 3389 3434 cessare
3435 3378 3737 3442 videantur,
3780 3374 3895 3427 intus

2258 3468 2500 3525 vulnera
2548 3468 2778 3537 inﬂigit,
2828 3467 2966 3539 quia
3006 3468 3222 3523 mentis
3273 3472 3491 3524 nostris
3540 3466 3784 3521 duritiam
3823 3475 3899 3516 suo

2261 3560 2549 3617 desiderio
2589 3559 2857 3630 percutit.
2903 3558 3017 3612 Sed
3050 3557 3436 3628 percutiendo
3467 3560 3647 3623 sanat,
3678 3554 3794 3626 quia
3818 3556 3900 3607 ter-

2258 3649 2409 3706 roris
2431 3649 2519 3705 sui
2544 3648 2738 3721 jaculo
2768 3646 3079 3703 transﬁxos
3110 3647 3181 3701 ad
3213 3662 3457 3702 sensum
3483 3663 3586 3702 nos
3608 3638 3903 3701 rectitudinis

2260 3745 2509 3795 revocat.
2560 3738 2742 3794 Corda
2790 3737 2947 3795 enim
2990 3741 3186 3793 nostra
3240 3736 3396 3793 male
3444 3753 3583 3791 sana
3628 3740 3767 3798 sunt,
3808 3741 3902 3783 cum

2260 3827 2421 3883 nullo
2455 3829 2548 3882 Dei
2583 3843 2772 3882 amore
2794 3826 3156 3892 sanciantur,
3189 3840 3325 3880 cum
3349 3821 3802 3897 peregrinationis
3819 3831 3903 3871 sua

2259 3932 2578 3971 aerumnam
2606 3932 2717 3971 non
2740 3915 3022 3983 sentiunt,
3047 3929 3182 3969 cum
3206 3929 3348 3985 erga
3370 3913 3743 3969 infirmitatem
3762 3904 3903 3978 proxi-

2260 4005 2340 4059 mi
2381 4020 2485 4059 nec
2520 4004 2845 4076 quamlibet
2878 4001 3121 4057 minimo
3171 4002 3390 4057 affectu
3436 4001 3804 4072 languescunt.
3827 3987 3901 4045 Sed

2260 4094 2635 4149 vulnerantur
2690 4098 2754 4149 ut
2800 4095 3102 4158 sanentur,
3137 4091 3275 4162 quia
3327 4091 3545 4147 amoris
3590 4090 3677 4145 sui
3719 4079 3902 4158 spiculis

2260 4188 2483 4238 mentes
2515 4182 2666 4238 Deus
2696 4180 3074 4237 insensibiles
3107 4181 3385 4251 percutit,
3420 4194 3662 4251 moxque
3689 4191 3771 4232 eas
3804 4186 3905 4228 sen-

2259 4271 2460 4328 sibiles
2495 4287 2594 4343 per
2619 4271 2883 4326 ardorem
2918 4269 3223 4324 charitatis
3254 4269 3471 4324 reddit.
3499 4267 3653 4323 Unde
3681 4268 3731 4321 et
3746 4272 3905 4331 sponsa

2259 4360 2317 4415 in
2349 4359 2599 4415 Canticis
2629 4358 2988 4416 canticorum
3022 4357 3190 4413 dicit:
3249 4357 3549 4412 Vulnerata
3577 4351 3816 4411 charitate
3831 4361 3905 4415 ego

2258 4467 2379 4507 sum
2407 4449 2588 4522 (Cant.
2614 4466 2675 4516 ιι,
2707 4449 2759 4517 5,
2793 4463 2901 4504 sec.
2950 4446 3125 4517 LXX).
3170 4445 3319 4502 Male
3368 4447 3525 4502 enim
3575 4460 3709 4500 sana
3743 4438 3905 4495 anima.

2182 4542 2227 4606 D
2257 4546 2429 4611 atque
2452 4541 2512 4596 in
2543 4538 2722 4609 hujus
2745 4538 2931 4594 exsilii
2953 4537 3027 4608 (e)
3042 4540 3290 4592 stratum
3324 4553 3479 4592 caeca
3513 4533 3792 4592 securitate
3811 4538 3907 4598 pro-

2263 4632 2464 4698 strata,
2498 4644 2601 4683 nec
2632 4627 2864 4683 videbat
2892 4624 3229 4690 Dominum,
3259 4640 3364 4680 nec
3397 4623 3590 4679 videre
3612 4616 3909 4691 requirebat;

2263 4736 2540 4792 percussa
2568 4721 2761 4773 autem
2788 4715 3088 4772 cbaritatis
3109 4715 3238 4784 ejus
3269 4714 3537 4785 spiculis,
3558 4699 3909 4767 vulneraturin

2258 4810 2482 4865 intimis
2526 4809 2727 4864 affectu
2777 4805 3029 4880 pietatis.
3084 4806 3245 4860 ardet
3275 4805 3562 4861 desiderio
3608 4793 3906 4866 contempla'

2261 4899 2459 4966 tionis,
2491 4904 2547 4953 et
2579 4897 2725 4952 miro
2758 4896 2929 4952 modo
2953 4894 3283 4950 viviﬁcatur
3302 4910 3371 4949 ex
3388 4894 3763 4961 vulnere,quae
3791 4880 3907 4955 prius

2262 4994 2489 5044 mortua
2539 4985 2775 5057 jacebat
2824 4986 2884 5039 in
2931 4984 3149 5052 salute;
3183 4986 3411 5053 aestuat,
3465 4980 3711 5045 anhelat,
3751 4972 3905 5057 etiam

2260 5078 2451 5135 videre
2479 5054 2773 5134 desiderat
2802 5091 2972 5148 quem
3003 5074 3280 5146 fugiebat.
3323 5070 3691 5128 Percussione
3717 5077 3829 5135 ergo
3858 5054 3906 5111 ad

2259 5261 2327 5301 ne
2354 5244 2665 5316 perpetrari
2696 5243 2943 5316 debeant,
2976 5242 3149 5316 vitare
3178 5242 3417 5316 peccata.

2296 5296 2943 5443 gggaggyin'ect.’
2984 5296 3323 5383 casti-atina,
3374 5311 3525 5381 quod
3578 5296 3908 5363 redundat,“

2261 5404 2425 5443 δυεει
2456 5408 2483 5441 il
2520 5404 2657 5443 MSS.

2333 5461 2405 5530 (d)
2434 5459 2601 5525 Editi,
2627 5459 2749 5514 loco
2781 5455 3073 5530 passionis,
3099 5454 3387 5530 adhibent
3407 5446 3800 5530 persecutionis;

2335 5514 2405 5603 te)
2430 5514 2493 5587 in
2526 5514 2557 5586 e
2576 5514 2638 5603 l1,
2669 5514 2856 5603 ecsitii
2882 5514 3340 5603 statu.'Stratuni
3359 5514 3682 5603 iuvenimus
3702 5518 3753 5574 in
3776 5514 3908 5603 ροΕ

2264 5578 2493 5672 ρειξὰ
2519 5578 2645 5657 ea:
2670 5578 3481 5656 "dies"uastabat:
3496 5578 3525 5579 ί⁷
3550 5594 3727 5649 Germ.
3776 5578 3907 5638 habet

2262 5674 2453 5731 exsilii
2480 5672 2668 5729 statim
2697 5688 2835 5728 czeca
2857 5674 3165 5728 securitate.
