4134 6174
307 225 425 286 ’753

1251 227 1668 288 MORALIUM
1715 225 1861 287 LIB.
1910 224 2006 285 Vl.
2056 259 2132 268 ——

2179 224 2253 283 IN
2300 227 2468 288 CAP.
2518 227 2566 289 V
2614 229 2681 286 Β.
2729 228 2895 288 JOB.
3722 231 3839 287 754

308 361 562 416 salutem
588 361 902 429 reducitur,
919 377 1044 432 qum
1071 361 1523 418 adsecuritatem
1549 362 2008 434 quietisintimae,
2039 370 2095 434 Α
2127 364 2475 418 tentationes
2515 365 2764 434 corporis
2806 364 2978 420 fortes
3006 363 3210 421 reddit.
3244 366 3353 422 Sed
3401 369 3535 421 sunt
3567 366 3834 422 nonnulli

307 452 522 506 amoris
546 452 634 506 sui
662 452 1096 524 perturbatione
1123 457 1443 510 revocatur.
1463 454 1567 508 Sed
1595 470 1726 508 cum
1761 453 2020 508 sauciata

305 557 476 596 mens
507 541 784 597 anhelare
808 543 864 596 in
904 544 1081 598 Deum
1116 544 1370 614 emperit,
1408 559 1540 599 cum
1575 550 1781 598 cuncta
1816 543 2015 598 mundi

303 631 484 702 hujus
520 631 922 688 blandimenta
958 634 1307 703 despiciens,
1342 634 1410 687 ad
1441 650 1748 703 supernam
1776 637 2014 705 patriam

300 738 404 792 per
443 721 801 778 desiderium
846 724 1054 791 tendit,
1103 725 1174 779 ad
1216 725 1597 780 tentationem
1653 725 1701 778 ei
1749 725 2014 794 protinus

303 815 569 880 vertitur,
595 816 876 886 quidquid
905 816 1157 870 amicum
1177 816 1358 885 prius,
1383 816 1440 870 in
1467 816 1676 870 saeculo
1702 815 2014 870 blandum-

303 919 416 974 que
446 903 783 974 putabatur.
809 904 954 959 Nam
982 904 1081 975 qui
1117 909 1450 975 peccantem
1475 921 1667 959 amare
1699 920 2014 960 consueve-

301 995 454 1054 rant,
480 1000 630 1048 recte
651 993 933 1048 viventem
960 992 1273 1048 crudeliter
1292 994 1660 1064 impugnaut.
1686 993 1755 1048 Et
1787 997 2012 1048 erectus

301 1081 360 1135 in
417 1082 599 1136 Deum
650 1082 902 1151 animus,
952 1084 1145 1138 carnis
1189 1099 1308 1138 sum
1344 1083 1490 1138 bella
1534 1082 1752 1148 tolerat,
1797 1082 1854 1136 in
1899 1099 2012 1152 qua

304 1171 471 1243 prius
492 1171 648 1228 vitiis
670 1172 944 1237 serviens,
970 1171 1661 1243 delectabiliterjacebat;
1686 1173 2012 1243 voluptates

302 1261 507 1331 priscae
565 1262 633 1315 ad
704 1261 1044 1316 memoriam
1105 1263 1366 1326 redeunt,
1401 1268 1455 1316 et
1513 1262 2008 1316 contradicentem

303 1353 560 1405 mentem
586 1351 741 1422 gravi
761 1352 1076 1406 certamine
1098 1351 1503 1422 alﬂiguntSed
1528 1351 1664 1422 quia
1687 1351 1821 1405 dum
1847 1349 1996 1406 20]

305 1440 638 1495 transitorio
678 1440 872 1496 labore
901 1441 1225 1508 alterimur,
1256 1459 1288 1496 a
1321 1446 1597 1512 perpetuo
1631 1440 1826 1496 dolore
1859 1441 2009 1495 libe—

301 1545 519 1594 ramur,
553 1534 683 1599 apte
715 1529 1126 1600 subjungitur:

754 1619 990 1675 CAPUT
1032 1619 1209 1675 XXVI
1241 1621 1384 1691 [Rea
1419 1622 1543 1692 XV].

371 1707 544 1764 Vens.
600 1709 682 1764 l9.
714 1739 782 1748 ——
813 1711 872 1763 In
921 1726 1019 1763 sex
1065 1711 1522 1766 tribulationibus
1555 1711 1811 1764 liberabit
1855 1715 1923 1775 te,
1957 1718 2006 1764 et

294 1796 353 1851 in
386 1800 618 1868 septima
649 1814 757 1853 non
790 1804 969 1868 tanget
1001 1805 1055 1853 te
1087 1799 1315 1854 malum.

363 1887 450 1940 43.
479 1888 818 1942 Τναηείιονὶο
842 1887 1030 1942 labore
1062 1887 1316 1942 eruimur
1344 1905 1375 1941 a
1403 1892 1669 1958 perpetuo
1705 1887 1907 1943 dolore.
1935 1919 1999 1929 —

286 1975 437 2041 Quid
465 1975 619 2031 enim
645 1976 874 2031 senario
899 1992 1165 2046 numero,
1191 1993 1361 2047 quem
1389 1977 1678 2048 septimus
1712 1978 1998 2047 sequitur,

289 2065 406 2120 nisi
450 2066 746 2135 praesentis
787 2066 914 2120 vitae
957 2066 1216 2136 operatio
1259 2067 1650 2136 decursusque
1689 2067 2004 2139 signatur?

289 2155 464 2210 Sexto
495 2155 706 2225 quippe
746 2154 838 2209 die
880 2156 1078 2211 omnia
1110 2156 1435 2226 perlicicns,
1469 2157 1763 2212 hominem
1797 2155 2001 2212 condi-

296 2244 402 2311 dit,
444 2252 497 2300 et
525 2245 774 2315 septimo
809 2245 960 2300 Deus
993 2247 1085 2300 die
1120 2246 1414 2315 requievit.
1449 2246 1552 2311 Qui
1587 2247 1803 2302 scilicet
1828 2246 2002 2317 septi-

296 2349 432 2389 mus
479 2349 772 2406 vesperam
819 2351 932 2389 non
975 2335 1169 2404 habet,
1205 2336 1340 2405 quia
1387 2337 1870 2407 susbsequentem
1914 2351 2003 2389 re-

297 2424 496 2496 quiem
541 2423 742 2479 nullus
777 2427 904 2494 jam
944 2426 1231 2480 terminus
1276 2425 1515 2480 claudit.
1576 2425 1848 2480 Perfectis
1870 2440 2004 2495 ergo

298 2514 576 2570 omnibus
623 2515 844 2585 requies
875 2516 1174 2587 sequitur;
1207 2516 1345 2586 quia
1369 2523 1496 2587 post
1528 2515 1680 2571 bona
1701 2516 1823 2570 vitae
1857 2533 2003 2586 pra:-

298 2604 480 2659 sentis
520 2620 714 2675 opera,
757 2605 1056 2660 retributio
1098 2613 1322 2659 aeterna
1348 2605 1560 2676 quietis
1602 2604 1905 2660 invenitur.
1942 2607 2004 2659 In

297 2707 400 2746 sex
441 2691 631 2762 itaque
672 2708 778 2747 nos
818 2690 1297 2748 tribulationibus
1338 2692 1618 2748 Dominus
1661 2693 1890 2756 liberat,
1933 2709 2006 2747 ne

294 2792 408 2832 nos
450 2779 504 2832 in
547 2779 792 2850 septima
841 2780 1060 2834 malum
1123 2786 1338 2850 tangat,
1398 2780 1537 2850 quia
1596 2796 1695 2850 per
1752 2783 2002 2850 paterna:

295 2865 532 2936 pietatis
576 2867 955 2924 eruditionem
991 2869 1292 2938 praesentis
1323 2867 1449 2922 vitas
1485 2867 1677 2922 labore
1709 2885 1813 2923 nos
1857 2871 2004 2922 atte-

289 2955 388 3014 rit.
432 2956 528 3011 sed
563 2957 618 3011 in
664 2959 911 3013 adventu
946 2957 1167 3027 judicis
1208 2974 1241 3012 a
1279 2956 1514 3012 verbere
1569 2956 1912 3023 abscondit;
1945 2959 2006 3010 ut

285 3049 449 3100 tanto
501 3054 634 3100 tunc
683 3047 756 3101 ad
808 3046 1054 3102 salutem
1112 3046 1387 3102 certiores
1435 3046 1726 3116 exhibeat,
1779 3050 1996 3117 quanto

2128 452 2226 522 qui
2277 453 2385 507 etsi
2436 469 2502 508 ex
2549 455 2745 509 divino
2794 453 3024 526 eloquio
3074 455 3145 510 ab
3176 455 3406 511 interna
3429 471 3488 511 se
3519 457 3669 510 fame
3702 456 3835 511 reli-

2127 541 2308 609 ciunt,
2343 543 2387 597 si
2416 545 2536 614 jam
2570 546 2641 612 (b)
2665 549 2864 599 contra
2884 547 3233 602 tentationes
3256 548 3513 618 corporis
3541 547 3837 603 continen-

2126 631 2216 686 tia:
2242 633 2451 689 virtute
2486 634 2826 702 fulciuntur,
2859 636 3049 691 adhuc
3073 642 3266 693 tamen
3305 638 3530 708 percuti
3562 637 3836 692 humanis

2126 721 2585 777 detractionibus
2632 729 2913 790 metuunt,
2961 729 3014 779 et
3057 741 3202 794 saepe
3235 726 3371 780 dum
3396 725 3723 797 linguarum
3745 725 3836 794 ja-

2125 811 2256 867 cula
2299 813 2634 882 formidant,
2668 813 2882 885 peccati
2918 831 2979 870 se
3009 813 3214 884 laqueo
3250 815 3638 887 strangulant.
3673 813 3835 870 Unde

2125 907 2177 956 et
2212 906 2340 972 apte
2372 902 2675 957 subditur:

2557 1009 2782 1066 CAPUT
2819 1010 3046 1066 xxvm
3089 1011 3227 1081 im.
3260 1011 3405 1081 xui}.

2196 1109 2365 1163 Vens.
2397 1110 2487 1162 21.
2523 1141 2588 1147 -—
2619 1110 2656 1163 Α
2688 1109 2908 1179 ﬂagello
2941 1109 3148 1176 linguae
3177 1110 3541 1166 absconderis.

2189 1218 2276 1270 45.
2332 1218 2542 1271 Coatra
2589 1215 2876 1285 ﬂagellum
2925 1219 3156 1286 lingua,
3189 1222 3379 1273 contra
3407 1233 3596 1287 poenas
3638 1232 3835 1289 corpo-

2117 1308 2264 1362 rales
2301 1323 2521 1362 armare
2551 1324 2605 1362 se
2633 1311 2862 1378 oportet.
2897 1340 2962 1348 —
3008 1308 3325 1379 Flagellum
3369 1308 3583 1379 linguae
3615 1313 3700 1363 est
3730 1325 3832 1364 ex-

2120 1396 2412 1467 probratio
2464 1395 2634 1451 illatae
2684 1397 3068 1452 contumelia}.
3108 1398 3359 1469 Flagello
3394 1397 3607 1468 lingua:
3650 1397 3831 1454 bonos

2118 1485 2354 1552 feriunt,
2396 1485 2497 1555 qui
2544 1501 2744 1539 eorum
2795 1502 2970 1556 opera
3031 1486 3324 1541 irridendo
3377 1491 3830 1556 persequuntur.

2115 1580 2274 1644 Saepe
2315 1576 2471 1630 enim
2513 1575 2714 1645 lingua
2744 1593 2776 1630 a
2811 1577 2958 1631 bono
2992 1593 3185 1646 opere,
3218 1578 3358 1631 dum
3393 1580 3702 1646 vituperat,
3739 1594 3829 1632 re-

2115 1671 2317 1732 vocat;
2361 1671 2418 1720 et
2469 1665 2630 1734 quasi
2682 1665 2976 1734 ﬂagellum
3039 1683 3100 1720 se
3148 1669 3348 1736 exerit,
3390 1667 3521 1736 quia
3589 1669 3828 1721 dorsum

2036 1746 2082 1810 Β
2115 1756 2332 1809 timidm
2382 1755 2593 1809 mentis
2644 1756 2831 1810 caedit.
2886 1755 3002 1809 Hoc
3047 1755 3335 1827 flagellum
3376 1755 3608 1826 linguae,
3638 1754 3829 1811 electae

2112 1843 2291 1899 menti
2342 1843 2606 1898 insidiari
2656 1843 2946 1913 Propheta
2991 1850 3387 1914 conspexerat,
3435 1860 3570 1899 cum
3620 1859 3822 1912 super-

2113 1950 2251 1988 num
2287 1933 2644 2002 adjutorium
2672 1932 2952 2003 pollicens
2967 1934 3196 1988 dicebat
3220 1951 3232 1988 ε
3259 1935 3376 2004 Ipse
3400 1934 3745 2005 liberabit(c)
3767 1933 3832 1989 de

2116 2024 2310 2095 laqueo
2357 2026 2701 2088 venantium,
2752 2030 2804 2078 et
2853 2043 2886 2078 α
2935 2024 3092 2079 verbo
3143 2041 3333 2095 aspero
3381 2026 3558 2096 (Psal.
3617 2042 3708 2091 xc,
3749 2025 3826 2091 3).

2113 2119 2401 2170 Venantes
2443 2115 2596 2169 enim
2646 2114 2791 2169 nihil
2837 2115 2994 2168 aliud
3040 2131 3218 2186 quam
3259 2131 3492 2170 carnem
3537 2119 3824 2184 quaerunt.

2113 2203 2221 2257 Sed
2267 2220 2299 2256 a
2329 2204 2666 2257 venantium
2690 2202 2915 2271 laqueo,
2951 2207 3126 2272 atque
3166 2203 3236 2256 ab
3266 2218 3472 2272 aspero
3504 2203 3675 2257 verbo
3709 2203 3826 2256 eri-

2112 2294 2322 2363 pimur,
2375 2292 2606 2362 quando
2646 2297 2702 2346 et
2750 2292 2993 2346 insidias
3023 2290 3366 2354 carnalium,
3401 2296 3456 2346 et.
3488 2291 3824 2346 irrisionum

2113 2383 2328 2453 probra
2360 2379 2730 2452 despiciendo
2761 2397 3134 2451 superamus.
3157 2382 3374 2450 Aspera
3392 2379 3604 2450 quippe
3626 2395 3826 2435 eorum

2112 2470 2282 2525 verba
2308 2475 2466 2534 sunt,
2496 2486 2621 2538 quas
2647 2469 2816 2523 bonis
2840 2469 3053 2524 nostris
3080 2469 3384 2523 itineribus
3419 2469 3823 2523 adversantur.

2114 2561 2221 2614 Sed
2270 2560 2638 2629 asperitatem
2685 2558 2840 2612 verbi
2891 2557 3146 2623 evadere,
3181 2565 3268 2612 est
3301 2557 3598 2612 irrisiones
3632 2559 3823 2612 detra-

2115 2646 2381 2702 hentium
2428 2645 2856 2701 dissimulando
2907 2647 3148 2700 calcare.
3209 2646 3418 2700 Sancta
3473 2661 3608 2716 ergo
3668 2644 3820 2700 202

2113 2735 2309 2790 anima
2361 2752 2392 2788 a
2431 2734 2655 2804 ﬂagello
2705 2734 2916 2803 linguae
2969 2734 3370 2798 absconditur,
3422 2734 3560 2804 quia
3592 2732 3730 2788 dum
3762 2733 3822 2786 in

2115 2824 2222 2878 hoc
2261 2825 2476 2878 mundo
2529 2823 2806 2878 honorem
2849 2822 3036 2878 laudis
3085 2839 3200 2878 non
3233 2823 3454 2891 qumrit,
3484 2837 3590 2878 nec
3612 2828 3824 2877 contu-

2116 2914 2319 2969 melias
2375 2913 2753 2968 detractionis
2813 2915 3009 2968 sentit.
3064 2913 3171 2967 Sed
3223 2918 3362 2967 sunt
3419 2911 3684 2967 nonnulli
3726 2913 3822 2981 qui

2107 3004 2227 3074 jam
2275 3003 2679 3074 derogantium
2727 3004 2902 3058 verba
2950 3001 3300 3074 despiciunt,
3341 3003 3466 3073 jam
3527 3002 3822 3057 irrisiones

490 3090 1387 3206 έιᾎξνοξὲθιῑξᾞξπξῇ]ἐςέέέἓιῖ
1437 3090 1726 3207 ξυξωὸςιζ
2029 3113 2071 3180 C
2113 3109 2213 3164 pro
2266 3092 2444 3147 nihilo
2482 3093 2817 3158 attendunt,
2867 3092 3057 3146 adhuc
3107 3095 3299 3147 tamen
3333 3108 3532 3163 poenas
3563 3090 3820 3162 corporis

2112 3183 2511 3207 ..-ηΑἷηιηηι-..Α
2547 3183 2960 3207 *Α-ιὶινιΑηΑ---ι
3023 3181 3300 3207 Διηιξη-...η
3333 3197 3584 3207 -ιιικιιη..Α
3619 3181 3790 3207 -Ᾱ-ηιι-

285 3224 440 3279 mala
469 3225 597 3282 vitae
631 3226 954 3294 praesentis,
989 3230 1047 3280 et
1070 3225 1355 3294 adjutoria
1385 3241 1653 3296 supernae
1687 3225 1994 3295 protectio-

285 3315 380 3368 nis
410 3329 766 3370 enumerans
797 3313 1032 3370 subdit:

899 3404 1130 3460 CAPUT
1170 3404 1385 3460 XXVII.

359 3494 534 3550 Vsas.
564 3497 653 3549 20.
687 3526 754 3536 —-
784 3497 850 3551 In
879 3497 1024 3565 fame
1072 3500 1228 3551 eruet
1263 3502 1316 3550 te
1353 3493 1418 3549 de
1460 3503 1653 3560 morte,
1686 3499 1737 3550 et
1769 3495 1826 3548 in
1862 3494 1998 3549 bello

284 3587 354 3642 de
382 3601 556 3640 manu
585 3584 788 3654 gladii.

357 3672 450 3729 44.
499 3675 642 3730 Deus
689 3676 826 3730 dum
857 3675 1011 3730 verbi
1047 3674 1138 3730 sui
1163 3674 1363 3745 pabulo
1394 3680 1604 3729 mentes
1633 3673 1832 3743 reﬁcit,
1865 3688 1998 3726 con-

280 3770 377 3820 tra
421 3766 746 3820 tentationes
791 3768 962 3832 forte:
1011 3765 1209 3820 reddit.
1253 3797 1321 3805 —
1367 3763 1528 3818 Sicut
1571 3763 1754 3817 fames
1803 3762 1994 3817 carnis

282 3859 377 3911 est
406 3854 770 3911 subtractum
804 3853 1132 3910 subsidium
1164 3856 1446 3926 corporis,
1468 3855 1549 3909 ita
1580 3854 1756 3909 fames
1787 3852 2003 3908 mentis

279 3950 373 4001 est
402 3944 700 4000 silentium
744 3944 950 4000 divinae
984 3944 1318 4001 locutionis.
1353 3944 1517 4000 Unde
1549 3948 1700 4000 recte
1731 3959 1831 4015 per
1865 3959 2000 4014 pro-

282 4034 527 4106 phetam
559 4033 811 4089 dicitur:
848 4034 1108 4088 Emittam
1155 4037 1356 4105 famem
1388 4037 1446 4088 in
1496 4039 1727 4100 terram,
1761 4047 1871 4087 non
1914 4032 2000 4099 fa-

279 4139 426 4180 mem
479 4125 663 4195 panis,
713 4139 886 4194 neque
930 4126 1082 4179 sitim
1133 4139 1313 4195 aqua,
1384 4123 1476 4179 sed
1505 4124 1715 4193 famem
1737 4120 2003 4176 audiendi

280 4213 512 4269 verbum
561 4213 656 4267 Dei
687 4213 867 4282 (Amos
910 4229 1036 4281 VIII,
1083 4213 1191 4284 11).
1225 4213 1290 4267 Et
1322 4214 1461 4285 quia
1492 4211 1809 4267 humanam
1842 4226 2001 4266 men-

287 4308 406 4358 tem
447 4319 581 4358 cum
622 4303 819 4360 divina
850 4301 1120 4359 allocutio
1151 4304 1388 4369 deserit,
1422 4307 1622 4358 contra
1653 4318 1777 4357 eam
1814 4305 2004 4357 tenta-

285 4395 372 4451 tio
413 4394 604 4451 carnis
656 4394 980 4462 invalescit,
1023 4399 1155 4466 apte
1197 4395 1617 4465 subjungitur:
1663 4395 1724 4446 Et
1766 4397 1821 4447 in
1865 4393 2002 4449 bello

2109 3183 2512 3252 cruciatusque
2547 3183 2984 3252 pertimescunt.
3013 3181 3302 3252 Antiquus
3333 3197 3587 3251 namque
3618 3181 3821 3236 adver-

2103 3273 2290 3328 sarius
2332 3277 2393 3327 ut
2441 3290 2474 3326 a
2501 3277 2654 3326 recta
2708 3271 3024 3328 intentione
3066 3288 3171 3327 nos
3219 3271 3494 3336 retrahat,
3535 3270 3826 3325 multifor-

2105 3362 2276 3417 miter
2308 3363 2649 3432 impugnat;
2684 3370 2736 3417 et
2769 3361 3142 3416 tentationem
3169 3365 3425 3416 nostram
3459 3361 3631 3415 modo
3660 3359 3823 3415 verbi

2103 3453 2276 3518 fame,
2322 3453 2493 3506 modo
2526 3451 2719 3507 carnis
2750 3453 3090 3521 certamine,
3125 3453 3296 3507 modo
3331 3450 3553 3521 ﬂagello
3595 3466 3818 3506 sermo-

2103 3543 2217 3608 nis,
2256 3541 2426 3595 modo
2482 3540 2815 3596 calamitate
2863 3540 3284 3610 persecutionis
3315 3540 3672 3611 aggreditur.
3707 3539 3819 3594 Sed

2103 3630 2242 3701 quia
2282 3631 2568 3700 perfectus
2618 3629 2866 3700 quisque
2910 3645 3041 3684 cum
3087 3628 3144 3683 in
3185 3629 3375 3700 seipso
3416 3629 3557 3684 vitia
3597 3627 3819 3694 vicerit,

2108 3721 2306 3774 statim
2342 3723 2598 3773 mentem
2629 3718 2804 3772 etiam
2837 3723 3036 3774 contra
3059 3718 3300 3772 vulnera
3331 3718 3616 3786 passionis
3638 3716 3826 3774 accin-

2103 3809 2211 3880 git,
2244 3812 2375 3880 apte
2398 3807 2774 3879 subjungitur
2801 3824 2814 3864 :

2725 3913 2956 3969 CAPUT
2996 3914 3192 3970 XXIX.

2177 4015 2318 4070 IBID.
2351 4043 2420 4054 —
2451 4014 2516 4067 Et
2553 4027 2664 4068 non
2714 4012 2935 4067 timebis
2989 4012 3380 4074 calamitatem,
3422 4026 3546 4066 cum
3594 4012 3818 4067 venerit.

2176 4123 2264 4175 46.
2301 4119 2502 4176 Contra
2529 4120 2923 4189 multiformem
2947 4119 3329 4175 adversarium
3345 4125 3647 4190 pugnantes
3672 4118 3821 4172 mul-

2104 4209 2362 4280 tiplicius
2391 4225 2487 4265 nos
2506 4225 2708 4281 parare
2737 4209 3012 4267 debemus.
3051 4241 3112 4249 —
3139 4207 3334 4264 Sancti
3361 4208 3518 4263 enim
3543 4207 3648 4262 viri
3682 4207 3822 4278 quia

2106 4307 2306 4359 contra
2352 4301 2770 4357 multiformem
2822 4301 3220 4356 adversarium
3253 4316 3314 4355 se
3344 4314 3604 4372 pugnare
3636 4298 3823 4355 consi-

2105 4395 2329 4461 derant,
2351 4393 2698 4465 semetipsos
2730 4393 2788 4448 in
2821 4393 3135 4450 certamine
3168 4391 3569 4463 multipliciter
3591 4397 3821 4464 parant.

282 4489 353 4543 de
384 4504 554 4543 manu
583 4487 778 4556 gladii.
816 4486 1038 4542 Bellum
1071 4487 1288 4557 quippe
1320 4487 1598 4556 patimur,
1633 4500 1767 4541 cum
1802 4485 1995 4540 carnis
2031 4487 2077 4548 D
2112 4484 2334 4540 [labent
2382 4482 2536 4538 enim
2591 4487 2791 4538 contra
2832 4483 3044 4538 famem
3097 4482 3276 4538 divini
3316 4481 3476 4538 verbi
3518 4481 3819 4553 pabulum,

282 4585 501 4638 nostra;
533 4579 947 4636 tentationibus
979 4578 1432 4649 impugnamur;
1468 4577 1538 4632 de
1571 4594 1684 4648 quo
1719 4577 1999 4632 nimirum

285 4670 440 4727 bello
466 4687 566 4743 per
582 4669 949 4725 Psalmistam
964 4669 1176 4724 dicitur
1201 4668 1310 4739 :(a)
1329 4667 1616 4724 Obumbra
1635 4671 1796 4737 caput
1817 4682 1998 4721 meum

281 4759 350 4815 in
405 4761 495 4815 die
551 4759 678 4815 belli
721 4758 892 4830 (Psal.
945 4774 1170 4823 cxxxix,
1216 4757 1292 4829 3).
1344 4757 1486 4820 Quia
1536 4756 1712 4827 igitur
1771 4753 1998 4827 reprobi

284 4853 428 4908 dum
479 4849 629 4905 fame
677 4848 835 4905 verbi
879 4847 979 4902 Dei
1038 4847 1335 4913 deficiunt,
1388 4845 1562 4900 etiam
1616 4844 1747 4900 belli
1807 4844 1998 4916 gladio

286 4939 759 5011 transfiguntur;
805 4936 1018 4994 electos
1067 4953 1204 4993 suos
1236 4937 1520 4993 Dominus
1569 4945 1618 4990 et
1662 4937 1718 4989 in
1770 4936 1922 4991 fame
1967 4952 2000 4990 a

289 5035 482 5087 morte
520 5030 710 5101 eripit,
744 5033 800 5085 et
831 5029 890 5084 in
924 5027 1071 5084 bello
1104 5046 1137 5084 a
1160 5027 1346 5098 gladio
1377 5027 1702 5090 abscondit,
1737 5029 1874 5098 quia
1904 5042 1997 5082 eo-

284 5136 421 5180 rum
483 5123 707 5176 mentes
755 5120 895 5174 dum
946 5118 1102 5174 verbi
1137 5118 1229 5173 sui
1279 5117 1490 5188 pabulo
1551 5115 1748 5186 reﬁcit,
1801 5119 2003 5172 contra

365 5283 441 5352 (α)
461 5283 553 5337 Sic
605 5280 746 5350 pler.
783 5279 950 5346 Mss.,
983 5279 1268 5352 quomodo
1300 5279 1472 5352 etiam
1509 5282 1698 5332 exstat
1728 5277 1784 5331 in
1836 5277 2000 5352 Rom.

281 5349 474 5412 Psalt.
550 5349 619 5405 In,
680 5349 1014 5421 perpaucis,
1079 5349 1418 5404 obumbrasli
1487 5355 1668 5417 caput.
1731 5351 1792 5404 In
1847 5349 2000 5421 Corb.

279 5429 513 5488 Germ.,
566 5419 908 5478 obumbravit
965 5429 1154 5492 caput.
1218 5423 1276 5476 In
1331 5439 1444 5477 uno
1499 5421 1660 5492 Reg,
1696 5423 1840 5476 utin
1878 5419 2001 5485 Ed.,

278 5495 634 5556 obumbrain
663 5511 829 5564 super
857 5498 1035 5561 caput.

369 5571 444 5640 (b)
487 5563 754 5640 Vindoc.,
805 5567 854 5620 si
870 5569 992 5640 jam
1021 5569 1210 5640 contra
1238 5565 1580 5640 tentationes,
1604 5565 1812 5640 Proelia
1833 5563 2006 5640 ganti-

285 5635 508 5698 nentiae
539 5638 752 5694 virtute
794 5635 1126 5708 fulciuntur.
1169 5637 1350 5705 Colb.,
1394 5638 1557 5692 Corb.
1593 5636 1809 5708 Germ._,
1834 5635 2010 5688 Com-

285 5713 471 5790 pend.
505 5718 561 5768 et
589 5706 803 5767 Turon.
832 5725 846 5766 :
873 5709 934 5764 Si
955 5712 1073 5780 jam
1104 5715 1295 5766 contra
1327 5709 1647 5765 tentationis
1678 5706 1791 5775 (vel
1828 5710 2008 5759 tenta-

2112 4577 2307 4630 contra
2361 4571 2494 4627 belli
2551 4571 2834 4643 gladium,
2885 4572 3250 4628 continentia
3304 4577 3579 4640 scutum;
3622 4575 3825 4628 contra

2112 4663 2401 4734 ﬂagellum
2461 4663 2698 4734 linguai,
2760 4664 3181 4735 protectionem
3244 4662 3569 4735 patientiae;
3625 4667 3824 4717 contra

2108 4753 2409 4810 exterioris
2440 4752 2793 4809 calamitatis
2825 4755 3128 4823 damnum,
3162 4754 3374 4808 interni
3405 4753 3618 4807 amoris
3648 4752 3818 4820 adju-

2107 4845 2344 4901 torium.
2395 4843 2559 4900 Unde
2610 4843 2754 4901 miro
2807 4847 2977 4901 modo
3023 4845 3236 4916 agitur,
3282 4848 3476 4913 utquo
3510 4857 3604 4896 eos
3637 4840 3821 4896 hostis

2111 4933 2351 4990 callidus
2401 4935 2774 4990 numerosius
2805 4938 3011 5000 tentet,
3045 4950 3110 4990 eo
3142 4929 3546 5001 circumspecti
3579 4927 3677 4983 Dei
3707 4927 3818 4983 mi-

2109 5022 2240 5080 lites
2270 5023 2585 5079 virtutibus
2628 5025 2866 5080 ditiores
2910 5023 3072 5077 fiant.
3127 5020 3189 5076 Et
3239 5019 3378 5091 quia
3407 5017 3572 5074 electi
3605 5017 3823 5089 quique

2111 5114 2252 5168 dum
2298 5114 2601 5186 prasentis
2653 5115 2782 5168 vitae
2835 5109 3152 5168 certamina
3194 5108 3418 5163 fortiter
3459 5107 3726 5174 tolerant,
3761 5107 3821 5164 in

2114 5278 2364 5341 tionum)
2408 5276 2602 5344 praelia
2659 5273 3006 5328 continentiae
3047 5271 3244 5325 virtute
3292 5270 3619 5344 fulciu-ntur.
3673 5269 3816 5326 Utic.

2114 5353 2170 5401 ct
2227 5342 2418 5415 aliqui
2465 5350 2698 5399 Norm.:
2733 5360 2787 5397 se
2834 5345 2952 5415 jam
3003 5353 3193 5415 contra
3234 5342 3556 5396 tentationes
3610 5345 3818 5397 carnis.

2114 5414 2462 5473 continentiz
2492 5418 2696 5470 virtute
2716 5414 2994 5481 falcium;
3023 5414 3216 5480 adhuc,
3250 5419 3356 5468 etc.

2186 5486 2259 5554 (θ)
2294 5489 2433 5542 Utic.
2470 5494 2524 5542 et
2558 5488 2696 5555 pler.
2735 5487 2898 5547 Mss.,
2924 5486 3180 5540 liberabit
3211 5491 3283 5552 te,
3316 5485 3464 5540 sicut
3505 5485 3680 5540 etiam
3713 5485 3820 5540 ha-

2117 5561 2255 5613 bent
2306 5559 2474 5612 Hebr.
2529 5564 2737 5620 textus,
2788 5558 3061 5613 Albanas.
3116 5558 3341 5612 Sixtina
3392 5557 3716 5626 editio,etc.
3753 5563 3826 5611 At

2117 5631 2506 5685 Theodoretus
2533 5629 2670 5701 legit
2701 5629 2964 5686 liberabit
2995 5647 3100 5700 me,
3132 5629 3487 5702 astipulante
3521 5632 3692 5700 Aug.,
3725 5628 3824 5702 qui

2120 5702 2297 5758 habet
2327 5710 2477 5759 eruet
2501 5717 2604 5760 me.
