  <div class='ocr_page' id='page_1' title='image "/cluster/home/n/w/nwhite01/storage/ocr_20150623/75/hvd.32044054758800/383.png"; bbox 0 0 4156 6178; ppageno 0'>
   <div class='ocr_carea' id='block_1_1' title="bbox 429 214 544 272">
    <p class='ocr_par' dir='ltr' id='par_1_1' title="bbox 429 214 544 272">
     <span class='ocr_line' id='line_1_1' title="bbox 429 214 544 272; baseline 0 -1"><span class='ocrx_word' id='word_1_1' title='bbox 429 214 544 272; x_wconf 83' lang='grc'><strong>’755</strong></span> 
     </span>
    </p>
   </div>
   <div class='ocr_carea' id='block_1_2' title="bbox 1697 205 2691 272">
    <p class='ocr_par' dir='ltr' id='par_1_2' title="bbox 1697 205 2691 272">
     <span class='ocr_line' id='line_1_2' title="bbox 1697 205 2691 272; baseline -0.006 -1"><span class='ocrx_word' id='word_1_2' title='bbox 1697 208 1975 272; x_wconf 80' lang='lat' dir='ltr'><strong>SANC&#39;I‘I</strong></span> <span class='ocrx_word' id='word_1_3' title='bbox 2024 207 2394 272; x_wconf 81' lang='lat' dir='ltr'><strong>GREGORII</strong></span> <span class='ocrx_word' id='word_1_4' title='bbox 2443 205 2691 268; x_wconf 79' lang='lat' dir='ltr'><strong>MAGNI</strong></span> 
     </span>
    </p>
   </div>
   <div class='ocr_carea' id='block_1_3' title="bbox 3760 223 3838 284">
    <p class='ocr_par' dir='ltr' id='par_1_3' title="bbox 3760 223 3838 284">
     <span class='ocr_line' id='line_1_3' title="bbox 3760 223 3838 284; baseline 0.026 -2"><span class='ocrx_word' id='word_1_5' title='bbox 3760 223 3838 284; x_wconf 76' lang='lat'><strong>756</strong></span> 
     </span>
    </p>
   </div>
   <div class='ocr_carea' id='block_1_4' title="bbox 423 343 3848 420">
    <p class='ocr_par' dir='ltr' id='par_1_4' title="bbox 423 343 3848 420">
     <span class='ocr_line' id='line_1_4' title="bbox 423 343 3848 420; baseline 0.001 -13"><span class='ocrx_word' id='word_1_6' title='bbox 423 355 644 408; x_wconf 83' lang='lat' dir='ltr'><strong>terrore</strong></span> <span class='ocrx_word' id='word_1_7' title='bbox 673 347 787 405; x_wconf 88' lang='lat' dir='ltr'><strong>sibi</strong></span> <span class='ocrx_word' id='word_1_8' title='bbox 828 345 1056 404; x_wconf 89' lang='lat' dir='ltr'><strong>venturi</strong></span> <span class='ocrx_word' id='word_1_9' title='bbox 1083 346 1285 418; x_wconf 85' lang='lat' dir='ltr'><strong>judicii</strong></span> <span class='ocrx_word' id='word_1_10' title='bbox 1318 346 1687 404; x_wconf 71' lang='lat' dir='ltr'><strong>securitatem</strong></span> <span class='ocrx_word' id='word_1_11' title='bbox 1723 354 1948 420; x_wconf 86' lang='lat' dir='ltr'><strong>parant,</strong></span> <span class='ocrx_word' id='word_1_12' title='bbox 1983 352 2137 406; x_wconf 88' lang='lat' dir='ltr'><strong>recte</strong></span> <span class='ocrx_word' id='word_1_13' title='bbox 2165 353 2218 420; x_wconf 69' lang='grc' dir='ltr'><strong>Α</strong></span> <span class='ocrx_word' id='word_1_14' title='bbox 2251 347 2535 404; x_wconf 90' lang='lat' dir='ltr'><strong>ridebunt.</strong></span> <span class='ocrx_word' id='word_1_15' title='bbox 2591 344 2737 409; x_wconf 91' lang='lat' dir='ltr'><strong>Quia</strong></span> <span class='ocrx_word' id='word_1_16' title='bbox 2768 343 2923 399; x_wconf 89' lang='lat' dir='ltr'><strong>enim</strong></span> <span class='ocrx_word' id='word_1_17' title='bbox 2959 344 3130 401; x_wconf 89' lang='lat' dir='ltr'><strong>modo</strong></span> <span class='ocrx_word' id='word_1_18' title='bbox 3171 346 3244 401; x_wconf 85' lang='lat' dir='ltr'><strong>ad</strong></span> <span class='ocrx_word' id='word_1_19' title='bbox 3294 363 3478 406; x_wconf 89' lang='lat' dir='ltr'><strong>eorum</strong></span> <span class='ocrx_word' id='word_1_20' title='bbox 3511 352 3615 410; x_wconf 86' lang='lat' dir='ltr'><strong>labi</strong></span> <span class='ocrx_word' id='word_1_21' title='bbox 3642 355 3848 418; x_wconf 77' lang='lat' dir='ltr'><strong>imitatio.</strong></span> 
     </span>
    </p>
   </div>
   <div class='ocr_carea' id='block_1_5' title="bbox 426 439 830 511">
    <p class='ocr_par' dir='ltr' id='par_1_5' title="bbox 426 439 830 511">
     <span class='ocr_line' id='line_1_5' title="bbox 426 439 830 511; baseline -0.01 -15"><span class='ocrx_word' id='word_1_22' title='bbox 426 439 830 511; x_wconf 80' lang='lat' dir='ltr'><strong>subjungitur:</strong></span> 
     </span>
    </p>
   </div>
   <div class='ocr_carea' id='block_1_6' title="bbox 732 527 1828 599">
    <p class='ocr_par' dir='ltr' id='par_1_6' title="bbox 732 527 1828 599">
     <span class='ocr_line' id='line_1_6' title="bbox 732 527 1828 599; baseline -0.003 -15"><span class='ocrx_word' id='word_1_23' title='bbox 732 527 964 584; x_wconf 88' lang='lat' dir='ltr'><strong>CAPUT</strong></span> <span class='ocrx_word' id='word_1_24' title='bbox 1002 527 1164 582; x_wconf 84' lang='lat' dir='ltr'><strong>xxx</strong></span> <span class='ocrx_word' id='word_1_25' title='bbox 1198 528 1214 599; x_wconf 86' lang='lat'>[</span> <span class='ocrx_word' id='word_1_26' title='bbox 1245 529 1348 584; x_wconf 88' lang='lat' dir='ltr'><strong>Vet.</strong></span> <span class='ocrx_word' id='word_1_27' title='bbox 1380 527 1479 595; x_wconf 79' lang='lat' dir='ltr'><strong>xx,</strong></span> <span class='ocrx_word' id='word_1_28' title='bbox 1516 529 1633 583; x_wconf 87' lang='lat' dir='ltr'><strong>Rec.</strong></span> <span class='ocrx_word' id='word_1_29' title='bbox 1668 528 1828 599; x_wconf 84' lang='lat' dir='ltr'><strong><em>XVI].</em></strong></span> 
     </span>
    </p>
   </div>
   <div class='ocr_carea' id='block_1_7' title="bbox 503 619 1772 690">
    <p class='ocr_par' dir='ltr' id='par_1_7' title="bbox 503 619 1772 690">
     <span class='ocr_line' id='line_1_7' title="bbox 503 619 1772 690; baseline -0.002 -13"><span class='ocrx_word' id='word_1_30' title='bbox 503 621 662 677; x_wconf 84' lang='lat' dir='ltr'><strong>Vsas.</strong></span> <span class='ocrx_word' id='word_1_31' title='bbox 693 622 785 674; x_wconf 87' lang='lat'><strong>22.</strong></span> <span class='ocrx_word' id='word_1_32' title='bbox 818 653 887 660; x_wconf 96' lang='lat'><strong><em>—</em></strong></span> <span class='ocrx_word' id='word_1_33' title='bbox 921 621 978 675; x_wconf 82' lang='lat' dir='ltr'><strong>In</strong></span> <span class='ocrx_word' id='word_1_34' title='bbox 1009 621 1268 676; x_wconf 72' lang='lat' dir='ltr'><strong>vastitate</strong></span> <span class='ocrx_word' id='word_1_35' title='bbox 1297 627 1350 675; x_wconf 89' lang='lat' dir='ltr'><strong>et</strong></span> <span class='ocrx_word' id='word_1_36' title='bbox 1373 623 1520 690; x_wconf 83' lang='lat' dir='ltr'><strong>fame</strong></span> <span class='ocrx_word' id='word_1_37' title='bbox 1548 619 1772 677; x_wconf 82' lang='lat' dir='ltr'><strong>ridebis.</strong></span> 
     </span>
    </p>
   </div>
   <div class='ocr_carea' id='block_1_8' title="bbox 2247 435 3850 517">
    <p class='ocr_par' dir='ltr' id='par_1_8' title="bbox 2247 435 3850 517">
     <span class='ocr_line' id='line_1_8' title="bbox 2247 435 3850 517; baseline 0.007 -22"><span class='ocrx_word' id='word_1_38' title='bbox 2247 455 2378 496; x_wconf 88' lang='lat' dir='ltr'><strong>nem</strong></span> <span class='ocrx_word' id='word_1_39' title='bbox 2449 443 2710 510; x_wconf 88' lang='lat' dir='ltr'><strong>possunt,</strong></span> <span class='ocrx_word' id='word_1_40' title='bbox 2778 435 2871 490; x_wconf 91' lang='lat' dir='ltr'><strong>hic</strong></span> <span class='ocrx_word' id='word_1_41' title='bbox 2929 435 3146 492; x_wconf 79' lang='lat' dir='ltr'><strong>habent</strong></span> <span class='ocrx_word' id='word_1_42' title='bbox 3205 437 3719 517; x_wconf 86' lang='lat' dir='ltr'><strong>formidinem;quia</strong></span> <span class='ocrx_word' id='word_1_43' title='bbox 3755 467 3850 508; x_wconf 83' lang='lat' dir='ltr'><strong>vero</strong></span> 
     </span>
    </p>
   </div>
   <div class='ocr_carea' id='block_1_9' title="bbox 2246 525 3855 597">
    <p class='ocr_par' dir='ltr' id='par_1_9' title="bbox 2246 525 3855 597">
     <span class='ocr_line' id='line_1_9' title="bbox 2246 525 3855 597; baseline 0.007 -13"><span class='ocrx_word' id='word_1_44' title='bbox 2246 527 2534 584; x_wconf 75' lang='lat' dir='ltr'><strong>damnatis</strong></span> <span class='ocrx_word' id='word_1_45' title='bbox 2573 531 2710 580; x_wconf 91' lang='lat' dir='ltr'><strong>tunc</strong></span> <span class='ocrx_word' id='word_1_46' title='bbox 2752 525 3025 595; x_wconf 82' lang='lat' dir='ltr'><strong>prodesse</strong></span> <span class='ocrx_word' id='word_1_47' title='bbox 3056 535 3366 597; x_wconf 89' lang='lat' dir='ltr'><strong>nequeunt,</strong></span> <span class='ocrx_word' id='word_1_48' title='bbox 3410 529 3519 586; x_wconf 91' lang='lat' dir='ltr'><strong>illic</strong></span> <span class='ocrx_word' id='word_1_49' title='bbox 3554 549 3654 590; x_wconf 91' lang='lat' dir='ltr'><strong>non</strong></span> <span class='ocrx_word' id='word_1_50' title='bbox 3697 537 3855 596; x_wconf 77' lang='lat' dir='ltr'><strong>habent</strong></span> 
     </span>
    </p>
   </div>
   <div class='ocr_carea' id='block_1_10' title="bbox 2249 615 3855 689">
    <p class='ocr_par' dir='ltr' id='par_1_10' title="bbox 2249 615 3855 689">
     <span class='ocr_line' id='line_1_10' title="bbox 2249 615 3855 689; baseline 0.008 -17"><span class='ocrx_word' id='word_1_51' title='bbox 2249 615 2734 688; x_wconf 86' lang='lat' dir='ltr'><strong>compassionem.</strong></span> <span class='ocrx_word' id='word_1_52' title='bbox 2776 615 3008 670; x_wconf 67' lang='lat' dir='ltr'><strong>Eterno</strong></span> <span class='ocrx_word' id='word_1_53' title='bbox 3050 615 3247 686; x_wconf 78' lang='lat' dir='ltr'><strong>itaque</strong></span> <span class='ocrx_word' id='word_1_54' title='bbox 3278 619 3545 689; x_wconf 87' lang='lat' dir='ltr'><strong>supplicio</strong></span> <span class='ocrx_word' id='word_1_55' title='bbox 3574 623 3750 682; x_wconf 88' lang='lat' dir='ltr'><strong>deditis</strong></span> <span class='ocrx_word' id='word_1_56' title='bbox 3774 645 3855 685; x_wconf 86' lang='lat' dir='ltr'><strong>non</strong></span> 
     </span>
    </p>
   </div>
   <div class='ocr_carea' id='block_1_11' title="bbox 504 704 3860 787">
    <p class='ocr_par' dir='ltr' id='par_1_11' title="bbox 504 704 3860 787">
     <span class='ocr_line' id='line_1_11' title="bbox 504 704 3860 787; baseline 0.002 -23"><span class='ocrx_word' id='word_1_57' title='bbox 504 710 591 764; x_wconf 83' lang='grc'><strong>47.</strong></span> <span class='ocrx_word' id='word_1_58' title='bbox 647 708 883 780; x_wconf 84' lang='lat' dir='ltr'><strong>Reprobi</strong></span> <span class='ocrx_word' id='word_1_59' title='bbox 940 711 1174 763; x_wconf 86' lang='lat' dir='ltr'><strong>interius</strong></span> <span class='ocrx_word' id='word_1_60' title='bbox 1230 708 1577 780; x_wconf 75' lang='lat' dir='ltr'><strong>exteriusque</strong></span> <span class='ocrx_word' id='word_1_61' title='bbox 1625 709 2038 780; x_wconf 75' lang='lat' dir='ltr'><strong>torquebantur.</strong></span> <span class='ocrx_word' id='word_1_62' title='bbox 2074 737 2140 748; x_wconf 86' lang='lat'><strong>—-</strong></span> <span class='ocrx_word' id='word_1_63' title='bbox 2248 722 2374 763; x_wconf 88' lang='lat' dir='ltr'><strong>esse</strong></span> <span class='ocrx_word' id='word_1_64' title='bbox 2423 705 2842 771; x_wconf 83' lang='lat' dir='ltr'><strong>miserandum,</strong></span> <span class='ocrx_word' id='word_1_65' title='bbox 2884 704 2944 759; x_wconf 91' lang='lat' dir='ltr'><strong>in</strong></span> <span class='ocrx_word' id='word_1_66' title='bbox 2977 704 3104 776; x_wconf 90' lang='lat' dir='ltr'><strong>ipsa</strong></span> <span class='ocrx_word' id='word_1_67' title='bbox 3135 722 3248 776; x_wconf 90' lang='lat' dir='ltr'><strong>qua</strong></span> <span class='ocrx_word' id='word_1_68' title='bbox 3279 708 3418 763; x_wconf 89' lang='lat' dir='ltr'><strong>beati</strong></span> <span class='ocrx_word' id='word_1_69' title='bbox 3441 713 3773 781; x_wconf 82' lang='lat' dir='ltr'><strong>suntjustitia</strong></span> <span class='ocrx_word' id='word_1_70' title='bbox 3789 718 3860 787; x_wconf 86' lang='lat' dir='ltr'><strong>ju-</strong></span> 
     </span>
    </p>
   </div>
   <div class='ocr_carea' id='block_1_12' title="bbox 436 796 2143 870">
    <p class='ocr_par' dir='ltr' id='par_1_12' title="bbox 436 796 2143 870">
     <span class='ocr_line' id='line_1_12' title="bbox 436 796 2143 870; baseline -0.001 -19"><span class='ocrx_word' id='word_1_71' title='bbox 436 802 593 854; x_wconf 89' lang='lat' dir='ltr'><strong>Tunc</strong></span> <span class='ocrx_word' id='word_1_72' title='bbox 638 798 855 870; x_wconf 82' lang='lat' dir='ltr'>quippe</span> <span class='ocrx_word' id='word_1_73' title='bbox 908 798 1134 868; x_wconf 82' lang='lat' dir='ltr'><strong>reprobi</strong></span> <span class='ocrx_word' id='word_1_74' title='bbox 1165 799 1487 853; x_wconf 78' lang='lat' dir='ltr'><strong>vastitatem</strong></span> <span class='ocrx_word' id='word_1_75' title='bbox 1533 799 1864 869; x_wconf 82' lang='lat' dir='ltr'><strong>famemque</strong></span> <span class='ocrx_word' id='word_1_76' title='bbox 1912 796 2143 868; x_wconf 78' lang='lat' dir='ltr'><strong>passuri</strong></span> 
     </span>
    </p>
   </div>
   <div class='ocr_carea' id='block_1_13' title="bbox 436 886 2144 958">
    <p class='ocr_par' dir='ltr' id='par_1_13' title="bbox 436 886 2144 958">
     <span class='ocr_line' id='line_1_13' title="bbox 436 886 2144 958; baseline -0.001 -15"><span class='ocrx_word' id='word_1_77' title='bbox 436 891 595 958; x_wconf 88' lang='lat' dir='ltr'><strong>sunt,</strong></span> <span class='ocrx_word' id='word_1_78' title='bbox 620 902 752 943; x_wconf 89' lang='lat' dir='ltr'><strong>eum</strong></span> <span class='ocrx_word' id='word_1_79' title='bbox 780 886 1037 942; x_wconf 79' lang='lat' dir='ltr'><strong>damnati</strong></span> <span class='ocrx_word' id='word_1_80' title='bbox 1063 887 1121 942; x_wconf 89' lang='lat' dir='ltr'><strong>in</strong></span> <span class='ocrx_word' id='word_1_81' title='bbox 1145 887 1641 957; x_wconf 88' lang='lat' dir='ltr'><strong>sxtremojudicio</strong></span> <span class='ocrx_word' id='word_1_82' title='bbox 1662 888 1732 943; x_wconf 91' lang='lat' dir='ltr'><strong>ab</strong></span> <span class='ocrx_word' id='word_1_83' title='bbox 1755 887 1952 942; x_wconf 62' lang='lat' dir='ltr'><strong>aeterni</strong></span> <span class='ocrx_word' id='word_1_84' title='bbox 1979 886 2144 958; x_wconf 82' lang='lat' dir='ltr'><strong>panis</strong></span> 
     </span>
    </p>
   </div>
   <div class='ocr_carea' id='block_1_14' title="bbox 434 977 2146 1049">
    <p class='ocr_par' dir='ltr' id='par_1_14' title="bbox 434 977 2146 1049">
     <span class='ocr_line' id='line_1_14' title="bbox 434 977 2146 1049; baseline -0.001 -18"><span class='ocrx_word' id='word_1_85' title='bbox 434 979 657 1035; x_wconf 78' lang='lat' dir='ltr'><strong>visione</strong></span> <span class='ocrx_word' id='word_1_86' title='bbox 706 980 1069 1049; x_wconf 82' lang='lat' dir='ltr'><strong>separantur.</strong></span> <span class='ocrx_word' id='word_1_87' title='bbox 1113 978 1406 1049; x_wconf 76' lang='lat' dir='ltr'><strong>Scriptum</strong></span> <span class='ocrx_word' id='word_1_88' title='bbox 1449 994 1702 1049; x_wconf 83' lang='lat' dir='ltr'><strong>namque</strong></span> <span class='ocrx_word' id='word_1_89' title='bbox 1731 982 1859 1033; x_wconf 90' lang='lat' dir='ltr'><strong>est:</strong></span> <span class='ocrx_word' id='word_1_90' title='bbox 1898 977 2146 1033; x_wconf 87' lang='lat' dir='ltr'><strong>Tollatur</strong></span> 
     </span>
    </p>
   </div>
   <div class='ocr_carea' id='block_1_15' title="bbox 434 1066 2140 1138">
    <p class='ocr_par' dir='ltr' id='par_1_15' title="bbox 434 1066 2140 1138">
     <span class='ocr_line' id='line_1_15' title="bbox 434 1066 2140 1138; baseline -0.001 -17"><span class='ocrx_word' id='word_1_91' title='bbox 434 1068 652 1138; x_wconf 84' lang='lat' dir='ltr'><strong>impius,</strong></span> <span class='ocrx_word' id='word_1_92' title='bbox 713 1083 780 1123; x_wconf 91' lang='lat' dir='ltr'><strong>ne</strong></span> <span class='ocrx_word' id='word_1_93' title='bbox 826 1066 1000 1122; x_wconf 80' lang='lat' dir='ltr'><strong>videat</strong></span> <span class='ocrx_word' id='word_1_94' title='bbox 1056 1066 1291 1138; x_wconf 79' lang='lat' dir='ltr'><strong>gloriam</strong></span> <span class='ocrx_word' id='word_1_95' title='bbox 1351 1067 1448 1122; x_wconf 90' lang='lat' dir='ltr'><strong>Dei</strong></span> <span class='ocrx_word' id='word_1_96' title='bbox 1475 1068 1632 1137; x_wconf 88' lang='lat' dir='ltr'><strong>(Isai.</strong></span> <span class='ocrx_word' id='word_1_97' title='bbox 1692 1084 1839 1134; x_wconf 75' lang='lat' dir='ltr'><strong>xxvx,</strong></span> <span class='ocrx_word' id='word_1_98' title='bbox 1894 1067 1981 1133; x_wconf 79' lang='grc'><strong>10,</strong></span> <span class='ocrx_word' id='word_1_99' title='bbox 2035 1081 2140 1121; x_wconf 88' lang='lat' dir='ltr'><strong>sec.</strong></span> 
     </span>
    </p>
   </div>
   <div class='ocr_carea' id='block_1_16' title="bbox 435 1155 2146 1227">
    <p class='ocr_par' dir='ltr' id='par_1_16' title="bbox 435 1155 2146 1227">
     <span class='ocr_line' id='line_1_16' title="bbox 435 1155 2146 1227; baseline 0 -17"><span class='ocrx_word' id='word_1_100' title='bbox 435 1156 611 1226; x_wconf 84' lang='lat' dir='ltr'><strong>LXX).</strong></span> <span class='ocrx_word' id='word_1_101' title='bbox 641 1157 708 1212; x_wconf 90' lang='lat' dir='ltr'><strong>Et</strong></span> <span class='ocrx_word' id='word_1_102' title='bbox 754 1173 856 1227; x_wconf 89' lang='lat' dir='ltr'><strong>per</strong></span> <span class='ocrx_word' id='word_1_103' title='bbox 905 1155 1286 1226; x_wconf 88' lang='lat' dir='ltr'><strong>semetipsum</strong></span> <span class='ocrx_word' id='word_1_104' title='bbox 1340 1158 1618 1212; x_wconf 87' lang='lat' dir='ltr'><strong>Dominus</strong></span> <span class='ocrx_word' id='word_1_105' title='bbox 1669 1157 1843 1212; x_wconf 89' lang='lat' dir='ltr'><strong>dicit:</strong></span> <span class='ocrx_word' id='word_1_106' title='bbox 1881 1159 1986 1227; x_wconf 84' lang='lat' dir='ltr'><strong>Ego</strong></span> <span class='ocrx_word' id='word_1_107' title='bbox 2025 1173 2146 1211; x_wconf 91' lang='lat' dir='ltr'><strong>sum</strong></span> 
     </span>
    </p>
   </div>
   <div class='ocr_carea' id='block_1_17' title="bbox 431 1245 2149 1319">
    <p class='ocr_par' dir='ltr' id='par_1_17' title="bbox 431 1245 2149 1319">
     <span class='ocr_line' id='line_1_17' title="bbox 431 1245 2149 1319; baseline -0.001 -17"><span class='ocrx_word' id='word_1_108' title='bbox 431 1249 593 1319; x_wconf 87' lang='lat' dir='ltr'><strong>panis</strong></span> <span class='ocrx_word' id='word_1_109' title='bbox 637 1249 811 1315; x_wconf 89' lang='lat' dir='ltr'><strong>vivus,</strong></span> <span class='ocrx_word' id='word_1_110' title='bbox 863 1248 960 1319; x_wconf 90' lang='lat' dir='ltr'><strong>qui</strong></span> <span class='ocrx_word' id='word_1_111' title='bbox 989 1246 1052 1301; x_wconf 92' lang='lat' dir='ltr'><strong>de</strong></span> <span class='ocrx_word' id='word_1_112' title='bbox 1101 1245 1234 1302; x_wconf 71' lang='lat' dir='ltr'><strong>calo</strong></span> <span class='ocrx_word' id='word_1_113' title='bbox 1278 1247 1534 1303; x_wconf 76' lang='lat' dir='ltr'><strong>descendi</strong></span> <span class='ocrx_word' id='word_1_114' title='bbox 1578 1249 1754 1316; x_wconf 86' lang='lat' dir='ltr'><strong>(Joan.</strong></span> <span class='ocrx_word' id='word_1_115' title='bbox 1805 1247 2017 1316; x_wconf 79' lang='lat' dir='ltr'><strong>v1,51).</strong></span> <span class='ocrx_word' id='word_1_116' title='bbox 2050 1246 2149 1302; x_wconf 91' lang='lat' dir='ltr'><strong>Si-</strong></span> 
     </span>
    </p>
   </div>
   <div class='ocr_carea' id='block_1_18' title="bbox 431 1335 2146 1410">
    <p class='ocr_par' dir='ltr' id='par_1_18' title="bbox 431 1335 2146 1410">
     <span class='ocr_line' id='line_1_18' title="bbox 431 1335 2146 1410; baseline 0 -19"><span class='ocrx_word' id='word_1_117' title='bbox 431 1335 545 1391; x_wconf 93' lang='lat' dir='ltr'><strong>mul</strong></span> <span class='ocrx_word' id='word_1_118' title='bbox 593 1353 729 1409; x_wconf 90' lang='lat' dir='ltr'><strong>ergo</strong></span> <span class='ocrx_word' id='word_1_119' title='bbox 786 1351 886 1394; x_wconf 89' lang='lat' dir='ltr'><strong>eos</strong></span> <span class='ocrx_word' id='word_1_120' title='bbox 926 1337 1161 1392; x_wconf 89' lang='lat' dir='ltr'><strong>vastitas</strong></span> <span class='ocrx_word' id='word_1_121' title='bbox 1219 1337 1518 1408; x_wconf 82' lang='lat' dir='ltr'><strong>famesque</strong></span> <span class='ocrx_word' id='word_1_122' title='bbox 1585 1338 1822 1403; x_wconf 87' lang='lat' dir='ltr'><strong>cruciat,</strong></span> <span class='ocrx_word' id='word_1_123' title='bbox 1874 1339 1974 1410; x_wconf 91' lang='lat' dir='ltr'><strong>qui</strong></span> <span class='ocrx_word' id='word_1_124' title='bbox 2032 1353 2146 1391; x_wconf 89' lang='lat' dir='ltr'><strong>non</strong></span> 
     </span>
    </p>
   </div>
   <div class='ocr_carea' id='block_1_19' title="bbox 434 1426 2151 1493">
    <p class='ocr_par' dir='ltr' id='par_1_19' title="bbox 434 1426 2151 1493">
     <span class='ocr_line' id='line_1_19' title="bbox 434 1426 2151 1493; baseline -0.002 -10"><span class='ocrx_word' id='word_1_125' title='bbox 434 1426 623 1483; x_wconf 89' lang='lat' dir='ltr'><strong>solum</strong></span> <span class='ocrx_word' id='word_1_126' title='bbox 675 1428 827 1482; x_wconf 87' lang='lat' dir='ltr'><strong>foras</strong></span> <span class='ocrx_word' id='word_1_127' title='bbox 877 1433 1162 1482; x_wconf 87' lang='lat' dir='ltr'><strong>tormenta</strong></span> <span class='ocrx_word' id='word_1_128' title='bbox 1199 1426 1476 1493; x_wconf 89' lang='lat' dir='ltr'><strong>sentiunt,</strong></span> <span class='ocrx_word' id='word_1_129' title='bbox 1509 1429 1608 1483; x_wconf 88' lang='lat' dir='ltr'><strong>sed</strong></span> <span class='ocrx_word' id='word_1_130' title='bbox 1638 1427 1800 1484; x_wconf 86' lang='lat' dir='ltr'><strong>intus</strong></span> <span class='ocrx_word' id='word_1_131' title='bbox 1830 1427 2002 1484; x_wconf 88' lang='lat' dir='ltr'><strong>etiam</strong></span> <span class='ocrx_word' id='word_1_132' title='bbox 2035 1426 2151 1481; x_wconf 82' lang='lat' dir='ltr'><strong>ine-</strong></span> 
     </span>
    </p>
   </div>
   <div class='ocr_carea' id='block_1_20' title="bbox 440 1515 2152 1588">
    <p class='ocr_par' dir='ltr' id='par_1_20' title="bbox 440 1515 2152 1588">
     <span class='ocr_line' id='line_1_20' title="bbox 440 1515 2152 1588; baseline 0 -18"><span class='ocrx_word' id='word_1_133' title='bbox 440 1515 546 1571; x_wconf 75' lang='lat' dir='ltr'><strong>diae</strong></span> <span class='ocrx_word' id='word_1_134' title='bbox 598 1520 760 1587; x_wconf 87' lang='lat' dir='ltr'><strong>peste</strong></span> <span class='ocrx_word' id='word_1_135' title='bbox 803 1517 1149 1572; x_wconf 90' lang='lat' dir='ltr'><strong>moriuntur.</strong></span> <span class='ocrx_word' id='word_1_136' title='bbox 1191 1515 1393 1571; x_wconf 87' lang='lat' dir='ltr'><strong>Vastat</strong></span> <span class='ocrx_word' id='word_1_137' title='bbox 1434 1518 1716 1588; x_wconf 82' lang='lat' dir='ltr'><strong>gehenna,</strong></span> <span class='ocrx_word' id='word_1_138' title='bbox 1753 1516 1891 1587; x_wconf 90' lang='lat' dir='ltr'><strong>quia</strong></span> <span class='ocrx_word' id='word_1_139' title='bbox 1922 1531 2152 1571; x_wconf 90' lang='lat' dir='ltr'><strong>concre-</strong></span> 
     </span>
    </p>
   </div>
   <div class='ocr_carea' id='block_1_21' title="bbox 442 1605 2152 1676">
    <p class='ocr_par' dir='ltr' id='par_1_21' title="bbox 442 1605 2152 1676">
     <span class='ocr_line' id='line_1_21' title="bbox 442 1605 2152 1676; baseline -0.001 -15"><span class='ocrx_word' id='word_1_140' title='bbox 442 1610 585 1674; x_wconf 86' lang='lat' dir='ltr'><strong>mat,</strong></span> <span class='ocrx_word' id='word_1_141' title='bbox 628 1605 811 1661; x_wconf 88' lang='lat' dir='ltr'><strong>fames</strong></span> <span class='ocrx_word' id='word_1_142' title='bbox 843 1605 1138 1672; x_wconf 82' lang='lat' dir='ltr'><strong>interﬁcit,</strong></span> <span class='ocrx_word' id='word_1_143' title='bbox 1165 1606 1298 1676; x_wconf 88' lang='lat' dir='ltr'><strong>quia</strong></span> <span class='ocrx_word' id='word_1_144' title='bbox 1317 1623 1485 1661; x_wconf 90' lang='lat' dir='ltr'><strong>suam</strong></span> <span class='ocrx_word' id='word_1_145' title='bbox 1512 1605 1631 1661; x_wconf 87' lang='lat' dir='ltr'><strong>illis</strong></span> <span class='ocrx_word' id='word_1_146' title='bbox 1665 1605 1869 1661; x_wconf 82' lang='lat' dir='ltr'><strong>faciem</strong></span> <span class='ocrx_word' id='word_1_147' title='bbox 1904 1605 2152 1660; x_wconf 81' lang='lat' dir='ltr'><strong>Redem-</strong></span> 
     </span>
    </p>
   </div>
   <div class='ocr_carea' id='block_1_22' title="bbox 2251 795 3862 876">
    <p class='ocr_par' dir='ltr' id='par_1_22' title="bbox 2251 795 3862 876">
     <span class='ocr_line' id='line_1_22' title="bbox 2251 795 3862 876; baseline 0.004 -22"><span class='ocrx_word' id='word_1_148' title='bbox 2251 797 2499 854; x_wconf 87' lang='lat' dir='ltr'><strong>dtcantis</strong></span> <span class='ocrx_word' id='word_1_149' title='bbox 2526 796 2748 867; x_wconf 91' lang='lat' dir='ltr'><strong>legunt,</strong></span> <span class='ocrx_word' id='word_1_150' title='bbox 2773 795 2894 866; x_wconf 92' lang='lat' dir='ltr'><strong>qui,</strong></span> <span class='ocrx_word' id='word_1_151' title='bbox 2929 796 3078 865; x_wconf 91' lang='lat' dir='ltr'><strong>quod</strong></span> <span class='ocrx_word' id='word_1_152' title='bbox 3113 797 3391 867; x_wconf 89' lang='lat' dir='ltr'><strong>suspicari</strong></span> <span class='ocrx_word' id='word_1_153' title='bbox 3426 801 3502 856; x_wconf 86' lang='lat' dir='ltr'><strong>fas</strong></span> <span class='ocrx_word' id='word_1_154' title='bbox 3533 818 3633 857; x_wconf 89' lang='lat' dir='ltr'><strong>non</strong></span> <span class='ocrx_word' id='word_1_155' title='bbox 3658 811 3862 876; x_wconf 62' lang='lat' dir='ltr'><strong>est,qua.</strong></span> 
     </span>
    </p>
   </div>
   <div class='ocr_carea' id='block_1_23' title="bbox 2253 885 3862 961">
    <p class='ocr_par' dir='ltr' id='par_1_23' title="bbox 2253 885 3862 961">
     <span class='ocr_line' id='line_1_23' title="bbox 2253 885 3862 961; baseline 0.005 -19"><span class='ocrx_word' id='word_1_156' title='bbox 2253 887 2473 942; x_wconf 90' lang='lat' dir='ltr'><strong>litatem</strong></span> <span class='ocrx_word' id='word_1_157' title='bbox 2523 886 2634 941; x_wconf 85' lang='lat' dir='ltr'><strong>sibi</strong></span> <span class='ocrx_word' id='word_1_158' title='bbox 2681 890 2958 958; x_wconf 82' lang='lat' dir='ltr'><strong>perceptas</strong></span> <span class='ocrx_word' id='word_1_159' title='bbox 3019 885 3308 942; x_wconf 89' lang='lat' dir='ltr'><strong>felicitatis</strong></span> <span class='ocrx_word' id='word_1_160' title='bbox 3367 889 3707 961; x_wconf 89' lang='lat' dir='ltr'><strong>imminuunt,</strong></span> <span class='ocrx_word' id='word_1_161' title='bbox 3743 895 3782 949; x_wconf 84' lang='lat' dir='ltr'><strong>ei</strong></span> <span class='ocrx_word' id='word_1_162' title='bbox 3823 895 3862 950; x_wconf 84' lang='lat' dir='ltr'><strong>in</strong></span> 
     </span>
    </p>
   </div>
   <div class='ocr_carea' id='block_1_24' title="bbox 2253 974 3864 1055">
    <p class='ocr_par' dir='ltr' id='par_1_24' title="bbox 2253 974 3864 1055">
     <span class='ocr_line' id='line_1_24' title="bbox 2253 974 3864 1055; baseline 0.006 -24"><span class='ocrx_word' id='word_1_163' title='bbox 2253 992 2429 1048; x_wconf 85' lang='lat' dir='ltr'><strong>regno</strong></span> <span class='ocrx_word' id='word_1_164' title='bbox 2478 975 2651 1046; x_wconf 89' lang='lat' dir='ltr'><strong>positi</strong></span> <span class='ocrx_word' id='word_1_165' title='bbox 2690 974 2896 1031; x_wconf 90' lang='lat' dir='ltr'><strong>volunt</strong></span> <span class='ocrx_word' id='word_1_166' title='bbox 2942 976 3095 1047; x_wconf 91' lang='lat' dir='ltr'><strong>quod</strong></span> <span class='ocrx_word' id='word_1_167' title='bbox 3140 976 3374 1046; x_wconf 89' lang='lat' dir='ltr'><strong>implere</strong></span> <span class='ocrx_word' id='word_1_168' title='bbox 3415 994 3738 1052; x_wconf 83' lang='lat' dir='ltr'><strong>nequaquam</strong></span> <span class='ocrx_word' id='word_1_169' title='bbox 3773 1001 3864 1055; x_wconf 85' lang='lat' dir='ltr'><strong>pos-</strong></span> 
     </span>
    </p>
   </div>
   <div class='ocr_carea' id='block_1_25' title="bbox 2254 1065 3866 1142">
    <p class='ocr_par' dir='ltr' id='par_1_25' title="bbox 2254 1065 3866 1142">
     <span class='ocr_line' id='line_1_25' title="bbox 2254 1065 3866 1142; baseline 0.004 -21"><span class='ocrx_word' id='word_1_170' title='bbox 2254 1070 2411 1122; x_wconf 89' lang='lat' dir='ltr'><strong>sunt.</strong></span> <span class='ocrx_word' id='word_1_171' title='bbox 2451 1066 2560 1121; x_wconf 89' lang='lat' dir='ltr'><strong>Sed</strong></span> <span class='ocrx_word' id='word_1_172' title='bbox 2608 1065 2877 1136; x_wconf 85' lang='lat' dir='ltr'><strong>quisquis</strong></span> <span class='ocrx_word' id='word_1_173' title='bbox 2921 1067 2992 1120; x_wconf 86' lang='lat' dir='ltr'><strong>ad</strong></span> <span class='ocrx_word' id='word_1_174' title='bbox 3033 1067 3158 1120; x_wconf 70' lang='lat' dir='ltr'><strong>vita:</strong></span> <span class='ocrx_word' id='word_1_175' title='bbox 3199 1075 3471 1139; x_wconf 74' lang='lat' dir='ltr'><strong>praecepta</strong></span> <span class='ocrx_word' id='word_1_176' title='bbox 3494 1085 3548 1124; x_wconf 91' lang='lat' dir='ltr'><strong>se</strong></span> <span class='ocrx_word' id='word_1_177' title='bbox 3576 1071 3759 1142; x_wconf 83' lang='lat' dir='ltr'><strong>dirigit,</strong></span> <span class='ocrx_word' id='word_1_178' title='bbox 3785 1076 3866 1142; x_wconf 84' lang='lat' dir='ltr'><strong>pri-</strong></span> 
     </span>
    </p>
   </div>
   <div class='ocr_carea' id='block_1_26' title="bbox 2255 1155 3868 1229">
    <p class='ocr_par' dir='ltr' id='par_1_26' title="bbox 2255 1155 3868 1229">
     <span class='ocr_line' id='line_1_26' title="bbox 2255 1155 3868 1229; baseline 0.003 -17"><span class='ocrx_word' id='word_1_179' title='bbox 2255 1172 2510 1228; x_wconf 87' lang='lat' dir='ltr'><strong>usquam</strong></span> <span class='ocrx_word' id='word_1_180' title='bbox 2551 1155 2792 1226; x_wconf 69' lang='lat' dir='ltr'><strong>preemia</strong></span> <span class='ocrx_word' id='word_1_181' title='bbox 2837 1159 3048 1210; x_wconf 67' lang='lat' dir='ltr'><strong>aeterna</strong></span> <span class='ocrx_word' id='word_1_182' title='bbox 3079 1155 3372 1226; x_wconf 85' lang='lat' dir='ltr'><strong>percipiat,</strong></span> <span class='ocrx_word' id='word_1_183' title='bbox 3405 1157 3494 1214; x_wconf 92' lang='lat' dir='ltr'><strong>hic</strong></span> <span class='ocrx_word' id='word_1_184' title='bbox 3513 1159 3624 1229; x_wconf 85' lang='lat' dir='ltr'><strong>jam</strong></span> <span class='ocrx_word' id='word_1_185' title='bbox 3653 1160 3783 1216; x_wconf 82' lang='lat' dir='ltr'><strong>initia</strong></span> <span class='ocrx_word' id='word_1_186' title='bbox 3803 1179 3868 1218; x_wconf 85' lang='lat' dir='ltr'><strong>se-</strong></span> 
     </span>
    </p>
   </div>
   <div class='ocr_carea' id='block_1_27' title="bbox 2257 1243 3866 1318">
    <p class='ocr_par' dir='ltr' id='par_1_27' title="bbox 2257 1243 3866 1318">
     <span class='ocr_line' id='line_1_27' title="bbox 2257 1243 3866 1318; baseline 0.002 -18"><span class='ocrx_word' id='word_1_187' title='bbox 2257 1249 2478 1300; x_wconf 64' lang='lat' dir='ltr'><strong>cuturae</strong></span> <span class='ocrx_word' id='word_1_188' title='bbox 2509 1243 2569 1300; x_wconf 93' lang='lat' dir='ltr'><strong>in</strong></span> <span class='ocrx_word' id='word_1_189' title='bbox 2620 1248 2963 1314; x_wconf 89' lang='lat' dir='ltr'><strong>perpetuum</strong></span> <span class='ocrx_word' id='word_1_190' title='bbox 3006 1244 3336 1300; x_wconf 86' lang='lat' dir='ltr'><strong>securitatis</strong></span> <span class='ocrx_word' id='word_1_191' title='bbox 3375 1247 3662 1318; x_wconf 86' lang='lat' dir='ltr'><strong>degustat;</strong></span> <span class='ocrx_word' id='word_1_192' title='bbox 3689 1253 3736 1303; x_wconf 89' lang='lat' dir='ltr'><strong>ut</strong></span> <span class='ocrx_word' id='word_1_193' title='bbox 3756 1250 3866 1304; x_wconf 84' lang='lat' dir='ltr'><strong>anti-</strong></span> 
     </span>
    </p>
   </div>
   <div class='ocr_carea' id='block_1_28' title="bbox 2259 1333 3869 1408">
    <p class='ocr_par' dir='ltr' id='par_1_28' title="bbox 2259 1333 3869 1408">
     <span class='ocr_line' id='line_1_28' title="bbox 2259 1333 3869 1408; baseline 0.003 -18"><span class='ocrx_word' id='word_1_194' title='bbox 2259 1351 2442 1408; x_wconf 90' lang='lat' dir='ltr'><strong>quum</strong></span> <span class='ocrx_word' id='word_1_195' title='bbox 2484 1333 2712 1389; x_wconf 85' lang='lat' dir='ltr'><strong>hostem</strong></span> <span class='ocrx_word' id='word_1_196' title='bbox 2762 1350 2873 1389; x_wconf 93' lang='lat' dir='ltr'><strong>non</strong></span> <span class='ocrx_word' id='word_1_197' title='bbox 2918 1340 3156 1402; x_wconf 88' lang='lat' dir='ltr'><strong>metuat,</strong></span> <span class='ocrx_word' id='word_1_198' title='bbox 3199 1339 3263 1390; x_wconf 87' lang='lat' dir='ltr'><strong>ut</strong></span> <span class='ocrx_word' id='word_1_199' title='bbox 3305 1335 3688 1393; x_wconf 86' lang='lat' dir='ltr'><strong>interveniente</strong></span> <span class='ocrx_word' id='word_1_200' title='bbox 3720 1340 3869 1395; x_wconf 82' lang='lat' dir='ltr'><strong>mortis</strong></span> 
     </span>
    </p>
   </div>
   <div class='ocr_carea' id='block_1_29' title="bbox 2257 1424 3872 1498">
    <p class='ocr_par' dir='ltr' id='par_1_29' title="bbox 2257 1424 3872 1498">
     <span class='ocr_line' id='line_1_29' title="bbox 2257 1424 3872 1498; baseline 0.002 -16"><span class='ocrx_word' id='word_1_201' title='bbox 2257 1424 2497 1482; x_wconf 85' lang='lat' dir='ltr'><strong>articulo</strong></span> <span class='ocrx_word' id='word_1_202' title='bbox 2538 1424 2819 1480; x_wconf 89' lang='lat' dir='ltr'><strong>violentos</strong></span> <span class='ocrx_word' id='word_1_203' title='bbox 2850 1425 2975 1496; x_wconf 87' lang='lat' dir='ltr'><strong>ejus</strong></span> <span class='ocrx_word' id='word_1_204' title='bbox 3009 1425 3262 1496; x_wconf 88' lang='lat' dir='ltr'><strong>impetus</strong></span> <span class='ocrx_word' id='word_1_205' title='bbox 3295 1427 3614 1483; x_wconf 89' lang='lat' dir='ltr'><strong>nullatenus</strong></span> <span class='ocrx_word' id='word_1_206' title='bbox 3641 1428 3872 1498; x_wconf 86' lang='lat' dir='ltr'><strong>perhorre-</strong></span> 
     </span>
    </p>
   </div>
   <div class='ocr_carea' id='block_1_30' title="bbox 2261 1513 3874 1586">
    <p class='ocr_par' dir='ltr' id='par_1_30' title="bbox 2261 1513 3874 1586">
     <span class='ocr_line' id='line_1_30' title="bbox 2261 1513 3874 1586; baseline 0.001 -14"><span class='ocrx_word' id='word_1_207' title='bbox 2261 1518 2404 1572; x_wconf 87' lang='lat' dir='ltr'><strong>scat.</strong></span> <span class='ocrx_word' id='word_1_208' title='bbox 2441 1515 2456 1584; x_wconf 88' lang='lat'>[</span> <span class='ocrx_word' id='word_1_209' title='bbox 2486 1515 2596 1568; x_wconf 85' lang='lat' dir='ltr'><strong>l’ct.</strong></span> <span class='ocrx_word' id='word_1_210' title='bbox 2630 1515 2786 1583; x_wconf 81' lang='lat' dir='ltr'><strong>XXI.]</strong></span> <span class='ocrx_word' id='word_1_211' title='bbox 2814 1513 3000 1569; x_wconf 85' lang='lat' dir='ltr'><strong>Justis</strong></span> <span class='ocrx_word' id='word_1_212' title='bbox 3050 1531 3306 1586; x_wconf 89' lang='lat' dir='ltr'><strong>namque</strong></span> <span class='ocrx_word' id='word_1_213' title='bbox 3356 1515 3572 1572; x_wconf 88' lang='lat' dir='ltr'><strong>initium</strong></span> <span class='ocrx_word' id='word_1_214' title='bbox 3617 1517 3874 1574; x_wconf 86' lang='lat' dir='ltr'><strong>retributio-</strong></span> 
     </span>
    </p>
   </div>
   <div class='ocr_carea' id='block_1_31' title="bbox 2263 1602 3872 1674">
    <p class='ocr_par' dir='ltr' id='par_1_31' title="bbox 2263 1602 3872 1674">
     <span class='ocr_line' id='line_1_31' title="bbox 2263 1602 3872 1674; baseline 0.002 -15"><span class='ocrx_word' id='word_1_215' title='bbox 2263 1606 2355 1660; x_wconf 87' lang='lat' dir='ltr'><strong>nis</strong></span> <span class='ocrx_word' id='word_1_216' title='bbox 2394 1607 2482 1659; x_wconf 88' lang='lat' dir='ltr'><strong>est</strong></span> <span class='ocrx_word' id='word_1_217' title='bbox 2530 1603 2657 1674; x_wconf 88' lang='lat' dir='ltr'><strong>ipsa</strong></span> <span class='ocrx_word' id='word_1_218' title='bbox 2695 1602 3039 1674; x_wconf 89' lang='lat' dir='ltr'><strong>plerumque</strong></span> <span class='ocrx_word' id='word_1_219' title='bbox 3088 1605 3145 1659; x_wconf 91' lang='lat' dir='ltr'><strong>in</strong></span> <span class='ocrx_word' id='word_1_220' title='bbox 3188 1604 3351 1660; x_wconf 86' lang='lat' dir='ltr'><strong>obitu</strong></span> <span class='ocrx_word' id='word_1_221' title='bbox 3399 1607 3659 1662; x_wconf 85' lang='lat' dir='ltr'><strong>securitas</strong></span> <span class='ocrx_word' id='word_1_222' title='bbox 3702 1607 3872 1663; x_wconf 80' lang='lat' dir='ltr'><strong>mentis.</strong></span> 
     </span>
    </p>
   </div>
   <div class='ocr_carea' id='block_1_32' title="bbox 443 1692 3116 1791">
    <p class='ocr_par' dir='ltr' id='par_1_32' title="bbox 443 1692 3116 1791">
     <span class='ocr_line' id='line_1_32' title="bbox 443 1692 3116 1791; baseline -0.001 -41"><span class='ocrx_word' id='word_1_223' title='bbox 443 1700 578 1767; x_wconf 90' lang='lat' dir='ltr'><strong>ptor</strong></span> <span class='ocrx_word' id='word_1_224' title='bbox 615 1695 940 1751; x_wconf 88' lang='lat' dir='ltr'><strong>abscondit.</strong></span> <span class='ocrx_word' id='word_1_225' title='bbox 974 1698 1049 1766; x_wconf 89' lang='lat' dir='ltr'><strong>(a)</strong></span> <span class='ocrx_word' id='word_1_226' title='bbox 1077 1696 1226 1753; x_wconf 88' lang='lat' dir='ltr'><strong>Bene</strong></span> <span class='ocrx_word' id='word_1_227' title='bbox 1266 1707 1519 1767; x_wconf 74' lang='lat' dir='ltr'><strong>namqtte</strong></span> <span class='ocrx_word' id='word_1_228' title='bbox 1544 1695 2154 1753; x_wconf 90' lang='lat' dir='ltr'><strong>retributioneminte-</strong></span> <span class='ocrx_word' id='word_1_229' title='bbox 2185 1723 2233 1791; x_wconf 79' lang='grc' dir='ltr'><strong>Β</strong></span> <span class='ocrx_word' id='word_1_230' title='bbox 2265 1693 2426 1749; x_wconf 84' lang='lat' dir='ltr'><strong>Unde</strong></span> <span class='ocrx_word' id='word_1_231' title='bbox 2455 1701 2504 1750; x_wconf 88' lang='lat' dir='ltr'><strong>el</strong></span> <span class='ocrx_word' id='word_1_232' title='bbox 2529 1697 2682 1749; x_wconf 88' lang='lat' dir='ltr'><strong>recte</strong></span> <span class='ocrx_word' id='word_1_233' title='bbox 2703 1692 3116 1765; x_wconf 87' lang='lat' dir='ltr'><strong>subjungitur:</strong></span> 
     </span>
    </p>
   </div>
   <div class='ocr_carea' id='block_1_33' title="bbox 445 1785 2149 1858">
    <p class='ocr_par' dir='ltr' id='par_1_33' title="bbox 445 1785 2149 1858">
     <span class='ocr_line' id='line_1_33' title="bbox 445 1785 2149 1858; baseline -0.001 -17"><span class='ocrx_word' id='word_1_234' title='bbox 445 1787 572 1841; x_wconf 91' lang='lat' dir='ltr'><strong>rius</strong></span> <span class='ocrx_word' id='word_1_235' title='bbox 612 1785 985 1856; x_wconf 87' lang='lat' dir='ltr'><strong>exteriusque</strong></span> <span class='ocrx_word' id='word_1_236' title='bbox 1015 1785 1322 1856; x_wconf 90' lang='lat' dir='ltr'><strong>recipiunt,</strong></span> <span class='ocrx_word' id='word_1_237' title='bbox 1356 1786 1495 1856; x_wconf 90' lang='lat' dir='ltr'><strong>quia</strong></span> <span class='ocrx_word' id='word_1_238' title='bbox 1525 1791 1581 1841; x_wconf 90' lang='lat' dir='ltr'><strong>et</strong></span> <span class='ocrx_word' id='word_1_239' title='bbox 1607 1787 1915 1858; x_wconf 86' lang='lat' dir='ltr'><strong>cogitando</strong></span> <span class='ocrx_word' id='word_1_240' title='bbox 1948 1785 2149 1841; x_wconf 91' lang='lat' dir='ltr'><strong>miseri</strong></span> 
     </span>
    </p>
   </div>
   <div class='ocr_carea' id='block_1_34' title="bbox 445 1873 2152 1946">
    <p class='ocr_par' dir='ltr' id='par_1_34' title="bbox 445 1873 2152 1946">
     <span class='ocr_line' id='line_1_34' title="bbox 445 1873 2152 1946; baseline 0 -16"><span class='ocrx_word' id='word_1_241' title='bbox 445 1877 504 1930; x_wconf 75' lang='lat' dir='ltr'><strong>et</strong></span> <span class='ocrx_word' id='word_1_242' title='bbox 540 1874 831 1944; x_wconf 88' lang='lat' dir='ltr'><strong>operando</strong></span> <span class='ocrx_word' id='word_1_243' title='bbox 863 1873 1254 1945; x_wconf 89' lang='lat' dir='ltr'><strong>deliquerunt.</strong></span> <span class='ocrx_word' id='word_1_244' title='bbox 1289 1874 1450 1929; x_wconf 89' lang='lat' dir='ltr'><strong>Unde</strong></span> <span class='ocrx_word' id='word_1_245' title='bbox 1483 1875 1628 1930; x_wconf 88' lang='lat' dir='ltr'><strong>bene</strong></span> <span class='ocrx_word' id='word_1_246' title='bbox 1651 1892 1753 1946; x_wconf 90' lang='lat' dir='ltr'><strong>per</strong></span> <span class='ocrx_word' id='word_1_247' title='bbox 1785 1875 2152 1931; x_wconf 88' lang='lat' dir='ltr'><strong>Psalmistam</strong></span> 
     </span>
    </p>
   </div>
   <div class='ocr_carea' id='block_1_35' title="bbox 445 1963 2156 2036">
    <p class='ocr_par' dir='ltr' id='par_1_35' title="bbox 445 1963 2156 2036">
     <span class='ocr_line' id='line_1_35' title="bbox 445 1963 2156 2036; baseline 0.001 -18"><span class='ocrx_word' id='word_1_248' title='bbox 445 1963 696 2019; x_wconf 86' lang='lat' dir='ltr'><strong>dicitur:</strong></span> <span class='ocrx_word' id='word_1_249' title='bbox 746 1966 919 2021; x_wconf 90' lang='lat' dir='ltr'><strong>Pones</strong></span> <span class='ocrx_word' id='word_1_250' title='bbox 978 1979 1070 2020; x_wconf 89' lang='lat' dir='ltr'><strong>eos</strong></span> <span class='ocrx_word' id='word_1_251' title='bbox 1122 1969 1184 2020; x_wconf 92' lang='lat' dir='ltr'><strong>ut</strong></span> <span class='ocrx_word' id='word_1_252' title='bbox 1249 1964 1530 2020; x_wconf 89' lang='lat' dir='ltr'><strong>clibanum</strong></span> <span class='ocrx_word' id='word_1_253' title='bbox 1598 1967 1742 2033; x_wconf 87' lang='lat' dir='ltr'><strong>ignis</strong></span> <span class='ocrx_word' id='word_1_254' title='bbox 1810 1967 1869 2020; x_wconf 88' lang='lat' dir='ltr'><strong>in</strong></span> <span class='ocrx_word' id='word_1_255' title='bbox 1920 1974 2156 2036; x_wconf 81' lang='lat' dir='ltr'><strong>tempore</strong></span> 
     </span>
    </p>
   </div>
   <div class='ocr_carea' id='block_1_36' title="bbox 443 2053 2158 2123">
    <p class='ocr_par' dir='ltr' id='par_1_36' title="bbox 443 2053 2158 2123">
     <span class='ocr_line' id='line_1_36' title="bbox 443 2053 2158 2123; baseline 0.001 -15"><span class='ocrx_word' id='word_1_256' title='bbox 443 2055 627 2109; x_wconf 83' lang='lat' dir='ltr'><strong>vultus</strong></span> <span class='ocrx_word' id='word_1_257' title='bbox 675 2055 798 2123; x_wconf 88' lang='lat' dir='ltr'><strong>tui;</strong></span> <span class='ocrx_word' id='word_1_258' title='bbox 828 2054 1088 2110; x_wconf 88' lang='lat' dir='ltr'><strong>Dominus</strong></span> <span class='ocrx_word' id='word_1_259' title='bbox 1127 2055 1185 2108; x_wconf 79' lang='lat' dir='ltr'><strong>in</strong></span> <span class='ocrx_word' id='word_1_260' title='bbox 1235 2053 1322 2109; x_wconf 87' lang='lat' dir='ltr'><strong>ira</strong></span> <span class='ocrx_word' id='word_1_261' title='bbox 1360 2071 1462 2109; x_wconf 89' lang='lat' dir='ltr'><strong>sua</strong></span> <span class='ocrx_word' id='word_1_262' title='bbox 1518 2055 1874 2111; x_wconf 74' lang='lat' dir='ltr'><strong>conturbabit</strong></span> <span class='ocrx_word' id='word_1_263' title='bbox 1940 2071 2046 2123; x_wconf 91' lang='lat' dir='ltr'><strong>eos,</strong></span> <span class='ocrx_word' id='word_1_264' title='bbox 2106 2057 2158 2110; x_wconf 88' lang='lat' dir='ltr'><strong>et</strong></span> 
     </span>
    </p>
   </div>
   <div class='ocr_carea' id='block_1_37' title="bbox 445 2143 2157 2216">
    <p class='ocr_par' dir='ltr' id='par_1_37' title="bbox 445 2143 2157 2216">
     <span class='ocr_line' id='line_1_37' title="bbox 445 2143 2157 2216; baseline 0.001 -18"><span class='ocrx_word' id='word_1_265' title='bbox 445 2143 729 2201; x_wconf 85' lang='lat' dir='ltr'><strong>devorabit</strong></span> <span class='ocrx_word' id='word_1_266' title='bbox 785 2161 876 2202; x_wconf 91' lang='lat' dir='ltr'><strong>eos</strong></span> <span class='ocrx_word' id='word_1_267' title='bbox 933 2147 1075 2216; x_wconf 85' lang='lat' dir='ltr'><strong>ignis</strong></span> <span class='ocrx_word' id='word_1_268' title='bbox 1106 2145 1277 2216; x_wconf 86' lang='lat' dir='ltr'><strong>(Psal.</strong></span> <span class='ocrx_word' id='word_1_269' title='bbox 1340 2163 1435 2213; x_wconf 82' lang='lat' dir='ltr'><strong>xx,</strong></span> <span class='ocrx_word' id='word_1_270' title='bbox 1500 2146 1606 2216; x_wconf 88' lang='lat' dir='ltr'><strong>t0).</strong></span> <span class='ocrx_word' id='word_1_271' title='bbox 1642 2146 1803 2210; x_wconf 90' lang='lat' dir='ltr'><strong>Quod</strong></span> <span class='ocrx_word' id='word_1_272' title='bbox 1877 2146 2031 2200; x_wconf 90' lang='lat' dir='ltr'><strong>cnim</strong></span> <span class='ocrx_word' id='word_1_273' title='bbox 2087 2145 2157 2200; x_wconf 87' lang='lat' dir='ltr'><strong>ab</strong></span> 
     </span>
    </p>
   </div>
   <div class='ocr_carea' id='block_1_38' title="bbox 448 2233 2160 2307">
    <p class='ocr_par' dir='ltr' id='par_1_38' title="bbox 448 2233 2160 2307">
     <span class='ocr_line' id='line_1_38' title="bbox 448 2233 2160 2307; baseline 0.001 -19"><span class='ocrx_word' id='word_1_274' title='bbox 448 2233 585 2306; x_wconf 83' lang='lat' dir='ltr'><strong>igne</strong></span> <span class='ocrx_word' id='word_1_275' title='bbox 634 2235 961 2303; x_wconf 88' lang='lat' dir='ltr'><strong>devoratur,</strong></span> <span class='ocrx_word' id='word_1_276' title='bbox 1004 2235 1075 2290; x_wconf 89' lang='lat' dir='ltr'><strong>ab</strong></span> <span class='ocrx_word' id='word_1_277' title='bbox 1123 2235 1389 2291; x_wconf 86' lang='lat' dir='ltr'><strong>exteriori</strong></span> <span class='ocrx_word' id='word_1_278' title='bbox 1442 2241 1600 2307; x_wconf 89' lang='lat' dir='ltr'><strong>parte</strong></span> <span class='ocrx_word' id='word_1_279' title='bbox 1649 2237 2006 2303; x_wconf 89' lang='lat' dir='ltr'><strong>accenditur,</strong></span> <span class='ocrx_word' id='word_1_280' title='bbox 2056 2233 2160 2290; x_wconf 87' lang='lat' dir='ltr'><strong>cli-</strong></span> 
     </span>
    </p>
   </div>
   <div class='ocr_carea' id='block_1_39' title="bbox 452 2323 2164 2397">
    <p class='ocr_par' dir='ltr' id='par_1_39' title="bbox 452 2323 2164 2397">
     <span class='ocr_line' id='line_1_39' title="bbox 452 2323 2164 2397; baseline 0.001 -18"><span class='ocrx_word' id='word_1_281' title='bbox 452 2324 646 2380; x_wconf 85' lang='lat' dir='ltr'><strong>banus</strong></span> <span class='ocrx_word' id='word_1_282' title='bbox 690 2340 822 2380; x_wconf 91' lang='lat' dir='ltr'><strong>vero</strong></span> <span class='ocrx_word' id='word_1_283' title='bbox 890 2323 1134 2380; x_wconf 90' lang='lat' dir='ltr'><strong>interius</strong></span> <span class='ocrx_word' id='word_1_284' title='bbox 1187 2324 1608 2380; x_wconf 86' lang='lat' dir='ltr'><strong>inﬂammatur.</strong></span> <span class='ocrx_word' id='word_1_285' title='bbox 1644 2327 1707 2380; x_wconf 89' lang='lat' dir='ltr'><strong>In</strong></span> <span class='ocrx_word' id='word_1_286' title='bbox 1741 2330 2000 2397; x_wconf 89' lang='lat' dir='ltr'><strong>tempore</strong></span> <span class='ocrx_word' id='word_1_287' title='bbox 2031 2339 2164 2396; x_wconf 87' lang='lat' dir='ltr'><strong>ergo</strong></span> 
     </span>
    </p>
   </div>
   <div class='ocr_carea' id='block_1_40' title="bbox 455 2411 2164 2486">
    <p class='ocr_par' dir='ltr' id='par_1_40' title="bbox 455 2411 2164 2486">
     <span class='ocr_line' id='line_1_40' title="bbox 455 2411 2164 2486; baseline 0.001 -18"><span class='ocrx_word' id='word_1_288' title='bbox 455 2413 656 2468; x_wconf 87' lang='lat' dir='ltr'><strong>vultus</strong></span> <span class='ocrx_word' id='word_1_289' title='bbox 701 2411 932 2470; x_wconf 90' lang='lat' dir='ltr'><strong>Domini</strong></span> <span class='ocrx_word' id='word_1_290' title='bbox 970 2413 1172 2486; x_wconf 80' lang='lat' dir='ltr'><strong>injusti</strong></span> <span class='ocrx_word' id='word_1_291' title='bbox 1215 2430 1418 2470; x_wconf 89' lang='lat' dir='ltr'><strong>omnes</strong></span> <span class='ocrx_word' id='word_1_292' title='bbox 1450 2419 1506 2470; x_wconf 87' lang='lat' dir='ltr'><strong>et</strong></span> <span class='ocrx_word' id='word_1_293' title='bbox 1544 2422 1608 2470; x_wconf 90' lang='lat' dir='ltr'><strong>ut</strong></span> <span class='ocrx_word' id='word_1_294' title='bbox 1636 2415 1904 2470; x_wconf 88' lang='lat' dir='ltr'><strong>clibanus</strong></span> <span class='ocrx_word' id='word_1_295' title='bbox 1935 2431 2164 2486; x_wconf 91' lang='lat' dir='ltr'><strong>ponun-</strong></span> 
     </span>
    </p>
   </div>
   <div class='ocr_carea' id='block_1_41' title="bbox 457 2503 2163 2577">
    <p class='ocr_par' dir='ltr' id='par_1_41' title="bbox 457 2503 2163 2577">
     <span class='ocr_line' id='line_1_41' title="bbox 457 2503 2163 2577; baseline 0.001 -18"><span class='ocrx_word' id='word_1_296' title='bbox 457 2507 581 2569; x_wconf 88' lang='lat' dir='ltr'><strong>tur,</strong></span> <span class='ocrx_word' id='word_1_297' title='bbox 629 2507 685 2560; x_wconf 89' lang='lat' dir='ltr'><strong>et</strong></span> <span class='ocrx_word' id='word_1_298' title='bbox 714 2503 785 2559; x_wconf 88' lang='lat' dir='ltr'><strong>ab</strong></span> <span class='ocrx_word' id='word_1_299' title='bbox 831 2503 966 2575; x_wconf 83' lang='lat' dir='ltr'><strong>igne</strong></span> <span class='ocrx_word' id='word_1_300' title='bbox 995 2504 1380 2574; x_wconf 88' lang='lat' dir='ltr'><strong>devorantur;</strong></span> <span class='ocrx_word' id='word_1_301' title='bbox 1416 2506 1573 2576; x_wconf 88' lang='lat' dir='ltr'><strong>quia,</strong></span> <span class='ocrx_word' id='word_1_302' title='bbox 1605 2510 1922 2577; x_wconf 89' lang='lat' dir='ltr'><strong>apparente</strong></span> <span class='ocrx_word' id='word_1_303' title='bbox 1947 2505 2163 2575; x_wconf 88' lang='lat' dir='ltr'><strong>judice,</strong></span> 
     </span>
    </p>
   </div>
   <div class='ocr_carea' id='block_1_42' title="bbox 463 2592 2171 2668">
    <p class='ocr_par' dir='ltr' id='par_1_42' title="bbox 463 2592 2171 2668">
     <span class='ocr_line' id='line_1_42' title="bbox 463 2592 2171 2668; baseline -0.001 -16"><span class='ocrx_word' id='word_1_304' title='bbox 463 2610 599 2652; x_wconf 93' lang='lat' dir='ltr'><strong>cum</strong></span> <span class='ocrx_word' id='word_1_305' title='bbox 641 2609 676 2650; x_wconf 87' lang='lat' dir='ltr'><strong>a</strong></span> <span class='ocrx_word' id='word_1_306' title='bbox 712 2593 932 2650; x_wconf 76' lang='lat' dir='ltr'><strong>visione</strong></span> <span class='ocrx_word' id='word_1_307' title='bbox 981 2592 1141 2651; x_wconf 91' lang='lat' dir='ltr'><strong>illius</strong></span> <span class='ocrx_word' id='word_1_308' title='bbox 1180 2609 1381 2652; x_wconf 90' lang='lat' dir='ltr'><strong>eorum</strong></span> <span class='ocrx_word' id='word_1_309' title='bbox 1423 2594 1732 2651; x_wconf 88' lang='lat' dir='ltr'><strong>multitudo</strong></span> <span class='ocrx_word' id='word_1_310' title='bbox 1763 2595 2081 2668; x_wconf 85' lang='lat' dir='ltr'><strong>repellitur,</strong></span> <span class='ocrx_word' id='word_1_311' title='bbox 2115 2602 2171 2651; x_wconf 89' lang='lat' dir='ltr'><strong>et</strong></span> 
     </span>
    </p>
   </div>
   <div class='ocr_carea' id='block_1_43' title="bbox 457 2683 2168 2755">
    <p class='ocr_par' dir='ltr' id='par_1_43' title="bbox 457 2683 2168 2755">
     <span class='ocr_line' id='line_1_43' title="bbox 457 2683 2168 2755; baseline 0.001 -16"><span class='ocrx_word' id='word_1_312' title='bbox 457 2684 618 2741; x_wconf 87' lang='lat' dir='ltr'><strong>intus</strong></span> <span class='ocrx_word' id='word_1_313' title='bbox 658 2699 759 2755; x_wconf 89' lang='lat' dir='ltr'><strong>per</strong></span> <span class='ocrx_word' id='word_1_314' title='bbox 803 2683 1159 2740; x_wconf 89' lang='lat' dir='ltr'><strong>desiderium</strong></span> <span class='ocrx_word' id='word_1_315' title='bbox 1191 2683 1354 2741; x_wconf 87' lang='lat' dir='ltr'><strong>ardet</strong></span> <span class='ocrx_word' id='word_1_316' title='bbox 1384 2684 1761 2755; x_wconf 89' lang='lat' dir='ltr'><strong>conscientia,</strong></span> <span class='ocrx_word' id='word_1_317' title='bbox 1785 2690 1838 2741; x_wconf 92' lang='lat' dir='ltr'><strong>et</strong></span> <span class='ocrx_word' id='word_1_318' title='bbox 1871 2685 2010 2741; x_wconf 89' lang='lat' dir='ltr'><strong>foris</strong></span> <span class='ocrx_word' id='word_1_319' title='bbox 2041 2701 2168 2742; x_wconf 86' lang='lat' dir='ltr'><strong>car-</strong></span> 
     </span>
    </p>
   </div>
   <div class='ocr_carea' id='block_1_44' title="bbox 458 2773 1153 2846">
    <p class='ocr_par' dir='ltr' id='par_1_44' title="bbox 458 2773 1153 2846">
     <span class='ocr_line' id='line_1_44' title="bbox 458 2773 1153 2846; baseline 0 -16"><span class='ocrx_word' id='word_1_320' title='bbox 458 2789 591 2830; x_wconf 88' lang='lat' dir='ltr'><strong>nem</strong></span> <span class='ocrx_word' id='word_1_321' title='bbox 615 2773 839 2831; x_wconf 83' lang='lat' dir='ltr'><strong>cruciat</strong></span> <span class='ocrx_word' id='word_1_322' title='bbox 868 2773 1153 2846; x_wconf 88' lang='lat' dir='ltr'><strong>gehenna.</strong></span> 
     </span>
    </p>
   </div>
   <div class='ocr_carea' id='block_1_45' title="bbox 529 2867 2170 2938">
    <p class='ocr_par' dir='ltr' id='par_1_45' title="bbox 529 2867 2170 2938">
     <span class='ocr_line' id='line_1_45' title="bbox 529 2867 2170 2938; baseline 0.001 -16"><span class='ocrx_word' id='word_1_323' title='bbox 529 2870 616 2924; x_wconf 78' lang='grc'><strong>48.</strong></span> <span class='ocrx_word' id='word_1_324' title='bbox 662 2869 803 2924; x_wconf 84' lang='lat' dir='ltr'><strong>Justi</strong></span> <span class='ocrx_word' id='word_1_325' title='bbox 851 2874 982 2924; x_wconf 85' lang='lat' dir='ltr'><strong>tunc</strong></span> <span class='ocrx_word' id='word_1_326' title='bbox 1027 2867 1306 2938; x_wconf 86' lang='lat' dir='ltr'><strong>ridebunt,</strong></span> <span class='ocrx_word' id='word_1_327' title='bbox 1331 2884 1432 2926; x_wconf 89' lang='lat' dir='ltr'><strong>nec</strong></span> <span class='ocrx_word' id='word_1_328' title='bbox 1461 2871 1576 2925; x_wconf 88' lang='lat' dir='ltr'><strong>ulta</strong></span> <span class='ocrx_word' id='word_1_329' title='bbox 1619 2871 1677 2924; x_wconf 89' lang='lat' dir='ltr'><strong>in</strong></span> <span class='ocrx_word' id='word_1_330' title='bbox 1735 2869 2018 2925; x_wconf 88' lang='lat' dir='ltr'><strong>damnatos</strong></span> <span class='ocrx_word' id='word_1_331' title='bbox 2067 2869 2170 2924; x_wconf 90' lang='lat' dir='ltr'><strong>mi-</strong></span> 
     </span>
    </p>
   </div>
   <div class='ocr_carea' id='block_1_46' title="bbox 454 2957 2172 3032">
    <p class='ocr_par' dir='ltr' id='par_1_46' title="bbox 454 2957 2172 3032">
     <span class='ocr_line' id='line_1_46' title="bbox 454 2957 2172 3032; baseline -0.001 -17"><span class='ocrx_word' id='word_1_332' title='bbox 454 2957 750 3015; x_wconf 80' lang='lat' dir='ltr'><strong>sericOrdia</strong></span> <span class='ocrx_word' id='word_1_333' title='bbox 794 2957 1172 3014; x_wconf 85' lang='lat' dir='ltr'><strong>movebuntur.</strong></span> <span class='ocrx_word' id='word_1_334' title='bbox 1206 2988 1271 2999; x_wconf 91' lang='lat'><strong>—-</strong></span> <span class='ocrx_word' id='word_1_335' title='bbox 1303 2961 1496 3014; x_wconf 87' lang='lat' dir='ltr'><strong>Potest</strong></span> <span class='ocrx_word' id='word_1_336' title='bbox 1527 2959 1702 3015; x_wconf 90' lang='lat' dir='ltr'><strong>etiam</strong></span> <span class='ocrx_word' id='word_1_337' title='bbox 1727 2959 2023 3032; x_wconf 88' lang='lat' dir='ltr'><strong>flagellum</strong></span> <span class='ocrx_word' id='word_1_338' title='bbox 2055 2959 2172 3014; x_wconf 91' lang='lat' dir='ltr'><strong>lin-</strong></span> 
     </span>
    </p>
   </div>
   <div class='ocr_carea' id='block_1_47' title="bbox 457 3045 2170 3121">
    <p class='ocr_par' dir='ltr' id='par_1_47' title="bbox 457 3045 2170 3121">
     <span class='ocr_line' id='line_1_47' title="bbox 457 3045 2170 3121; baseline 0 -18"><span class='ocrx_word' id='word_1_339' title='bbox 457 3064 606 3120; x_wconf 71' lang='lat' dir='ltr'><strong>gum,</strong></span> <span class='ocrx_word' id='word_1_340' title='bbox 641 3045 929 3102; x_wconf 86' lang='lat' dir='ltr'><strong>sententia</strong></span> <span class='ocrx_word' id='word_1_341' title='bbox 959 3045 1181 3103; x_wconf 66' lang='lat' dir='ltr'><strong>ultimae</strong></span> <span class='ocrx_word' id='word_1_342' title='bbox 1201 3047 1719 3104; x_wconf 87' lang='lat' dir='ltr'><strong>animadversionis</strong></span> <span class='ocrx_word' id='word_1_343' title='bbox 1750 3048 2021 3121; x_wconf 88' lang='lat' dir='ltr'><strong>intelligi,</strong></span> <span class='ocrx_word' id='word_1_344' title='bbox 2055 3065 2170 3120; x_wconf 90' lang='lat' dir='ltr'><strong>qua</strong></span> 
     </span>
    </p>
   </div>
   <div class='ocr_carea' id='block_1_48' title="bbox 457 3137 2166 3210">
    <p class='ocr_par' dir='ltr' id='par_1_48' title="bbox 457 3137 2166 3210">
     <span class='ocr_line' id='line_1_48' title="bbox 457 3137 2166 3210; baseline 0 -16"><span class='ocrx_word' id='word_1_345' title='bbox 457 3137 758 3194; x_wconf 88' lang='lat' dir='ltr'><strong>districtus</strong></span> <span class='ocrx_word' id='word_1_346' title='bbox 782 3137 961 3208; x_wconf 82' lang='lat' dir='ltr'><strong>judex</strong></span> <span class='ocrx_word' id='word_1_347' title='bbox 995 3138 1252 3210; x_wconf 91' lang='lat' dir='ltr'><strong>reprobis</strong></span> <span class='ocrx_word' id='word_1_348' title='bbox 1279 3138 1416 3194; x_wconf 88' lang='lat' dir='ltr'><strong>dicit</strong></span> <span class='ocrx_word' id='word_1_349' title='bbox 1451 3154 1462 3192; x_wconf 90' lang='lat'><strong>:</strong></span> <span class='ocrx_word' id='word_1_350' title='bbox 1499 3139 1767 3196; x_wconf 78' lang='lat' dir='ltr'><strong>Discedite</strong></span> <span class='ocrx_word' id='word_1_351' title='bbox 1793 3158 1824 3194; x_wconf 91' lang='lat' dir='ltr'><strong>a</strong></span> <span class='ocrx_word' id='word_1_352' title='bbox 1854 3155 1959 3206; x_wconf 88' lang='lat' dir='ltr'><strong>me,</strong></span> <span class='ocrx_word' id='word_1_353' title='bbox 1993 3140 2166 3194; x_wconf 87' lang='lat' dir='ltr'><strong>male-</strong></span> 
     </span>
    </p>
   </div>
   <div class='ocr_carea' id='block_1_49' title="bbox 458 3226 2178 3299">
    <p class='ocr_par' dir='ltr' id='par_1_49' title="bbox 458 3226 2178 3299">
     <span class='ocr_line' id='line_1_49' title="bbox 458 3226 2178 3299; baseline 0.001 -18"><span class='ocrx_word' id='word_1_354' title='bbox 458 3226 610 3293; x_wconf 81' lang='lat' dir='ltr'><strong>dicti,</strong></span> <span class='ocrx_word' id='word_1_355' title='bbox 660 3229 722 3281; x_wconf 86' lang='lat' dir='ltr'><strong>in</strong></span> <span class='ocrx_word' id='word_1_356' title='bbox 777 3227 962 3295; x_wconf 84' lang='lat' dir='ltr'><strong>ignem</strong></span> <span class='ocrx_word' id='word_1_357' title='bbox 1007 3231 1306 3294; x_wconf 72' lang='lat' dir='ltr'><strong>aeternum,</strong></span> <span class='ocrx_word' id='word_1_358' title='bbox 1347 3230 1442 3298; x_wconf 88' lang='lat' dir='ltr'><strong>qui</strong></span> <span class='ocrx_word' id='word_1_359' title='bbox 1473 3237 1698 3299; x_wconf 89' lang='lat' dir='ltr'><strong>paratus</strong></span> <span class='ocrx_word' id='word_1_360' title='bbox 1736 3232 1809 3283; x_wconf 91' lang='lat' dir='ltr'><strong>est</strong></span> <span class='ocrx_word' id='word_1_361' title='bbox 1865 3228 2086 3282; x_wconf 87' lang='lat' dir='ltr'><strong>diabolo</strong></span> <span class='ocrx_word' id='word_1_362' title='bbox 2127 3235 2178 3282; x_wconf 89' lang='lat' dir='ltr'><strong>et</strong></span> 
     </span>
    </p>
   </div>
   <div class='ocr_carea' id='block_1_50' title="bbox 461 3315 2174 3389">
    <p class='ocr_par' dir='ltr' id='par_1_50' title="bbox 461 3315 2174 3389">
     <span class='ocr_line' id='line_1_50' title="bbox 461 3315 2174 3389; baseline 0.002 -19"><span class='ocrx_word' id='word_1_363' title='bbox 461 3316 676 3385; x_wconf 84' lang='lat' dir='ltr'><strong>angelis</strong></span> <span class='ocrx_word' id='word_1_364' title='bbox 735 3317 854 3386; x_wconf 83' lang='lat' dir='ltr'><strong>ejus</strong></span> <span class='ocrx_word' id='word_1_365' title='bbox 911 3315 1125 3387; x_wconf 76' lang='lat' dir='ltr'><strong>(Matth.</strong></span> <span class='ocrx_word' id='word_1_366' title='bbox 1186 3333 1314 3384; x_wconf 89' lang='lat' dir='ltr'><strong>xxv,</strong></span> <span class='ocrx_word' id='word_1_367' title='bbox 1384 3317 1495 3388; x_wconf 84' lang='grc'><strong>41).</strong></span> <span class='ocrx_word' id='word_1_368' title='bbox 1553 3317 1756 3373; x_wconf 86' lang='lat' dir='ltr'><strong>Justus</strong></span> <span class='ocrx_word' id='word_1_369' title='bbox 1797 3333 1932 3389; x_wconf 88' lang='lat' dir='ltr'><strong>ergo</strong></span> <span class='ocrx_word' id='word_1_370' title='bbox 1991 3335 2023 3372; x_wconf 89' lang='lat' dir='ltr'><strong>a</strong></span> <span class='ocrx_word' id='word_1_371' title='bbox 2071 3317 2174 3373; x_wconf 90' lang='lat' dir='ltr'><strong>fla-</strong></span> 
     </span>
    </p>
   </div>
   <div class='ocr_carea' id='block_1_51' title="bbox 463 3403 2182 3477">
    <p class='ocr_par' dir='ltr' id='par_1_51' title="bbox 463 3403 2182 3477">
     <span class='ocr_line' id='line_1_51' title="bbox 463 3403 2182 3477; baseline -0.001 -16"><span class='ocrx_word' id='word_1_372' title='bbox 463 3403 615 3477; x_wconf 86' lang='lat' dir='ltr'><strong>gello</strong></span> <span class='ocrx_word' id='word_1_373' title='bbox 663 3403 878 3475; x_wconf 66' lang='lat' dir='ltr'><strong>lingua</strong></span> <span class='ocrx_word' id='word_1_374' title='bbox 921 3412 1090 3476; x_wconf 87' lang='lat' dir='ltr'><strong>atque</strong></span> <span class='ocrx_word' id='word_1_375' title='bbox 1120 3422 1152 3459; x_wconf 85' lang='lat' dir='ltr'><strong>a</strong></span> <span class='ocrx_word' id='word_1_376' title='bbox 1183 3406 1518 3461; x_wconf 85' lang='lat' dir='ltr'><strong>calamitate</strong></span> <span class='ocrx_word' id='word_1_377' title='bbox 1563 3406 1826 3462; x_wconf 89' lang='lat' dir='ltr'><strong>veniente</strong></span> <span class='ocrx_word' id='word_1_378' title='bbox 1875 3405 2182 3462; x_wconf 89' lang='lat' dir='ltr'><strong>abscondi-</strong></span> 
     </span>
    </p>
   </div>
   <div class='ocr_carea' id='block_1_52' title="bbox 464 3492 2182 3564">
    <p class='ocr_par' dir='ltr' id='par_1_52' title="bbox 464 3492 2182 3564">
     <span class='ocr_line' id='line_1_52' title="bbox 464 3492 2182 3564; baseline 0.001 -16"><span class='ocrx_word' id='word_1_379' title='bbox 464 3498 584 3564; x_wconf 90' lang='lat' dir='ltr'><strong>tur,</strong></span> <span class='ocrx_word' id='word_1_380' title='bbox 626 3493 705 3564; x_wconf 95' lang='lat' dir='ltr'><strong>(b)</strong></span> <span class='ocrx_word' id='word_1_381' title='bbox 756 3492 890 3564; x_wconf 90' lang='lat' dir='ltr'><strong>quia</strong></span> <span class='ocrx_word' id='word_1_382' title='bbox 937 3492 996 3547; x_wconf 92' lang='lat' dir='ltr'><strong>in</strong></span> <span class='ocrx_word' id='word_1_383' title='bbox 1042 3498 1206 3549; x_wconf 88' lang='lat' dir='ltr'><strong>tanta</strong></span> <span class='ocrx_word' id='word_1_384' title='bbox 1245 3494 1605 3551; x_wconf 85' lang='lat' dir='ltr'><strong>districtione</strong></span> <span class='ocrx_word' id='word_1_385' title='bbox 1636 3493 1936 3550; x_wconf 66' lang='lat' dir='ltr'><strong>sententias</strong></span> <span class='ocrx_word' id='word_1_386' title='bbox 1968 3494 2182 3550; x_wconf 88' lang='lat' dir='ltr'><strong>blanda</strong></span> 
     </span>
    </p>
   </div>
   <div class='ocr_carea' id='block_1_53' title="bbox 467 3581 2183 3652">
    <p class='ocr_par' dir='ltr' id='par_1_53' title="bbox 467 3581 2183 3652">
     <span class='ocr_line' id='line_1_53' title="bbox 467 3581 2183 3652; baseline 0.001 -13"><span class='ocrx_word' id='word_1_387' title='bbox 467 3586 610 3639; x_wconf 84' lang='lat' dir='ltr'><strong>tunc</strong></span> <span class='ocrx_word' id='word_1_388' title='bbox 635 3581 855 3652; x_wconf 83' lang='lat' dir='ltr'><strong>judicis</strong></span> <span class='ocrx_word' id='word_1_389' title='bbox 897 3599 1034 3638; x_wconf 90' lang='lat' dir='ltr'><strong>voce</strong></span> <span class='ocrx_word' id='word_1_390' title='bbox 1076 3583 1363 3639; x_wconf 87' lang='lat' dir='ltr'><strong>refovetur</strong></span> <span class='ocrx_word' id='word_1_391' title='bbox 1404 3599 1530 3640; x_wconf 89' lang='lat' dir='ltr'><strong>cum</strong></span> <span class='ocrx_word' id='word_1_392' title='bbox 1573 3583 1828 3641; x_wconf 90' lang='lat' dir='ltr'><strong>dicitur:</strong></span> <span class='ocrx_word' id='word_1_393' title='bbox 1866 3585 2101 3649; x_wconf 85' lang='lat' dir='ltr'><strong>Esurivi,</strong></span> <span class='ocrx_word' id='word_1_394' title='bbox 2132 3588 2183 3640; x_wconf 90' lang='lat' dir='ltr'><strong>et</strong></span> 
     </span>
    </p>
   </div>
   <div class='ocr_carea' id='block_1_54' title="bbox 467 3671 2182 3742">
    <p class='ocr_par' dir='ltr' id='par_1_54' title="bbox 467 3671 2182 3742">
     <span class='ocr_line' id='line_1_54' title="bbox 467 3671 2182 3742; baseline -0.001 -14"><span class='ocrx_word' id='word_1_395' title='bbox 467 3671 691 3728; x_wconf 85' lang='lat' dir='ltr'><strong>dedistis</strong></span> <span class='ocrx_word' id='word_1_396' title='bbox 744 3672 882 3726; x_wconf 79' lang='lat' dir='ltr'><strong>mihi</strong></span> <span class='ocrx_word' id='word_1_397' title='bbox 934 3671 1309 3739; x_wconf 80' lang='lat' dir='ltr'><strong>manducare;</strong></span> <span class='ocrx_word' id='word_1_398' title='bbox 1338 3674 1516 3742; x_wconf 86' lang='lat' dir='ltr'><strong>sitivi,</strong></span> <span class='ocrx_word' id='word_1_399' title='bbox 1549 3680 1598 3729; x_wconf 90' lang='lat' dir='ltr'><strong>et</strong></span> <span class='ocrx_word' id='word_1_400' title='bbox 1653 3673 1883 3729; x_wconf 86' lang='lat' dir='ltr'><strong>dedistis</strong></span> <span class='ocrx_word' id='word_1_401' title='bbox 1930 3673 2073 3728; x_wconf 87' lang='lat' dir='ltr'><strong>mihi</strong></span> <span class='ocrx_word' id='word_1_402' title='bbox 2105 3675 2182 3727; x_wconf 88' lang='lat' dir='ltr'><strong>bi-</strong></span> 
     </span>
    </p>
   </div>
   <div class='ocr_carea' id='block_1_55' title="bbox 470 3759 2188 3833">
    <p class='ocr_par' dir='ltr' id='par_1_55' title="bbox 470 3759 2188 3833">
     <span class='ocr_line' id='line_1_55' title="bbox 470 3759 2188 3833; baseline 0.001 -16"><span class='ocrx_word' id='word_1_403' title='bbox 470 3761 632 3825; x_wconf 83' lang='lat' dir='ltr'><strong>bere;</strong></span> <span class='ocrx_word' id='word_1_404' title='bbox 680 3759 870 3833; x_wconf 79' lang='lat' dir='ltr'><strong>hospes</strong></span> <span class='ocrx_word' id='word_1_405' title='bbox 936 3777 1108 3830; x_wconf 89' lang='lat' dir='ltr'><strong>eram,</strong></span> <span class='ocrx_word' id='word_1_406' title='bbox 1153 3770 1206 3817; x_wconf 92' lang='lat' dir='ltr'><strong>et</strong></span> <span class='ocrx_word' id='word_1_407' title='bbox 1263 3762 1563 3831; x_wconf 86' lang='lat' dir='ltr'><strong>collegistis</strong></span> <span class='ocrx_word' id='word_1_408' title='bbox 1619 3779 1737 3828; x_wconf 89' lang='lat' dir='ltr'><strong>me;</strong></span> <span class='ocrx_word' id='word_1_409' title='bbox 1781 3763 1982 3831; x_wconf 87' lang='lat' dir='ltr'><strong>nudus,</strong></span> <span class='ocrx_word' id='word_1_410' title='bbox 2015 3769 2066 3819; x_wconf 89' lang='lat' dir='ltr'><strong>et</strong></span> <span class='ocrx_word' id='word_1_411' title='bbox 2097 3778 2188 3819; x_wconf 87' lang='lat' dir='ltr'><strong>co-</strong></span> 
     </span>
    </p>
   </div>
   <div class='ocr_carea' id='block_1_56' title="bbox 469 3849 2189 3925">
    <p class='ocr_par' dir='ltr' id='par_1_56' title="bbox 469 3849 2189 3925">
     <span class='ocr_line' id='line_1_56' title="bbox 469 3849 2189 3925; baseline 0 -17"><span class='ocrx_word' id='word_1_412' title='bbox 469 3849 762 3923; x_wconf 86' lang='lat' dir='ltr'><strong>operuistis</strong></span> <span class='ocrx_word' id='word_1_413' title='bbox 807 3867 933 3915; x_wconf 83' lang='lat' dir='ltr'><strong>me;</strong></span> <span class='ocrx_word' id='word_1_414' title='bbox 977 3851 1247 3925; x_wconf 84' lang='lat' dir='ltr'><strong>infirmus</strong></span> <span class='ocrx_word' id='word_1_415' title='bbox 1285 3858 1335 3908; x_wconf 92' lang='lat' dir='ltr'><strong>et</strong></span> <span class='ocrx_word' id='word_1_416' title='bbox 1379 3852 1646 3908; x_wconf 83' lang='lat' dir='ltr'><strong>visitastis</strong></span> <span class='ocrx_word' id='word_1_417' title='bbox 1695 3868 1818 3919; x_wconf 88' lang='lat' dir='ltr'><strong>me;</strong></span> <span class='ocrx_word' id='word_1_418' title='bbox 1862 3855 1918 3908; x_wconf 89' lang='lat' dir='ltr'><strong>in</strong></span> <span class='ocrx_word' id='word_1_419' title='bbox 1968 3869 2189 3910; x_wconf 81' lang='lat' dir='ltr'><strong>carcere</strong></span> 
     </span>
    </p>
   </div>
   <div class='ocr_carea' id='block_1_57' title="bbox 465 3943 2187 4016">
    <p class='ocr_par' dir='ltr' id='par_1_57' title="bbox 465 3943 2187 4016">
     <span class='ocr_line' id='line_1_57' title="bbox 465 3943 2187 4016; baseline 0.001 -19"><span class='ocrx_word' id='word_1_420' title='bbox 465 3957 641 4011; x_wconf 86' lang='lat' dir='ltr'><strong>eram,</strong></span> <span class='ocrx_word' id='word_1_421' title='bbox 680 3949 731 3998; x_wconf 87' lang='lat' dir='ltr'><strong>et</strong></span> <span class='ocrx_word' id='word_1_422' title='bbox 774 3944 988 3999; x_wconf 87' lang='lat' dir='ltr'><strong>venistis</strong></span> <span class='ocrx_word' id='word_1_423' title='bbox 1037 3943 1106 3998; x_wconf 82' lang='lat' dir='ltr'><strong>ad</strong></span> <span class='ocrx_word' id='word_1_424' title='bbox 1153 3960 1241 3998; x_wconf 87' lang='lat' dir='ltr'><strong>me</strong></span> <span class='ocrx_word' id='word_1_425' title='bbox 1303 3943 1473 4014; x_wconf 85' lang='lat' dir='ltr'><strong>(Ibid.</strong></span> <span class='ocrx_word' id='word_1_426' title='bbox 1525 3944 1615 4012; x_wconf 87' lang='lat'><strong>35,</strong></span> <span class='ocrx_word' id='word_1_427' title='bbox 1645 3944 1757 4015; x_wconf 88' lang='lat'><strong>36).</strong></span> <span class='ocrx_word' id='word_1_428' title='bbox 1793 3944 2012 4010; x_wconf 88' lang='lat' dir='ltr'><strong>Quibus</strong></span> <span class='ocrx_word' id='word_1_429' title='bbox 2042 3961 2187 4016; x_wconf 77' lang='lat' dir='ltr'><strong>prte-</strong></span> 
     </span>
    </p>
   </div>
   <div class='ocr_carea' id='block_1_58' title="bbox 466 4031 2193 4105">
    <p class='ocr_par' dir='ltr' id='par_1_58' title="bbox 466 4031 2193 4105">
     <span class='ocr_line' id='line_1_58' title="bbox 466 4031 2193 4105; baseline 0.001 -18"><span class='ocrx_word' id='word_1_430' title='bbox 466 4031 762 4089; x_wconf 85' lang='lat' dir='ltr'><strong>mittitur:</strong></span> <span class='ocrx_word' id='word_1_431' title='bbox 802 4033 998 4100; x_wconf 75' lang='lat' dir='ltr'><strong>Venite,</strong></span> <span class='ocrx_word' id='word_1_432' title='bbox 1041 4033 1307 4088; x_wconf 83' lang='lat' dir='ltr'><strong>benedicti</strong></span> <span class='ocrx_word' id='word_1_433' title='bbox 1337 4033 1489 4088; x_wconf 67' lang='lat'><strong>203</strong></span> <span class='ocrx_word' id='word_1_434' title='bbox 1539 4033 1722 4088; x_wconf 89' lang='lat' dir='ltr'><strong>Patris</strong></span> <span class='ocrx_word' id='word_1_435' title='bbox 1760 4035 1889 4102; x_wconf 87' lang='lat' dir='ltr'><strong>mei,</strong></span> <span class='ocrx_word' id='word_1_436' title='bbox 1918 4035 2193 4105; x_wconf 85' lang='lat' dir='ltr'><strong>possidete</strong></span> 
     </span>
    </p>
   </div>
   <div class='ocr_carea' id='block_1_59' title="bbox 458 4124 2193 4196">
    <p class='ocr_par' dir='ltr' id='par_1_59' title="bbox 458 4124 2193 4196">
     <span class='ocr_line' id='line_1_59' title="bbox 458 4124 2193 4196; baseline 0.001 -17"><span class='ocrx_word' id='word_1_437' title='bbox 458 4133 721 4196; x_wconf 82' lang='lat' dir='ltr'><strong>paratum</strong></span> <span class='ocrx_word' id='word_1_438' title='bbox 768 4126 916 4182; x_wconf 82' lang='lat' dir='ltr'><strong>vobis</strong></span> <span class='ocrx_word' id='word_1_439' title='bbox 966 4141 1198 4194; x_wconf 84' lang='lat' dir='ltr'><strong>regnum</strong></span> <span class='ocrx_word' id='word_1_440' title='bbox 1244 4141 1278 4179; x_wconf 83' lang='grc' dir='ltr'><em>α</em></span> <span class='ocrx_word' id='word_1_441' title='bbox 1319 4124 1708 4181; x_wconf 75' lang='lat' dir='ltr'><strong>constitutione</strong></span> <span class='ocrx_word' id='word_1_442' title='bbox 1753 4125 1950 4180; x_wconf 88' lang='lat' dir='ltr'><strong>mundi</strong></span> <span class='ocrx_word' id='word_1_443' title='bbox 2004 4125 2193 4196; x_wconf 87' lang='lat' dir='ltr'><strong>(Ibid.,</strong></span> 
     </span>
    </p>
   </div>
   <div class='ocr_carea' id='block_1_60' title="bbox 467 4213 2193 4288">
    <p class='ocr_par' dir='ltr' id='par_1_60' title="bbox 467 4213 2193 4288">
     <span class='ocr_line' id='line_1_60' title="bbox 467 4213 2193 4288; baseline 0.002 -20"><span class='ocrx_word' id='word_1_444' title='bbox 467 4213 578 4285; x_wconf 78' lang='grc'><strong>34).</strong></span> <span class='ocrx_word' id='word_1_445' title='bbox 631 4217 695 4272; x_wconf 82' lang='lat' dir='ltr'><strong>In</strong></span> <span class='ocrx_word' id='word_1_446' title='bbox 727 4217 992 4271; x_wconf 85' lang='lat' dir='ltr'><strong>vastitate</strong></span> <span class='ocrx_word' id='word_1_447' title='bbox 1049 4231 1186 4288; x_wconf 89' lang='lat' dir='ltr'><strong>ergo</strong></span> <span class='ocrx_word' id='word_1_448' title='bbox 1236 4223 1290 4270; x_wconf 90' lang='lat' dir='ltr'><strong>et</strong></span> <span class='ocrx_word' id='word_1_449' title='bbox 1337 4215 1486 4271; x_wconf 84' lang='lat' dir='ltr'><strong>fame</strong></span> <span class='ocrx_word' id='word_1_450' title='bbox 1521 4216 1722 4286; x_wconf 87' lang='lat' dir='ltr'><strong>justus</strong></span> <span class='ocrx_word' id='word_1_451' title='bbox 1754 4217 2002 4284; x_wconf 83' lang='lat' dir='ltr'><strong>ridebit;</strong></span> <span class='ocrx_word' id='word_1_452' title='bbox 2053 4217 2193 4288; x_wconf 91' lang='lat' dir='ltr'><strong>quia</strong></span> 
     </span>
    </p>
   </div>
   <div class='ocr_carea' id='block_1_61' title="bbox 469 4304 2189 4379">
    <p class='ocr_par' dir='ltr' id='par_1_61' title="bbox 469 4304 2189 4379">
     <span class='ocr_line' id='line_1_61' title="bbox 469 4304 2189 4379; baseline 0.003 -22"><span class='ocrx_word' id='word_1_453' title='bbox 469 4319 604 4358; x_wconf 90' lang='lat' dir='ltr'><strong>cum</strong></span> <span class='ocrx_word' id='word_1_454' title='bbox 635 4304 867 4375; x_wconf 84' lang='lat' dir='ltr'><strong>iniquos</strong></span> <span class='ocrx_word' id='word_1_455' title='bbox 897 4320 1102 4362; x_wconf 88' lang='lat' dir='ltr'><strong>omnes</strong></span> <span class='ocrx_word' id='word_1_456' title='bbox 1133 4311 1392 4361; x_wconf 85' lang='lat' dir='ltr'><strong>extrema</strong></span> <span class='ocrx_word' id='word_1_457' title='bbox 1445 4305 1587 4362; x_wconf 88' lang='lat' dir='ltr'><strong>ultio</strong></span> <span class='ocrx_word' id='word_1_458' title='bbox 1640 4307 1907 4377; x_wconf 88' lang='lat' dir='ltr'><strong>percutit,</strong></span> <span class='ocrx_word' id='word_1_459' title='bbox 1943 4307 2066 4379; x_wconf 78' lang='lat' dir='ltr'><strong>ipse</strong></span> <span class='ocrx_word' id='word_1_460' title='bbox 2120 4307 2189 4362; x_wconf 92' lang='lat' dir='ltr'><strong>de</strong></span> 
     </span>
    </p>
   </div>
   <div class='ocr_carea' id='block_1_62' title="bbox 469 4389 2192 4464">
    <p class='ocr_par' dir='ltr' id='par_1_62' title="bbox 469 4389 2192 4464">
     <span class='ocr_line' id='line_1_62' title="bbox 469 4389 2192 4464; baseline 0.006 -20"><span class='ocrx_word' id='word_1_461' title='bbox 469 4389 652 4461; x_wconf 86' lang='lat' dir='ltr'><strong>gloria</strong></span> <span class='ocrx_word' id='word_1_462' title='bbox 700 4394 886 4464; x_wconf 78' lang='lat' dir='ltr'><strong>dignae</strong></span> <span class='ocrx_word' id='word_1_463' title='bbox 938 4395 1340 4452; x_wconf 82' lang='lat' dir='ltr'><strong>retributionis</strong></span> <span class='ocrx_word' id='word_1_464' title='bbox 1379 4394 1702 4453; x_wconf 90' lang='lat' dir='ltr'><strong>hiIarescit.</strong></span> <span class='ocrx_word' id='word_1_465' title='bbox 1751 4397 1869 4453; x_wconf 87' lang='lat' dir='ltr'><strong>Nec</strong></span> <span class='ocrx_word' id='word_1_466' title='bbox 1899 4396 2192 4454; x_wconf 89' lang='lat' dir='ltr'><strong>damnatis</strong></span> 
     </span>
    </p>
   </div>
   <div class='ocr_carea' id='block_1_63' title="bbox 2873 1781 3350 1838">
    <p class='ocr_par' dir='ltr' id='par_1_63' title="bbox 2873 1781 3350 1838">
     <span class='ocr_line' id='line_1_63' title="bbox 2873 1781 3350 1838; baseline -0.002 0"><span class='ocrx_word' id='word_1_467' title='bbox 2873 1781 3106 1838; x_wconf 79' lang='lat' dir='ltr'><strong>CAPUT</strong></span> <span class='ocrx_word' id='word_1_468' title='bbox 3145 1782 3350 1837; x_wconf 79' lang='lat' dir='ltr'><strong>XXXI.</strong></span> 
     </span>
    </p>
   </div>
   <div class='ocr_carea' id='block_1_64' title="bbox 2333 1871 3728 1938">
    <p class='ocr_par' dir='ltr' id='par_1_64' title="bbox 2333 1871 3728 1938">
     <span class='ocr_line' id='line_1_64' title="bbox 2333 1871 3728 1938; baseline 0.002 -10"><span class='ocrx_word' id='word_1_469' title='bbox 2333 1872 2502 1928; x_wconf 73' lang='lat' dir='ltr'><strong>Vens.</strong></span> <span class='ocrx_word' id='word_1_470' title='bbox 2535 1872 2622 1925; x_wconf 83' lang='lat'><strong>2‘2.</strong></span> <span class='ocrx_word' id='word_1_471' title='bbox 2647 1903 2709 1912; x_wconf 97' lang='lat'><em>—</em></span> <span class='ocrx_word' id='word_1_472' title='bbox 2741 1875 2805 1927; x_wconf 81' lang='lat' dir='ltr'><strong>Bt</strong></span> <span class='ocrx_word' id='word_1_473' title='bbox 2838 1871 3062 1928; x_wconf 86' lang='lat' dir='ltr'><strong>bestiam</strong></span> <span class='ocrx_word' id='word_1_474' title='bbox 3093 1879 3248 1927; x_wconf 67' lang='lat' dir='ltr'><strong>terrm</strong></span> <span class='ocrx_word' id='word_1_475' title='bbox 3280 1889 3387 1929; x_wconf 90' lang='lat' dir='ltr'><strong>non</strong></span> <span class='ocrx_word' id='word_1_476' title='bbox 3415 1873 3728 1938; x_wconf 78' lang='lat' dir='ltr'><strong>formidabis.</strong></span> 
     </span>
    </p>
   </div>
   <div class='ocr_carea' id='block_1_65' title="bbox 2337 1959 3880 2032">
    <p class='ocr_par' dir='ltr' id='par_1_65' title="bbox 2337 1959 3880 2032">
     <span class='ocr_line' id='line_1_65' title="bbox 2337 1959 3880 2032; baseline -0.001 -18"><span class='ocrx_word' id='word_1_477' title='bbox 2337 1961 2422 2015; x_wconf 84' lang='grc'><strong>49.</strong></span> <span class='ocrx_word' id='word_1_478' title='bbox 2476 1960 2624 2032; x_wconf 71' lang='lat' dir='ltr'><strong>Stepe</strong></span> <span class='ocrx_word' id='word_1_479' title='bbox 2672 1961 2727 2014; x_wconf 91' lang='lat' dir='ltr'><strong>in</strong></span> <span class='ocrx_word' id='word_1_480' title='bbox 2759 1959 2909 2015; x_wconf 89' lang='lat' dir='ltr'><strong>obitu</strong></span> <span class='ocrx_word' id='word_1_481' title='bbox 2935 1960 3249 2032; x_wconf 87' lang='lat' dir='ltr'><strong>percipiunt</strong></span> <span class='ocrx_word' id='word_1_482' title='bbox 3286 1963 3618 2017; x_wconf 75' lang='lat' dir='ltr'><strong>securitatem</strong></span> <span class='ocrx_word' id='word_1_483' title='bbox 3644 1964 3880 2017; x_wconf 85' lang='lat' dir='ltr'><strong>mentis.—</strong></span> 
     </span>
    </p>
   </div>
   <div class='ocr_carea' id='block_1_66' title="bbox 2267 2048 3880 2120">
    <p class='ocr_par' dir='ltr' id='par_1_66' title="bbox 2267 2048 3880 2120">
     <span class='ocr_line' id='line_1_66' title="bbox 2267 2048 3880 2120; baseline -0.001 -15"><span class='ocrx_word' id='word_1_484' title='bbox 2267 2049 2525 2106; x_wconf 88' lang='lat' dir='ltr'><strong>Callidus</strong></span> <span class='ocrx_word' id='word_1_485' title='bbox 2582 2048 2797 2120; x_wconf 90' lang='lat' dir='ltr'><strong>quippe</strong></span> <span class='ocrx_word' id='word_1_486' title='bbox 2851 2050 3219 2106; x_wconf 88' lang='lat' dir='ltr'><strong>adversarius</strong></span> <span class='ocrx_word' id='word_1_487' title='bbox 3277 2051 3460 2106; x_wconf 85' lang='lat' dir='ltr'><strong>bestia</strong></span> <span class='ocrx_word' id='word_1_488' title='bbox 3516 2057 3660 2107; x_wconf 68' lang='lat' dir='ltr'><strong>terra</strong></span> <span class='ocrx_word' id='word_1_489' title='bbox 3711 2049 3880 2115; x_wconf 88' lang='lat' dir='ltr'><strong>dicitur,</strong></span> 
     </span>
    </p>
   </div>
   <div class='ocr_carea' id='block_1_67' title="bbox 2268 2139 3880 2213">
    <p class='ocr_par' dir='ltr' id='par_1_67' title="bbox 2268 2139 3880 2213">
     <span class='ocr_line' id='line_1_67' title="bbox 2268 2139 3880 2213; baseline -0.001 -19"><span class='ocrx_word' id='word_1_490' title='bbox 2268 2140 2403 2211; x_wconf 88' lang='lat' dir='ltr'><strong>quia</strong></span> <span class='ocrx_word' id='word_1_491' title='bbox 2435 2140 2504 2195; x_wconf 83' lang='lat' dir='ltr'><strong>ad</strong></span> <span class='ocrx_word' id='word_1_492' title='bbox 2557 2139 2865 2210; x_wconf 88' lang='lat' dir='ltr'><strong>rapiendas</strong></span> <span class='ocrx_word' id='word_1_493' title='bbox 2909 2141 3114 2196; x_wconf 86' lang='lat' dir='ltr'><strong>mortis</strong></span> <span class='ocrx_word' id='word_1_494' title='bbox 3156 2145 3415 2212; x_wconf 89' lang='lat' dir='ltr'><strong>tempore</strong></span> <span class='ocrx_word' id='word_1_495' title='bbox 3449 2146 3768 2213; x_wconf 88' lang='lat' dir='ltr'><strong>peccatorum</strong></span> <span class='ocrx_word' id='word_1_496' title='bbox 3790 2139 3880 2194; x_wconf 87' lang='lat' dir='ltr'><strong>ani-</strong></span> 
     </span>
    </p>
   </div>
   <div class='ocr_carea' id='block_1_68' title="bbox 2271 2230 3882 2299">
    <p class='ocr_par' dir='ltr' id='par_1_68' title="bbox 2271 2230 3882 2299">
     <span class='ocr_line' id='line_1_68' title="bbox 2271 2230 3882 2299; baseline -0.001 -13"><span class='ocrx_word' id='word_1_497' title='bbox 2271 2248 2398 2286; x_wconf 90' lang='lat' dir='ltr'><strong>mas</strong></span> <span class='ocrx_word' id='word_1_498' title='bbox 2445 2230 2716 2286; x_wconf 86' lang='lat' dir='ltr'><strong>violentia</strong></span> <span class='ocrx_word' id='word_1_499' title='bbox 2771 2231 3126 2286; x_wconf 82' lang='lat' dir='ltr'><strong>crudelitatis</strong></span> <span class='ocrx_word' id='word_1_500' title='bbox 3163 2233 3459 2288; x_wconf 78' lang='lat' dir='ltr'><strong>cti‘eratur.</strong></span> <span class='ocrx_word' id='word_1_501' title='bbox 3497 2234 3640 2299; x_wconf 76' lang='lat' dir='ltr'><strong>Quos</strong></span> <span class='ocrx_word' id='word_1_502' title='bbox 3671 2232 3792 2287; x_wconf 90' lang='lat' dir='ltr'><strong>enim</strong></span> <span class='ocrx_word' id='word_1_503' title='bbox 3817 2230 3882 2284; x_wconf 84' lang='lat' dir='ltr'><strong>vi-</strong></span> 
     </span>
    </p>
   </div>
   <div class='ocr_carea' id='block_1_69' title="bbox 2271 2319 3879 2393">
    <p class='ocr_par' dir='ltr' id='par_1_69' title="bbox 2271 2319 3879 2393">
     <span class='ocr_line' id='line_1_69' title="bbox 2271 2319 3879 2393; baseline -0.002 -17"><span class='ocrx_word' id='word_1_504' title='bbox 2271 2326 2470 2376; x_wconf 86' lang='lat' dir='ltr'><strong>ventes</strong></span> <span class='ocrx_word' id='word_1_505' title='bbox 2511 2319 2815 2376; x_wconf 90' lang='lat' dir='ltr'><strong>blandiens</strong></span> <span class='ocrx_word' id='word_1_506' title='bbox 2870 2321 3102 2393; x_wconf 90' lang='lat' dir='ltr'><strong>decipit,</strong></span> <span class='ocrx_word' id='word_1_507' title='bbox 3159 2324 3469 2379; x_wconf 85' lang='lat' dir='ltr'><strong>morientes</strong></span> <span class='ocrx_word' id='word_1_508' title='bbox 3519 2323 3731 2378; x_wconf 70' lang='lat' dir='ltr'><strong>saeviens</strong></span> <span class='ocrx_word' id='word_1_509' title='bbox 3762 2321 3879 2390; x_wconf 81' lang='lat' dir='ltr'><strong>rapit.</strong></span> 
     </span>
    </p>
   </div>
   <div class='ocr_carea' id='block_1_70' title="bbox 2273 2411 3884 2485">
    <p class='ocr_par' dir='ltr' id='par_1_70' title="bbox 2273 2411 3884 2485">
     <span class='ocr_line' id='line_1_70' title="bbox 2273 2411 3884 2485; baseline -0.003 -16"><span class='ocrx_word' id='word_1_510' title='bbox 2273 2414 2394 2478; x_wconf 91' lang='lat' dir='ltr'><strong>Quo</strong></span> <span class='ocrx_word' id='word_1_511' title='bbox 2442 2420 2645 2469; x_wconf 89' lang='lat' dir='ltr'><strong>contra</strong></span> <span class='ocrx_word' id='word_1_512' title='bbox 2685 2413 2754 2467; x_wconf 89' lang='lat' dir='ltr'><strong>de</strong></span> <span class='ocrx_word' id='word_1_513' title='bbox 2803 2411 3118 2468; x_wconf 89' lang='lat' dir='ltr'><strong>electorum</strong></span> <span class='ocrx_word' id='word_1_514' title='bbox 3171 2414 3437 2471; x_wconf 86' lang='lat' dir='ltr'><strong>Ecclesia</strong></span> <span class='ocrx_word' id='word_1_515' title='bbox 3485 2431 3578 2484; x_wconf 89' lang='lat' dir='ltr'><strong>per</strong></span> <span class='ocrx_word' id='word_1_516' title='bbox 3624 2412 3884 2485; x_wconf 79' lang='lat' dir='ltr'><strong>prephetam</strong></span> 
     </span>
    </p>
   </div>
   <div class='ocr_carea' id='block_1_71' title="bbox 2274 2500 3886 2572">
    <p class='ocr_par' dir='ltr' id='par_1_71' title="bbox 2274 2500 3886 2572">
     <span class='ocr_line' id='line_1_71' title="bbox 2274 2500 3886 2572; baseline -0.002 -13"><span class='ocrx_word' id='word_1_517' title='bbox 2274 2503 2556 2560; x_wconf 89' lang='lat' dir='ltr'><strong>Dominus</strong></span> <span class='ocrx_word' id='word_1_518' title='bbox 2608 2500 2930 2572; x_wconf 90' lang='lat' dir='ltr'><strong>pollicetur,</strong></span> <span class='ocrx_word' id='word_1_519' title='bbox 2981 2503 3215 2558; x_wconf 88' lang='lat' dir='ltr'><strong>dicens:</strong></span> <span class='ocrx_word' id='word_1_520' title='bbox 3249 2505 3398 2560; x_wconf 77' lang='lat' dir='ltr'><strong>Mala</strong></span> <span class='ocrx_word' id='word_1_521' title='bbox 3445 2505 3603 2560; x_wconf 87' lang='lat' dir='ltr'><strong>bestia</strong></span> <span class='ocrx_word' id='word_1_522' title='bbox 3637 2519 3727 2558; x_wconf 84' lang='lat' dir='ltr'><strong>non</strong></span> <span class='ocrx_word' id='word_1_523' title='bbox 3754 2510 3886 2555; x_wconf 78' lang='lat' dir='ltr'><strong>trant-</strong></span> 
     </span>
    </p>
   </div>
   <div class='ocr_carea' id='block_1_72' title="bbox 2275 2591 3887 2665">
    <p class='ocr_par' dir='ltr' id='par_1_72' title="bbox 2275 2591 3887 2665">
     <span class='ocr_line' id='line_1_72' title="bbox 2275 2591 3887 2665; baseline -0.003 -16"><span class='ocrx_word' id='word_1_524' title='bbox 2275 2593 2384 2650; x_wconf 89' lang='lat' dir='ltr'><strong>ibit</strong></span> <span class='ocrx_word' id='word_1_525' title='bbox 2427 2608 2528 2664; x_wconf 89' lang='lat' dir='ltr'><strong>per</strong></span> <span class='ocrx_word' id='word_1_526' title='bbox 2573 2607 2695 2646; x_wconf 91' lang='lat' dir='ltr'><strong>eam</strong></span> <span class='ocrx_word' id='word_1_527' title='bbox 2725 2592 2877 2662; x_wconf 90' lang='lat' dir='ltr'><strong>(Isai.</strong></span> <span class='ocrx_word' id='word_1_528' title='bbox 2909 2608 3076 2660; x_wconf 86' lang='lat' dir='ltr'><strong>xxxv,</strong></span> <span class='ocrx_word' id='word_1_529' title='bbox 3106 2593 3162 2664; x_wconf 87' lang='lat'><strong>9)</strong></span> <span class='ocrx_word' id='word_1_530' title='bbox 3194 2593 3286 2648; x_wconf 90' lang='lat' dir='ltr'><strong>Illi</strong></span> <span class='ocrx_word' id='word_1_531' title='bbox 3334 2593 3511 2665; x_wconf 85' lang='lat' dir='ltr'><strong>igitur</strong></span> <span class='ocrx_word' id='word_1_532' title='bbox 3544 2599 3690 2649; x_wconf 68' lang='lat' dir='ltr'><strong>terra</strong></span> <span class='ocrx_word' id='word_1_533' title='bbox 3716 2591 3887 2646; x_wconf 77' lang='lat' dir='ltr'><strong>bestiam</strong></span> 
     </span>
    </p>
   </div>
   <div class='ocr_carea' id='block_1_73' title="bbox 2278 2682 3890 2756">
    <p class='ocr_par' dir='ltr' id='par_1_73' title="bbox 2278 2682 3890 2756">
     <span class='ocr_line' id='line_1_73' title="bbox 2278 2682 3890 2756; baseline -0.003 -15"><span class='ocrx_word' id='word_1_534' title='bbox 2278 2685 2593 2742; x_wconf 87' lang='lat' dir='ltr'><strong>morientes</strong></span> <span class='ocrx_word' id='word_1_535' title='bbox 2632 2683 2858 2751; x_wconf 90' lang='lat' dir='ltr'><strong>timent,</strong></span> <span class='ocrx_word' id='word_1_536' title='bbox 2901 2683 3001 2754; x_wconf 92' lang='lat' dir='ltr'><strong>qui</strong></span> <span class='ocrx_word' id='word_1_537' title='bbox 3039 2685 3366 2741; x_wconf 87' lang='lat' dir='ltr'><strong>conditoris</strong></span> <span class='ocrx_word' id='word_1_538' title='bbox 3407 2685 3492 2741; x_wconf 90' lang='lat' dir='ltr'><strong>sui</strong></span> <span class='ocrx_word' id='word_1_539' title='bbox 3525 2683 3796 2756; x_wconf 88' lang='lat' dir='ltr'><strong>potentiam</strong></span> <span class='ocrx_word' id='word_1_540' title='bbox 3833 2682 3890 2736; x_wconf 82' lang='lat' dir='ltr'><strong>vi-</strong></span> 
     </span>
    </p>
   </div>
   <div class='ocr_carea' id='block_1_74' title="bbox 2275 2773 3890 2847">
    <p class='ocr_par' dir='ltr' id='par_1_74' title="bbox 2275 2773 3890 2847">
     <span class='ocr_line' id='line_1_74' title="bbox 2275 2773 3890 2847; baseline -0.006 -13"><span class='ocrx_word' id='word_1_541' title='bbox 2275 2782 2476 2834; x_wconf 88' lang='lat' dir='ltr'><strong>ventes</strong></span> <span class='ocrx_word' id='word_1_542' title='bbox 2509 2791 2622 2830; x_wconf 91' lang='lat' dir='ltr'><strong>non</strong></span> <span class='ocrx_word' id='word_1_543' title='bbox 2649 2773 2874 2829; x_wconf 88' lang='lat' dir='ltr'><strong>timent.</strong></span> <span class='ocrx_word' id='word_1_544' title='bbox 2908 2774 3106 2831; x_wconf 90' lang='lat' dir='ltr'><strong>Sancti</strong></span> <span class='ocrx_word' id='word_1_545' title='bbox 3127 2777 3352 2832; x_wconf 85' lang='lat' dir='ltr'><strong>etenim</strong></span> <span class='ocrx_word' id='word_1_546' title='bbox 3376 2776 3481 2831; x_wconf 92' lang='lat' dir='ltr'><strong>viri</strong></span> <span class='ocrx_word' id='word_1_547' title='bbox 3511 2776 3634 2847; x_wconf 87' lang='lat' dir='ltr'><strong>quia</strong></span> <span class='ocrx_word' id='word_1_548' title='bbox 3661 2773 3826 2828; x_wconf 72' lang='lat' dir='ltr'><strong>divine</strong></span> <span class='ocrx_word' id='word_1_549' title='bbox 3847 2785 3890 2825; x_wconf 79' lang='lat' dir='ltr'><strong>se</strong></span> 
     </span>
    </p>
   </div>
   <div class='ocr_carea' id='block_1_75' title="bbox 2281 2858 3892 2930">
    <p class='ocr_par' dir='ltr' id='par_1_75' title="bbox 2281 2858 3892 2930">
     <span class='ocr_line' id='line_1_75' title="bbox 2281 2858 3892 2930; baseline -0.006 -8"><span class='ocrx_word' id='word_1_550' title='bbox 2281 2863 2578 2922; x_wconf 82' lang='lat' dir='ltr'><strong>formidini</strong></span> <span class='ocrx_word' id='word_1_551' title='bbox 2613 2862 2955 2918; x_wconf 89' lang='lat' dir='ltr'><strong>medullitus</strong></span> <span class='ocrx_word' id='word_1_552' title='bbox 2986 2864 3273 2930; x_wconf 91' lang='lat' dir='ltr'><strong>subdunt,</strong></span> <span class='ocrx_word' id='word_1_553' title='bbox 3298 2881 3471 2922; x_wconf 89' lang='lat' dir='ltr'><strong>omne</strong></span> <span class='ocrx_word' id='word_1_554' title='bbox 3497 2865 3563 2920; x_wconf 90' lang='lat' dir='ltr'><strong>de</strong></span> <span class='ocrx_word' id='word_1_555' title='bbox 3591 2864 3798 2920; x_wconf 89' lang='lat' dir='ltr'><strong>adventu</strong></span> <span class='ocrx_word' id='word_1_556' title='bbox 3822 2858 3892 2915; x_wconf 82' lang='lat' dir='ltr'><strong>ad-</strong></span> 
     </span>
    </p>
   </div>
   <div class='ocr_carea' id='block_1_76' title="bbox 2276 2949 3888 3026">
    <p class='ocr_par' dir='ltr' id='par_1_76' title="bbox 2276 2949 3888 3026">
     <span class='ocr_line' id='line_1_76' title="bbox 2276 2949 3888 3026; baseline -0.007 -13"><span class='ocrx_word' id='word_1_557' title='bbox 2276 2956 2515 3013; x_wconf 87' lang='lat' dir='ltr'><strong>versarii</strong></span> <span class='ocrx_word' id='word_1_558' title='bbox 2577 2955 2809 3026; x_wconf 89' lang='lat' dir='ltr'><strong>pondus</strong></span> <span class='ocrx_word' id='word_1_559' title='bbox 2862 2954 3088 3010; x_wconf 89' lang='lat' dir='ltr'><strong>timoris</strong></span> <span class='ocrx_word' id='word_1_560' title='bbox 3149 2954 3458 3025; x_wconf 84' lang='lat' dir='ltr'><strong>abjiciunt.</strong></span> <span class='ocrx_word' id='word_1_561' title='bbox 3503 2955 3636 3010; x_wconf 87' lang='lat' dir='ltr'><strong>Hinc</strong></span> <span class='ocrx_word' id='word_1_562' title='bbox 3679 2956 3750 3008; x_wconf 89' lang='lat' dir='ltr'><strong>est</strong></span> <span class='ocrx_word' id='word_1_563' title='bbox 3784 2949 3888 3005; x_wconf 85' lang='lat' dir='ltr'><strong>enim</strong></span> 
     </span>
    </p>
   </div>
   <div class='ocr_carea' id='block_1_77' title="bbox 2283 3037 3896 3118">
    <p class='ocr_par' dir='ltr' id='par_1_77' title="bbox 2283 3037 3896 3118">
     <span class='ocr_line' id='line_1_77' title="bbox 2283 3037 3896 3118; baseline -0.006 -15"><span class='ocrx_word' id='word_1_564' title='bbox 2283 3047 2437 3118; x_wconf 91' lang='lat' dir='ltr'><strong>quod</strong></span> <span class='ocrx_word' id='word_1_565' title='bbox 2470 3043 2778 3101; x_wconf 89' lang='lat' dir='ltr'><strong>Psalmista</strong></span> <span class='ocrx_word' id='word_1_566' title='bbox 2809 3043 3120 3100; x_wconf 88' lang='lat' dir='ltr'><strong>Dominum</strong></span> <span class='ocrx_word' id='word_1_567' title='bbox 3147 3051 3376 3112; x_wconf 86' lang='lat' dir='ltr'><strong>exorat,</strong></span> <span class='ocrx_word' id='word_1_568' title='bbox 3409 3045 3595 3101; x_wconf 90' lang='lat' dir='ltr'><strong>dicens</strong></span> <span class='ocrx_word' id='word_1_569' title='bbox 3620 3061 3630 3098; x_wconf 96' lang='lat'>:</span> <span class='ocrx_word' id='word_1_570' title='bbox 3659 3044 3722 3100; x_wconf 81' lang='lat' dir='ltr'><strong>Ne</strong></span> <span class='ocrx_word' id='word_1_571' title='bbox 3743 3037 3896 3114; x_wconf 82' lang='lat' dir='ltr'><strong>quando</strong></span> 
     </span>
    </p>
   </div>
   <div class='ocr_carea' id='block_1_78' title="bbox 2281 3133 3901 3207">
    <p class='ocr_par' dir='ltr' id='par_1_78' title="bbox 2281 3133 3901 3207">
     <span class='ocr_line' id='line_1_78' title="bbox 2281 3133 3901 3207; baseline -0.006 -15"><span class='ocrx_word' id='word_1_572' title='bbox 2281 3136 2448 3207; x_wconf 84' lang='lat' dir='ltr'><strong>rapio</strong></span> <span class='ocrx_word' id='word_1_573' title='bbox 2480 3143 2536 3190; x_wconf 94' lang='lat' dir='ltr'><strong>ut</strong></span> <span class='ocrx_word' id='word_1_574' title='bbox 2567 3135 2647 3190; x_wconf 87' lang='lat' dir='ltr'><strong>leo</strong></span> <span class='ocrx_word' id='word_1_575' title='bbox 2677 3135 2927 3190; x_wconf 88' lang='lat' dir='ltr'><strong>animam</strong></span> <span class='ocrx_word' id='word_1_576' title='bbox 2955 3151 3131 3190; x_wconf 89' lang='lat' dir='ltr'><strong>meam</strong></span> <span class='ocrx_word' id='word_1_577' title='bbox 3167 3135 3349 3205; x_wconf 87' lang='lat' dir='ltr'><strong>(Psal.</strong></span> <span class='ocrx_word' id='word_1_578' title='bbox 3383 3152 3480 3202; x_wconf 86' lang='lat' dir='ltr'><strong>vu,</strong></span> <span class='ocrx_word' id='word_1_579' title='bbox 3505 3137 3573 3206; x_wconf 91' lang='lat'><strong>3).</strong></span> <span class='ocrx_word' id='word_1_580' title='bbox 3604 3133 3729 3189; x_wconf 87' lang='lat' dir='ltr'><strong>Hinc</strong></span> <span class='ocrx_word' id='word_1_581' title='bbox 3753 3145 3901 3186; x_wconf 79' lang='lat' dir='ltr'><strong>rursus</strong></span> 
     </span>
    </p>
   </div>
   <div class='ocr_carea' id='block_1_79' title="bbox 2285 3222 3904 3299">
    <p class='ocr_par' dir='ltr' id='par_1_79' title="bbox 2285 3222 3904 3299">
     <span class='ocr_line' id='line_1_79' title="bbox 2285 3222 3904 3299; baseline -0.008 -15"><span class='ocrx_word' id='word_1_582' title='bbox 2285 3229 2365 3284; x_wconf 89' lang='lat' dir='ltr'><strong>ait</strong></span> <span class='ocrx_word' id='word_1_583' title='bbox 2391 3245 2402 3284; x_wconf 91' lang='lat'>:</span> <span class='ocrx_word' id='word_1_584' title='bbox 2440 3226 2680 3291; x_wconf 73' lang='lat' dir='ltr'><strong>Exaudi,</strong></span> <span class='ocrx_word' id='word_1_585' title='bbox 2707 3227 2865 3293; x_wconf 71' lang='lat' dir='ltr'><strong>Deus,</strong></span> <span class='ocrx_word' id='word_1_586' title='bbox 2889 3228 3196 3282; x_wconf 88' lang='lat' dir='ltr'><strong>orationem</strong></span> <span class='ocrx_word' id='word_1_587' title='bbox 3219 3243 3405 3282; x_wconf 84' lang='lat' dir='ltr'><strong>meam</strong></span> <span class='ocrx_word' id='word_1_588' title='bbox 3437 3227 3514 3299; x_wconf 76' lang='grc' dir='ltr'><strong>(Δ)</strong></span> <span class='ocrx_word' id='word_1_589' title='bbox 3533 3243 3646 3282; x_wconf 87' lang='lat' dir='ltr'><strong>cum</strong></span> <span class='ocrx_word' id='word_1_590' title='bbox 3671 3222 3904 3285; x_wconf 80' lang='lat' dir='ltr'><strong>tribulor,a</strong></span> 
     </span>
    </p>
   </div>
   <div class='ocr_carea' id='block_1_80' title="bbox 2289 3315 3902 3389">
    <p class='ocr_par' dir='ltr' id='par_1_80' title="bbox 2289 3315 3902 3389">
     <span class='ocr_line' id='line_1_80' title="bbox 2289 3315 3902 3389; baseline -0.006 -16"><span class='ocrx_word' id='word_1_591' title='bbox 2289 3321 2485 3375; x_wconf 88' lang='lat' dir='ltr'><strong>timore</strong></span> <span class='ocrx_word' id='word_1_592' title='bbox 2535 3316 2755 3372; x_wconf 88' lang='lat' dir='ltr'><strong>inimici</strong></span> <span class='ocrx_word' id='word_1_593' title='bbox 2809 3318 2962 3388; x_wconf 80' lang='lat' dir='ltr'><strong>eripe</strong></span> <span class='ocrx_word' id='word_1_594' title='bbox 3003 3319 3250 3372; x_wconf 90' lang='lat' dir='ltr'><strong>animam</strong></span> <span class='ocrx_word' id='word_1_595' title='bbox 3305 3336 3485 3374; x_wconf 88' lang='lat' dir='ltr'><strong>meam</strong></span> <span class='ocrx_word' id='word_1_596' title='bbox 3537 3317 3692 3389; x_wconf 70' lang='lat' dir='ltr'><strong>(Psal.</strong></span> <span class='ocrx_word' id='word_1_597' title='bbox 3726 3329 3845 3376; x_wconf 78' lang='lat' dir='ltr'><strong>LXIII,</strong></span> <span class='ocrx_word' id='word_1_598' title='bbox 3871 3315 3902 3374; x_wconf 81' lang='lat' dir='ltr'><strong>t,</strong></span> 
     </span>
    </p>
   </div>
   <div class='ocr_carea' id='block_1_81' title="bbox 2285 3407 3904 3480">
    <p class='ocr_par' dir='ltr' id='par_1_81' title="bbox 2285 3407 3904 3480">
     <span class='ocr_line' id='line_1_81' title="bbox 2285 3407 3904 3480; baseline -0.006 -17"><span class='ocrx_word' id='word_1_599' title='bbox 2285 3411 2363 3480; x_wconf 88' lang='lat'><strong>2).</strong></span> <span class='ocrx_word' id='word_1_600' title='bbox 2404 3409 2676 3465; x_wconf 90' lang='lat' dir='ltr'><strong>Viventes</strong></span> <span class='ocrx_word' id='word_1_601' title='bbox 2735 3407 2950 3478; x_wconf 88' lang='lat' dir='ltr'><strong>quippe</strong></span> <span class='ocrx_word' id='word_1_602' title='bbox 3022 3408 3275 3479; x_wconf 87' lang='lat' dir='ltr'><strong>perfecte</strong></span> <span class='ocrx_word' id='word_1_603' title='bbox 3329 3410 3531 3465; x_wconf 89' lang='lat' dir='ltr'><strong>timent</strong></span> <span class='ocrx_word' id='word_1_604' title='bbox 3577 3407 3817 3479; x_wconf 88' lang='lat' dir='ltr'><strong>judicem,</strong></span> <span class='ocrx_word' id='word_1_605' title='bbox 3859 3415 3904 3454; x_wconf 87' lang='lat' dir='ltr'><strong>ne</strong></span> 
     </span>
    </p>
   </div>
   <div class='ocr_carea' id='block_1_82' title="bbox 2291 3489 3904 3565">
    <p class='ocr_par' dir='ltr' id='par_1_82' title="bbox 2291 3489 3904 3565">
     <span class='ocr_line' id='line_1_82' title="bbox 2291 3489 3904 3565; baseline -0.009 -12"><span class='ocrx_word' id='word_1_606' title='bbox 2291 3497 2606 3553; x_wconf 87' lang='lat' dir='ltr'><strong>morientes</strong></span> <span class='ocrx_word' id='word_1_607' title='bbox 2653 3498 2917 3550; x_wconf 87' lang='lat' dir='ltr'><strong>metuant</strong></span> <span class='ocrx_word' id='word_1_608' title='bbox 2948 3501 3377 3554; x_wconf 86' lang='lat' dir='ltr'><strong>accusatorem.</strong></span> <span class='ocrx_word' id='word_1_609' title='bbox 3413 3497 3561 3552; x_wconf 90' lang='lat' dir='ltr'><strong>Bene</strong></span> <span class='ocrx_word' id='word_1_610' title='bbox 3582 3509 3700 3565; x_wconf 81' lang='lat' dir='ltr'><strong>ergo</strong></span> <span class='ocrx_word' id='word_1_611' title='bbox 3728 3489 3904 3546; x_wconf 82' lang='lat' dir='ltr'><strong>dicitur:</strong></span> 
     </span>
    </p>
   </div>
   <div class='ocr_carea' id='block_1_83' title="bbox 2290 3577 3911 3654">
    <p class='ocr_par' dir='ltr' id='par_1_83' title="bbox 2290 3577 3911 3654">
     <span class='ocr_line' id='line_1_83' title="bbox 2290 3577 3911 3654; baseline -0.007 -13"><span class='ocrx_word' id='word_1_612' title='bbox 2290 3588 2352 3641; x_wconf 85' lang='lat' dir='ltr'><strong>Et</strong></span> <span class='ocrx_word' id='word_1_613' title='bbox 2400 3587 2628 3642; x_wconf 86' lang='lat' dir='ltr'><strong>bestiam</strong></span> <span class='ocrx_word' id='word_1_614' title='bbox 2663 3589 2821 3640; x_wconf 74' lang='lat' dir='ltr'><strong>terrae</strong></span> <span class='ocrx_word' id='word_1_615' title='bbox 2865 3600 2970 3639; x_wconf 91' lang='lat' dir='ltr'><strong>non</strong></span> <span class='ocrx_word' id='word_1_616' title='bbox 3021 3584 3379 3654; x_wconf 79' lang='lat' dir='ltr'><strong>formidabis.</strong></span> <span class='ocrx_word' id='word_1_617' title='bbox 3429 3587 3505 3642; x_wconf 86' lang='lat' dir='ltr'><strong>Ae</strong></span> <span class='ocrx_word' id='word_1_618' title='bbox 3532 3585 3579 3641; x_wconf 91' lang='lat' dir='ltr'><strong>si</strong></span> <span class='ocrx_word' id='word_1_619' title='bbox 3620 3585 3783 3654; x_wconf 81' lang='lat' dir='ltr'><strong>aperte</strong></span> <span class='ocrx_word' id='word_1_620' title='bbox 3807 3577 3911 3633; x_wconf 83' lang='lat' dir='ltr'><strong>dioe-</strong></span> 
     </span>
    </p>
   </div>
   <div class='ocr_carea' id='block_1_84' title="bbox 2293 3668 3908 3744">
    <p class='ocr_par' dir='ltr' id='par_1_84' title="bbox 2293 3668 3908 3744">
     <span class='ocr_line' id='line_1_84' title="bbox 2293 3668 3908 3744; baseline -0.007 -12"><span class='ocrx_word' id='word_1_621' title='bbox 2293 3682 2490 3734; x_wconf 90' lang='lat' dir='ltr'><strong>retur:</strong></span> <span class='ocrx_word' id='word_1_622' title='bbox 2544 3676 2687 3744; x_wconf 88' lang='lat' dir='ltr'><strong>Quia</strong></span> <span class='ocrx_word' id='word_1_623' title='bbox 2726 3694 2759 3731; x_wconf 91' lang='lat' dir='ltr'><strong>a</strong></span> <span class='ocrx_word' id='word_1_624' title='bbox 2798 3675 3130 3732; x_wconf 77' lang='lat' dir='ltr'><strong>blandiente</strong></span> <span class='ocrx_word' id='word_1_625' title='bbox 3171 3676 3348 3734; x_wconf 87' lang='lat' dir='ltr'><strong>hoste</strong></span> <span class='ocrx_word' id='word_1_626' title='bbox 3380 3678 3548 3734; x_wconf 89' lang='lat' dir='ltr'><strong>modo</strong></span> <span class='ocrx_word' id='word_1_627' title='bbox 3579 3691 3680 3732; x_wconf 92' lang='lat' dir='ltr'><strong>non</strong></span> <span class='ocrx_word' id='word_1_628' title='bbox 3711 3668 3908 3729; x_wconf 81' lang='lat' dir='ltr'><strong>vinceris,</strong></span> 
     </span>
    </p>
   </div>
   <div class='ocr_carea' id='block_1_85' title="bbox 2297 3761 3910 3837">
    <p class='ocr_par' dir='ltr' id='par_1_85' title="bbox 2297 3761 3910 3837">
     <span class='ocr_line' id='line_1_85' title="bbox 2297 3761 3910 3837; baseline -0.009 -13"><span class='ocrx_word' id='word_1_629' title='bbox 2297 3768 2451 3824; x_wconf 92' lang='lat' dir='ltr'><strong>hunc</strong></span> <span class='ocrx_word' id='word_1_630' title='bbox 2493 3768 2824 3823; x_wconf 72' lang='lat' dir='ltr'><strong>saevientem</strong></span> <span class='ocrx_word' id='word_1_631' title='bbox 2871 3767 3237 3837; x_wconf 88' lang='lat' dir='ltr'><strong>postmodum</strong></span> <span class='ocrx_word' id='word_1_632' title='bbox 3277 3785 3400 3824; x_wconf 91' lang='lat' dir='ltr'><strong>non</strong></span> <span class='ocrx_word' id='word_1_633' title='bbox 3449 3765 3684 3823; x_wconf 89' lang='lat' dir='ltr'><strong>timebis.</strong></span> <span class='ocrx_word' id='word_1_634' title='bbox 3719 3761 3910 3818; x_wconf 82' lang='lat' dir='ltr'><strong>Sedcum</strong></span> 
     </span>
    </p>
   </div>
   <div class='ocr_carea' id='block_1_86' title="bbox 2296 3842 3912 3922">
    <p class='ocr_par' dir='ltr' id='par_1_86' title="bbox 2296 3842 3912 3922">
     <span class='ocr_line' id='line_1_86' title="bbox 2296 3842 3912 3922; baseline -0.006 -10"><span class='ocrx_word' id='word_1_635' title='bbox 2296 3857 2442 3912; x_wconf 81' lang='lat' dir='ltr'><strong>bene</strong></span> <span class='ocrx_word' id='word_1_636' title='bbox 2471 3856 2700 3922; x_wconf 91' lang='lat' dir='ltr'><strong>vivitur,</strong></span> <span class='ocrx_word' id='word_1_637' title='bbox 2733 3855 2898 3911; x_wconf 86' lang='lat' dir='ltr'><strong>valde</strong></span> <span class='ocrx_word' id='word_1_638' title='bbox 2931 3856 3253 3910; x_wconf 88' lang='lat' dir='ltr'><strong>cavendum</strong></span> <span class='ocrx_word' id='word_1_639' title='bbox 3287 3861 3378 3913; x_wconf 88' lang='lat' dir='ltr'><strong>est</strong></span> <span class='ocrx_word' id='word_1_640' title='bbox 3410 3873 3480 3912; x_wconf 90' lang='lat' dir='ltr'><strong>ne</strong></span> <span class='ocrx_word' id='word_1_641' title='bbox 3510 3870 3681 3918; x_wconf 83' lang='lat' dir='ltr'><strong>mens,</strong></span> <span class='ocrx_word' id='word_1_642' title='bbox 3703 3842 3912 3919; x_wconf 67' lang='lat' dir='ltr'><strong>despectis</strong></span> 
     </span>
    </p>
   </div>
   <div class='ocr_carea' id='block_1_87' title="bbox 2297 3937 3911 4017">
    <p class='ocr_par' dir='ltr' id='par_1_87' title="bbox 2297 3937 3911 4017">
     <span class='ocr_line' id='line_1_87' title="bbox 2297 3937 3911 4017; baseline -0.008 -15"><span class='ocrx_word' id='word_1_643' title='bbox 2297 3947 2541 4014; x_wconf 68' lang='lat' dir='ltr'><strong>caeteris,</strong></span> <span class='ocrx_word' id='word_1_644' title='bbox 2576 3948 2646 4001; x_wconf 92' lang='lat' dir='ltr'><strong>de</strong></span> <span class='ocrx_word' id='word_1_645' title='bbox 2676 3945 2858 4017; x_wconf 85' lang='lat' dir='ltr'><strong>gloria</strong></span> <span class='ocrx_word' id='word_1_646' title='bbox 2887 3944 3320 4017; x_wconf 87' lang='lat' dir='ltr'><strong>singularitatis</strong></span> <span class='ocrx_word' id='word_1_647' title='bbox 3349 3946 3616 4002; x_wconf 79' lang='lat' dir='ltr'><strong>elevatur.</strong></span> <span class='ocrx_word' id='word_1_648' title='bbox 3647 3940 3784 3997; x_wconf 88' lang='lat' dir='ltr'><strong>Unde</strong></span> <span class='ocrx_word' id='word_1_649' title='bbox 3823 3937 3911 4005; x_wconf 77' lang='lat' dir='ltr'><strong>apte</strong></span> 
     </span>
    </p>
   </div>
   <div class='ocr_carea' id='block_1_88' title="bbox 2299 4022 3915 4102">
    <p class='ocr_par' dir='ltr' id='par_1_88' title="bbox 2299 4022 3915 4102">
     <span class='ocr_line' id='line_1_88' title="bbox 2299 4022 3915 4102; baseline -0.011 -9"><span class='ocrx_word' id='word_1_650' title='bbox 2299 4039 2369 4093; x_wconf 91' lang='lat' dir='ltr'><strong>ad</strong></span> <span class='ocrx_word' id='word_1_651' title='bbox 2405 4036 2745 4093; x_wconf 89' lang='lat' dir='ltr'><strong>memoriam</strong></span> <span class='ocrx_word' id='word_1_652' title='bbox 2795 4035 3016 4092; x_wconf 91' lang='lat' dir='ltr'><strong>bonum</strong></span> <span class='ocrx_word' id='word_1_653' title='bbox 3059 4035 3271 4092; x_wconf 88' lang='lat' dir='ltr'><strong>sociale</strong></span> <span class='ocrx_word' id='word_1_654' title='bbox 3307 4035 3622 4102; x_wconf 90' lang='lat' dir='ltr'><strong>reducitur,</strong></span> <span class='ocrx_word' id='word_1_655' title='bbox 3651 4046 3763 4089; x_wconf 87' lang='lat' dir='ltr'><strong>cum</strong></span> <span class='ocrx_word' id='word_1_656' title='bbox 3790 4022 3915 4098; x_wconf 85' lang='lat' dir='ltr'><strong>protl-</strong></span> 
     </span>
    </p>
   </div>
   <div class='ocr_carea' id='block_1_89' title="bbox 2298 4128 2832 4184">
    <p class='ocr_par' dir='ltr' id='par_1_89' title="bbox 2298 4128 2832 4184">
     <span class='ocr_line' id='line_1_89' title="bbox 2298 4128 2832 4184; baseline -0.002 0"><span class='ocrx_word' id='word_1_657' title='bbox 2298 4144 2410 4184; x_wconf 90' lang='lat' dir='ltr'><strong>nus</strong></span> <span class='ocrx_word' id='word_1_658' title='bbox 2431 4128 2832 4184; x_wconf 87' lang='lat' dir='ltr'><strong>subinfertur:</strong></span> 
     </span>
    </p>
   </div>
   <div class='ocr_carea' id='block_1_90' title="bbox 2903 4216 3403 4274">
    <p class='ocr_par' dir='ltr' id='par_1_90' title="bbox 2903 4216 3403 4274">
     <span class='ocr_line' id='line_1_90' title="bbox 2903 4216 3403 4274; baseline 0 -2"><span class='ocrx_word' id='word_1_659' title='bbox 2903 4216 3132 4272; x_wconf 83' lang='lat' dir='ltr'><strong>CAPUT</strong></span> <span class='ocrx_word' id='word_1_660' title='bbox 3170 4217 3403 4274; x_wconf 84' lang='lat' dir='ltr'><strong>XXXII.</strong></span> 
     </span>
    </p>
   </div>
   <div class='ocr_carea' id='block_1_91' title="bbox 2388 4301 3920 4379">
    <p class='ocr_par' dir='ltr' id='par_1_91' title="bbox 2388 4301 3920 4379">
     <span class='ocr_line' id='line_1_91' title="bbox 2388 4301 3920 4379; baseline -0.005 -17"><span class='ocrx_word' id='word_1_661' title='bbox 2388 4306 2561 4362; x_wconf 76' lang='lat' dir='ltr'><strong>Vens.</strong></span> <span class='ocrx_word' id='word_1_662' title='bbox 2609 4306 2699 4362; x_wconf 91' lang='lat'><strong>23.</strong></span> <span class='ocrx_word' id='word_1_663' title='bbox 2734 4338 2792 4348; x_wconf 83' lang='lat'><strong>—-</strong></span> <span class='ocrx_word' id='word_1_664' title='bbox 2832 4306 2934 4362; x_wconf 88' lang='lat' dir='ltr'><strong>Sed</strong></span> <span class='ocrx_word' id='word_1_665' title='bbox 2982 4323 3107 4362; x_wconf 89' lang='lat' dir='ltr'><strong>cum</strong></span> <span class='ocrx_word' id='word_1_666' title='bbox 3137 4305 3429 4378; x_wconf 83' lang='lat' dir='ltr'><strong>lapidibus</strong></span> <span class='ocrx_word' id='word_1_667' title='bbox 3453 4305 3730 4379; x_wconf 84' lang='lat' dir='ltr'><strong>regionum</strong></span> <span class='ocrx_word' id='word_1_668' title='bbox 3758 4301 3920 4370; x_wconf 67' lang='lat' dir='ltr'><strong>pactum</strong></span> 
     </span>
    </p>
   </div>
   <div class='ocr_carea' id='block_1_92' title="bbox 2305 4403 2480 4454">
    <p class='ocr_par' dir='ltr' id='par_1_92' title="bbox 2305 4403 2480 4454">
     <span class='ocr_line' id='line_1_92' title="bbox 2305 4403 2480 4454; baseline -0.011 0"><span class='ocrx_word' id='word_1_669' title='bbox 2305 4403 2480 4454; x_wconf 89' lang='lat' dir='ltr'><strong>tuum.</strong></span> 
     </span>
    </p>
   </div>
   <div class='ocr_carea' id='block_1_93' title="bbox 461 4469 3920 4561">
    <p class='ocr_par' dir='ltr' id='par_1_93' title="bbox 461 4469 3920 4561">
     <span class='ocr_line' id='line_1_93' title="bbox 461 4469 3920 4561; baseline 0.002 -29"><span class='ocrx_word' id='word_1_670' title='bbox 461 4479 591 4548; x_wconf 85' lang='lat' dir='ltr'><strong>jam</strong></span> <span class='ocrx_word' id='word_1_671' title='bbox 638 4484 778 4535; x_wconf 91' lang='lat' dir='ltr'><strong>tunc</strong></span> <span class='ocrx_word' id='word_1_672' title='bbox 824 4496 893 4536; x_wconf 91' lang='lat' dir='ltr'><strong>ex</strong></span> <span class='ocrx_word' id='word_1_673' title='bbox 949 4482 1314 4541; x_wconf 89' lang='lat' dir='ltr'><strong>humanitate</strong></span> <span class='ocrx_word' id='word_1_674' title='bbox 1365 4486 1756 4557; x_wconf 90' lang='lat' dir='ltr'><strong>compatitur;</strong></span> <span class='ocrx_word' id='word_1_675' title='bbox 1809 4487 1948 4559; x_wconf 90' lang='lat' dir='ltr'><strong>quia</strong></span> <span class='ocrx_word' id='word_1_676' title='bbox 1982 4486 2190 4542; x_wconf 66' lang='lat' dir='ltr'><strong>divina:</strong></span> <span class='ocrx_word' id='word_1_677' title='bbox 2223 4471 2268 4538; x_wconf 87' lang='grc' dir='ltr'><strong>Ῑ)</strong></span> <span class='ocrx_word' id='word_1_678' title='bbox 2368 4489 2457 4544; x_wconf 88' lang='grc'><strong>50.</strong></span> <span class='ocrx_word' id='word_1_679' title='bbox 2495 4491 2592 4545; x_wconf 88' lang='lat' dir='ltr'><strong>Pie</strong></span> <span class='ocrx_word' id='word_1_680' title='bbox 2645 4489 2949 4546; x_wconf 81' lang='lat' dir='ltr'><strong>viventibus</strong></span> <span class='ocrx_word' id='word_1_681' title='bbox 2995 4487 3235 4545; x_wconf 88' lang='lat' dir='ltr'><strong>cavenda</strong></span> <span class='ocrx_word' id='word_1_682' title='bbox 3276 4488 3657 4561; x_wconf 83' lang='lat' dir='ltr'><strong>singularitas.</strong></span> <span class='ocrx_word' id='word_1_683' title='bbox 3715 4509 3767 4522; x_wconf 91' lang='grc'><strong><em>-</em></strong></span> <span class='ocrx_word' id='word_1_684' title='bbox 3799 4469 3920 4540; x_wconf 69' lang='grc' dir='ltr'><strong>Οαιεί</strong></span> 
     </span>
    </p>
   </div>
   <div class='ocr_carea' id='block_1_94' title="bbox 465 4567 2190 4643">
    <p class='ocr_par' dir='ltr' id='par_1_94' title="bbox 465 4567 2190 4643">
     <span class='ocr_line' id='line_1_94' title="bbox 465 4567 2190 4643; baseline 0.006 -21"><span class='ocrx_word' id='word_1_685' title='bbox 465 4567 712 4638; x_wconf 73' lang='lat' dir='ltr'><strong>justitiaa</strong></span> <span class='ocrx_word' id='word_1_686' title='bbox 739 4584 842 4640; x_wconf 90' lang='lat' dir='ltr'><strong>per</strong></span> <span class='ocrx_word' id='word_1_687' title='bbox 871 4570 1121 4643; x_wconf 88' lang='lat' dir='ltr'><strong>speciem</strong></span> <span class='ocrx_word' id='word_1_688' title='bbox 1143 4573 1452 4642; x_wconf 73' lang='lat' dir='ltr'><strong>inhaerens,</strong></span> <span class='ocrx_word' id='word_1_689' title='bbox 1487 4575 1836 4634; x_wconf 91' lang='lat' dir='ltr'><strong>inconcusso</strong></span> <span class='ocrx_word' id='word_1_690' title='bbox 1878 4577 2190 4633; x_wconf 89' lang='lat' dir='ltr'><strong>districtio-</strong></span> 
     </span>
    </p>
   </div>
   <div class='ocr_carea' id='block_1_95' title="bbox 476 4656 2188 4739">
    <p class='ocr_par' dir='ltr' id='par_1_95' title="bbox 476 4656 2188 4739">
     <span class='ocr_line' id='line_1_95' title="bbox 476 4656 2188 4739; baseline 0.008 -28"><span class='ocrx_word' id='word_1_691' title='bbox 476 4656 570 4713; x_wconf 88' lang='lat' dir='ltr'><strong>nis</strong></span> <span class='ocrx_word' id='word_1_692' title='bbox 615 4657 835 4714; x_wconf 74' lang='lat' dir='ltr'><strong>intimaa</strong></span> <span class='ocrx_word' id='word_1_693' title='bbox 877 4661 1070 4732; x_wconf 88' lang='lat' dir='ltr'><strong>vigore</strong></span> <span class='ocrx_word' id='word_1_694' title='bbox 1101 4661 1406 4719; x_wconf 89' lang='lat' dir='ltr'><strong>solidatur.</strong></span> <span class='ocrx_word' id='word_1_695' title='bbox 1442 4665 1673 4723; x_wconf 79' lang='lat' dir='ltr'><strong>Erectus</strong></span> <span class='ocrx_word' id='word_1_696' title='bbox 1701 4684 1948 4739; x_wconf 86' lang='lat' dir='ltr'><strong>namque</strong></span> <span class='ocrx_word' id='word_1_697' title='bbox 1982 4667 2037 4724; x_wconf 92' lang='lat' dir='ltr'><strong>in</strong></span> <span class='ocrx_word' id='word_1_698' title='bbox 2073 4667 2188 4724; x_wconf 88' lang='lat' dir='ltr'><strong>cla-</strong></span> 
     </span>
    </p>
   </div>
   <div class='ocr_carea' id='block_1_96' title="bbox 474 4746 2193 4820">
    <p class='ocr_par' dir='ltr' id='par_1_96' title="bbox 474 4746 2193 4820">
     <span class='ocr_line' id='line_1_96' title="bbox 474 4746 2193 4820; baseline 0.006 -18"><span class='ocrx_word' id='word_1_699' title='bbox 474 4746 644 4804; x_wconf 84' lang='lat' dir='ltr'><strong>ritate</strong></span> <span class='ocrx_word' id='word_1_700' title='bbox 686 4764 953 4820; x_wconf 71' lang='lat' dir='ltr'><strong>supernm</strong></span> <span class='ocrx_word' id='word_1_701' title='bbox 1005 4750 1368 4809; x_wconf 90' lang='lat' dir='ltr'><strong>rectitudinis</strong></span> <span class='ocrx_word' id='word_1_702' title='bbox 1419 4753 1733 4812; x_wconf 87' lang='lat' dir='ltr'><strong>electorum</strong></span> <span class='ocrx_word' id='word_1_703' title='bbox 1758 4765 1977 4814; x_wconf 86' lang='lat' dir='ltr'><strong>mentes</strong></span> <span class='ocrx_word' id='word_1_704' title='bbox 2029 4757 2193 4813; x_wconf 90' lang='lat' dir='ltr'><strong>nulla</strong></span> 
     </span>
    </p>
   </div>
   <div class='ocr_carea' id='block_1_97' title="bbox 471 4837 2194 4914">
    <p class='ocr_par' dir='ltr' id='par_1_97' title="bbox 471 4837 2194 4914">
     <span class='ocr_line' id='line_1_97' title="bbox 471 4837 2194 4914; baseline 0.006 -20"><span class='ocrx_word' id='word_1_705' title='bbox 471 4837 874 4897; x_wconf 82' lang='lat' dir='ltr'><strong>misericbrdia</strong></span> <span class='ocrx_word' id='word_1_706' title='bbox 894 4840 1093 4908; x_wconf 84' lang='lat' dir='ltr'><strong>afficit,</strong></span> <span class='ocrx_word' id='word_1_707' title='bbox 1125 4843 1261 4914; x_wconf 89' lang='lat' dir='ltr'><strong>quia</strong></span> <span class='ocrx_word' id='word_1_708' title='bbox 1287 4843 1389 4900; x_wconf 89' lang='lat' dir='ltr'><strong>has</strong></span> <span class='ocrx_word' id='word_1_709' title='bbox 1419 4862 1451 4900; x_wconf 90' lang='lat' dir='ltr'><strong>a</strong></span> <span class='ocrx_word' id='word_1_710' title='bbox 1481 4847 1731 4904; x_wconf 88' lang='lat' dir='ltr'><strong>miseriis</strong></span> <span class='ocrx_word' id='word_1_711' title='bbox 1763 4848 2009 4906; x_wconf 89' lang='lat' dir='ltr'><strong>altitudo</strong></span> <span class='ocrx_word' id='word_1_712' title='bbox 2055 4849 2194 4905; x_wconf 89' lang='lat' dir='ltr'><strong>bea-</strong></span> 
     </span>
    </p>
   </div>
   <div class='ocr_carea' id='block_1_98' title="bbox 469 4928 2192 5011">
    <p class='ocr_par' dir='ltr' id='par_1_98' title="bbox 469 4928 2192 5011">
     <span class='ocr_line' id='line_1_98' title="bbox 469 4928 2192 5011; baseline 0.006 -28"><span class='ocrx_word' id='word_1_713' title='bbox 469 4928 740 4987; x_wconf 81' lang='lat' dir='ltr'><strong>titudinis</strong></span> <span class='ocrx_word' id='word_1_714' title='bbox 781 4930 1004 4988; x_wconf 88' lang='lat' dir='ltr'><strong>alienas</strong></span> <span class='ocrx_word' id='word_1_715' title='bbox 1049 4932 1256 4990; x_wconf 90' lang='lat' dir='ltr'><strong>reddit.</strong></span> <span class='ocrx_word' id='word_1_716' title='bbox 1311 4935 1472 4992; x_wconf 88' lang='lat' dir='ltr'><strong>Unde</strong></span> <span class='ocrx_word' id='word_1_717' title='bbox 1494 4936 1639 4994; x_wconf 82' lang='lat' dir='ltr'><strong>bene</strong></span> <span class='ocrx_word' id='word_1_718' title='bbox 1680 4940 1853 4994; x_wconf 87' lang='lat' dir='ltr'><strong>etiam</strong></span> <span class='ocrx_word' id='word_1_719' title='bbox 1887 4955 1988 5011; x_wconf 89' lang='lat' dir='ltr'><strong>per</strong></span> <span class='ocrx_word' id='word_1_720' title='bbox 2032 4937 2192 4995; x_wconf 62' lang='lat' dir='ltr'><strong>Psalo</strong></span> 
     </span>
    </p>
   </div>
   <div class='ocr_carea' id='block_1_99' title="bbox 471 5019 2194 5099">
    <p class='ocr_par' dir='ltr' id='par_1_99' title="bbox 471 5019 2194 5099">
     <span class='ocr_line' id='line_1_99' title="bbox 471 5019 2194 5099; baseline 0.006 -26"><span class='ocrx_word' id='word_1_721' title='bbox 471 5019 703 5076; x_wconf 87' lang='lat' dir='ltr'><strong>mistam</strong></span> <span class='ocrx_word' id='word_1_722' title='bbox 754 5022 1012 5078; x_wconf 90' lang='lat' dir='ltr'><strong>dicitur:</strong></span> <span class='ocrx_word' id='word_1_723' title='bbox 1070 5022 1335 5080; x_wconf 82' lang='lat' dir='ltr'><strong>Videbunt</strong></span> <span class='ocrx_word' id='word_1_724' title='bbox 1371 5027 1514 5096; x_wconf 83' lang='lat' dir='ltr'><strong>justi</strong></span> <span class='ocrx_word' id='word_1_725' title='bbox 1560 5034 1612 5082; x_wconf 89' lang='lat' dir='ltr'><strong>et</strong></span> <span class='ocrx_word' id='word_1_726' title='bbox 1670 5029 1962 5097; x_wconf 86' lang='lat' dir='ltr'><strong>timebunt,</strong></span> <span class='ocrx_word' id='word_1_727' title='bbox 1994 5037 2043 5083; x_wconf 90' lang='lat' dir='ltr'><strong>et</strong></span> <span class='ocrx_word' id='word_1_728' title='bbox 2063 5043 2194 5099; x_wconf 85' lang='lat' dir='ltr'><strong>supe</strong></span> 
     </span>
    </p>
   </div>
   <div class='ocr_carea' id='block_1_100' title="bbox 468 5111 2194 5189">
    <p class='ocr_par' dir='ltr' id='par_1_100' title="bbox 468 5111 2194 5189">
     <span class='ocr_line' id='line_1_100' title="bbox 468 5111 2194 5189; baseline 0.006 -28"><span class='ocrx_word' id='word_1_729' title='bbox 468 5123 592 5163; x_wconf 90' lang='lat' dir='ltr'><strong>eum</strong></span> <span class='ocrx_word' id='word_1_730' title='bbox 637 5111 909 5182; x_wconf 86' lang='lat' dir='ltr'><strong>ridebunt,</strong></span> <span class='ocrx_word' id='word_1_731' title='bbox 955 5117 1006 5169; x_wconf 88' lang='lat' dir='ltr'><strong>et</strong></span> <span class='ocrx_word' id='word_1_732' title='bbox 1054 5112 1284 5171; x_wconf 85' lang='lat' dir='ltr'><strong>dicent:</strong></span> <span class='ocrx_word' id='word_1_733' title='bbox 1334 5116 1464 5172; x_wconf 86' lang='lat' dir='ltr'><strong>Ecce</strong></span> <span class='ocrx_word' id='word_1_734' title='bbox 1512 5117 1670 5173; x_wconf 89' lang='lat' dir='ltr'><strong>homo</strong></span> <span class='ocrx_word' id='word_1_735' title='bbox 1722 5120 1823 5189; x_wconf 88' lang='lat' dir='ltr'><strong>qui</strong></span> <span class='ocrx_word' id='word_1_736' title='bbox 1865 5134 1972 5174; x_wconf 87' lang='lat' dir='ltr'><strong>non</strong></span> <span class='ocrx_word' id='word_1_737' title='bbox 2012 5117 2194 5188; x_wconf 87' lang='lat' dir='ltr'><strong>posuit</strong></span> 
     </span>
    </p>
   </div>
   <div class='ocr_carea' id='block_1_101' title="bbox 481 5196 2192 5279">
    <p class='ocr_par' dir='ltr' id='par_1_101' title="bbox 481 5196 2192 5279">
     <span class='ocr_line' id='line_1_101' title="bbox 481 5196 2192 5279; baseline 0.008 -30"><span class='ocrx_word' id='word_1_738' title='bbox 481 5196 552 5266; x_wconf 92' lang='lat' dir='ltr'><strong>(e)</strong></span> <span class='ocrx_word' id='word_1_739' title='bbox 586 5202 754 5254; x_wconf 86' lang='lat' dir='ltr'><strong>Deum</strong></span> <span class='ocrx_word' id='word_1_740' title='bbox 780 5201 1082 5269; x_wconf 79' lang='lat' dir='ltr'><strong>adiutorem</strong></span> <span class='ocrx_word' id='word_1_741' title='bbox 1123 5219 1284 5260; x_wconf 87' lang='lat' dir='ltr'><strong>suum</strong></span> <span class='ocrx_word' id='word_1_742' title='bbox 1336 5206 1506 5277; x_wconf 83' lang='lat' dir='ltr'><strong>(Psal.</strong></span> <span class='ocrx_word' id='word_1_743' title='bbox 1547 5223 1628 5270; x_wconf 77' lang='lat' dir='ltr'><strong>Li.</strong></span> <span class='ocrx_word' id='word_1_744' title='bbox 1661 5207 1739 5278; x_wconf 86' lang='lat'><strong>8).</strong></span> <span class='ocrx_word' id='word_1_745' title='bbox 1774 5207 2007 5279; x_wconf 83' lang='lat' dir='ltr'><strong>iniquos</strong></span> <span class='ocrx_word' id='word_1_746' title='bbox 2036 5207 2192 5263; x_wconf 91' lang='lat' dir='ltr'><strong>enim</strong></span> 
     </span>
    </p>
   </div>
   <div class='ocr_carea' id='block_1_102' title="bbox 470 5283 2197 5362">
    <p class='ocr_par' dir='ltr' id='par_1_102' title="bbox 470 5283 2197 5362">
     <span class='ocr_line' id='line_1_102' title="bbox 470 5283 2197 5362; baseline 0.01 -26"><span class='ocrx_word' id='word_1_747' title='bbox 470 5283 613 5352; x_wconf 84' lang='lat' dir='ltr'><strong>justi</strong></span> <span class='ocrx_word' id='word_1_748' title='bbox 669 5304 824 5347; x_wconf 92' lang='lat' dir='ltr'><strong>nunc</strong></span> <span class='ocrx_word' id='word_1_749' title='bbox 862 5293 1064 5348; x_wconf 87' lang='lat' dir='ltr'><strong>vident</strong></span> <span class='ocrx_word' id='word_1_750' title='bbox 1105 5303 1157 5348; x_wconf 89' lang='lat' dir='ltr'><strong>et</strong></span> <span class='ocrx_word' id='word_1_751' title='bbox 1199 5299 1489 5362; x_wconf 87' lang='lat' dir='ltr'><strong>metuunt,</strong></span> <span class='ocrx_word' id='word_1_752' title='bbox 1547 5305 1682 5353; x_wconf 87' lang='lat' dir='ltr'><strong>tunc</strong></span> <span class='ocrx_word' id='word_1_753' title='bbox 1732 5296 1912 5353; x_wconf 90' lang='lat' dir='ltr'><strong>visuri</strong></span> <span class='ocrx_word' id='word_1_754' title='bbox 1954 5301 2093 5352; x_wconf 88' lang='lat' dir='ltr'><strong>sunt</strong></span> <span class='ocrx_word' id='word_1_755' title='bbox 2140 5302 2197 5353; x_wconf 88' lang='lat' dir='ltr'><strong>et</strong></span> 
     </span>
    </p>
   </div>
   <div class='ocr_carea' id='block_1_103' title="bbox 550 5479 2014 5561">
    <p class='ocr_par' dir='ltr' id='par_1_103' title="bbox 550 5479 2014 5561">
     <span class='ocr_line' id='line_1_103' title="bbox 550 5479 2014 5561; baseline 0.009 -29"><span class='ocrx_word' id='word_1_756' title='bbox 550 5479 632 5561; x_wconf 60' lang='lat' dir='ltr'><strong>(a)</strong></span> <span class='ocrx_word' id='word_1_757' title='bbox 660 5480 795 5561; x_wconf 46' lang='lat' dir='ltr'><strong>ges.</strong></span> <span class='ocrx_word' id='word_1_758' title='bbox 815 5482 1070 5561; x_wconf 39' lang='grc' dir='ltr'><strong>,ϐροτεί-η</strong></span> <span class='ocrx_word' id='word_1_759' title='bbox 1103 5487 1280 5561; x_wconf 63' lang='lat' dir='ltr'><strong>Romae</strong></span> <span class='ocrx_word' id='word_1_760' title='bbox 1309 5507 1545 5561; x_wconf 87' lang='lat' dir='ltr'><strong>namque</strong></span> <span class='ocrx_word' id='word_1_761' title='bbox 1575 5490 2014 5548; x_wconf 80' lang='lat' dir='ltr'><strong>retributionem.</strong></span> 
     </span>
    </p>
   </div>
   <div class='ocr_carea' id='block_1_104' title="bbox 551 5550 1701 5624">
    <p class='ocr_par' dir='ltr' id='par_1_104' title="bbox 551 5550 1701 5624">
     <span class='ocr_line' id='line_1_104' title="bbox 551 5550 1701 5624; baseline 0.015 -22"><span class='ocrx_word' id='word_1_762' title='bbox 551 5551 629 5624; x_wconf 88' lang='lat' dir='ltr'><strong>(b)</strong></span> <span class='ocrx_word' id='word_1_763' title='bbox 660 5550 905 5624; x_wconf 68' lang='lat' dir='ltr'><strong>Ebroic.,</strong></span> <span class='ocrx_word' id='word_1_764' title='bbox 939 5550 1072 5624; x_wconf 80' lang='lat' dir='ltr'><strong>quia</strong></span> <span class='ocrx_word' id='word_1_765' title='bbox 1103 5555 1310 5614; x_wconf 82' lang='lat' dir='ltr'><strong>intenta</strong></span> <span class='ocrx_word' id='word_1_766' title='bbox 1343 5550 1701 5619; x_wconf 67' lang='lat' dir='ltr'><strong>districtione.</strong></span> 
     </span>
    </p>
   </div>
   <div class='ocr_carea' id='block_1_105' title="bbox 550 5621 2078 5767">
    <p class='ocr_par' dir='ltr' id='par_1_105' title="bbox 550 5621 2078 5767">
     <span class='ocr_line' id='line_1_105' title="bbox 550 5621 1584 5767; baseline 0.008 -89"><span class='ocrx_word' id='word_1_767' title='bbox 550 5621 626 5767; x_wconf 52' lang='lat' dir='ltr'><strong>Ec)</strong></span> <span class='ocrx_word' id='word_1_768' title='bbox 657 5621 903 5705; x_wconf 74' lang='lat' dir='ltr'><strong>Gemst.,</strong></span> <span class='ocrx_word' id='word_1_769' title='bbox 936 5621 1435 5707; x_wconf 74' lang='lat' dir='ltr'><strong>Deumadjutorem</strong></span> <span class='ocrx_word' id='word_1_770' title='bbox 1465 5633 1584 5688; x_wconf 85' lang='lat' dir='ltr'><strong>sibi.</strong></span> 
     </span>
     <span class='ocr_line' id='line_1_106' title="bbox 573 5693 2078 5767; baseline 0.008 -17"><span class='ocrx_word' id='word_1_771' title='bbox 573 5698 629 5767; x_wconf 77' lang='grc' dir='ltr'><strong>ά)</strong></span> <span class='ocrx_word' id='word_1_772' title='bbox 661 5693 898 5753; x_wconf 82' lang='lat' dir='ltr'><strong>Cocctus</strong></span> <span class='ocrx_word' id='word_1_773' title='bbox 931 5713 1000 5753; x_wconf 91' lang='lat' dir='ltr'><strong>ac</strong></span> <span class='ocrx_word' id='word_1_774' title='bbox 1030 5695 1318 5767; x_wconf 81' lang='lat' dir='ltr'><strong>deinceps,</strong></span> <span class='ocrx_word' id='word_1_775' title='bbox 1351 5716 1473 5756; x_wconf 88' lang='lat' dir='ltr'><strong>cum</strong></span> <span class='ocrx_word' id='word_1_776' title='bbox 1495 5706 2078 5767; x_wconf 84' lang='lat' dir='ltr'><strong>deprecor,reluctanti</strong></span> 
     </span>
    </p>
   </div>
   <div class='ocr_carea' id='block_1_106' title="bbox 573 5693 2197 5774">
    <p class='ocr_par' dir='ltr' id='par_1_106' title="bbox 573 5693 2197 5774">
     <span class='ocr_line' id='line_1_107' title="bbox 573 5693 2197 5774; baseline 0.009 -24"><span class='ocrx_word' id='word_1_777' title='bbox 573 5693 629 5768; x_wconf 86' lang='lat' dir='ltr'><strong>d)</strong></span> <span class='ocrx_word' id='word_1_778' title='bbox 661 5693 898 5753; x_wconf 79' lang='lat' dir='ltr'><strong>Coccina</strong></span> <span class='ocrx_word' id='word_1_779' title='bbox 931 5713 1000 5753; x_wconf 91' lang='lat' dir='ltr'><strong>ac</strong></span> <span class='ocrx_word' id='word_1_780' title='bbox 1030 5693 1318 5770; x_wconf 76' lang='lat' dir='ltr'><strong>deinceps,</strong></span> <span class='ocrx_word' id='word_1_781' title='bbox 1351 5716 1473 5756; x_wconf 88' lang='lat' dir='ltr'><strong>cum</strong></span> <span class='ocrx_word' id='word_1_782' title='bbox 1495 5705 2197 5774; x_wconf 84' lang='lat' dir='ltr'><strong>deprecor,reluctantibus</strong></span> 
     </span>
    </p>
   </div>
   <div class='ocr_carea' id='block_1_107' title="bbox 2301 4566 3924 4649">
    <p class='ocr_par' dir='ltr' id='par_1_107' title="bbox 2301 4566 3924 4649">
     <span class='ocr_line' id='line_1_108' title="bbox 2301 4566 3924 4649; baseline -0.005 -16"><span class='ocrx_word' id='word_1_783' title='bbox 2301 4577 2590 4634; x_wconf 68' lang='lat' dir='ltr'><strong>distinctae</strong></span> <span class='ocrx_word' id='word_1_784' title='bbox 2623 4576 2680 4634; x_wconf 90' lang='lat' dir='ltr'><strong>in</strong></span> <span class='ocrx_word' id='word_1_785' title='bbox 2715 4579 2931 4633; x_wconf 92' lang='lat' dir='ltr'><strong>mundo</strong></span> <span class='ocrx_word' id='word_1_786' title='bbox 2961 4578 3219 4649; x_wconf 90' lang='lat' dir='ltr'><strong>regiones</strong></span> <span class='ocrx_word' id='word_1_787' title='bbox 3251 4583 3394 4634; x_wconf 86' lang='lat' dir='ltr'><strong>sunt</strong></span> <span class='ocrx_word' id='word_1_788' title='bbox 3422 4574 3682 4634; x_wconf 69' lang='lat' dir='ltr'><strong>Ecclesiae</strong></span> <span class='ocrx_word' id='word_1_789' title='bbox 3707 4566 3924 4642; x_wconf 62' lang='lat' dir='ltr'><strong>gentium,</strong></span> 
     </span>
    </p>
   </div>
   <div class='ocr_carea' id='block_1_108' title="bbox 2301 4655 3926 4740">
    <p class='ocr_par' dir='ltr' id='par_1_108' title="bbox 2301 4655 3926 4740">
     <span class='ocr_line' id='line_1_109' title="bbox 2301 4655 3926 4740; baseline -0.012 -15"><span class='ocrx_word' id='word_1_790' title='bbox 2301 4685 2428 4739; x_wconf 79' lang='lat' dir='ltr'><strong>quas</strong></span> <span class='ocrx_word' id='word_1_791' title='bbox 2456 4669 2513 4724; x_wconf 89' lang='lat' dir='ltr'><strong>in</strong></span> <span class='ocrx_word' id='word_1_792' title='bbox 2545 4686 2662 4725; x_wconf 89' lang='lat' dir='ltr'><strong>una</strong></span> <span class='ocrx_word' id='word_1_793' title='bbox 2685 4669 2798 4724; x_wconf 81' lang='lat' dir='ltr'><strong>fide</strong></span> <span class='ocrx_word' id='word_1_794' title='bbox 2824 4669 3048 4740; x_wconf 64' lang='lat' dir='ltr'><strong>posite,</strong></span> <span class='ocrx_word' id='word_1_795' title='bbox 3078 4684 3308 4724; x_wconf 91' lang='lat' dir='ltr'><strong>morum</strong></span> <span class='ocrx_word' id='word_1_796' title='bbox 3341 4665 3771 4739; x_wconf 86' lang='lat' dir='ltr'><strong>linguarumque</strong></span> <span class='ocrx_word' id='word_1_797' title='bbox 3793 4655 3926 4740; x_wconf 62' lang='lat' dir='ltr'><strong>diver-</strong></span> 
     </span>
    </p>
   </div>
   <div class='ocr_carea' id='block_1_109' title="bbox 2303 4739 3924 4835">
    <p class='ocr_par' dir='ltr' id='par_1_109' title="bbox 2303 4739 3924 4835">
     <span class='ocr_line' id='line_1_110' title="bbox 2303 4739 3924 4835; baseline -0.01 -21"><span class='ocrx_word' id='word_1_798' title='bbox 2303 4759 2474 4814; x_wconf 87' lang='lat' dir='ltr'><strong>sitate</strong></span> <span class='ocrx_word' id='word_1_799' title='bbox 2496 4739 2854 4813; x_wconf 79' lang='lat' dir='ltr'><strong>dividuntur.</strong></span> <span class='ocrx_word' id='word_1_800' title='bbox 2872 4758 3017 4824; x_wconf 91' lang='lat' dir='ltr'><strong>Quid</strong></span> <span class='ocrx_word' id='word_1_801' title='bbox 3039 4773 3172 4829; x_wconf 81' lang='lat' dir='ltr'><strong>ergo</strong></span> <span class='ocrx_word' id='word_1_802' title='bbox 3189 4756 3494 4830; x_wconf 89' lang='lat' dir='ltr'><strong>regionum</strong></span> <span class='ocrx_word' id='word_1_803' title='bbox 3514 4753 3737 4826; x_wconf 80' lang='lat' dir='ltr'><strong>lapides,</strong></span> <span class='ocrx_word' id='word_1_804' title='bbox 3755 4743 3839 4803; x_wconf 85' lang='lat' dir='ltr'><strong>nisi</strong></span> 
     </span>
    </p>
   </div>
   <div class='ocr_carea' id='block_1_110' title="bbox 2303 4839 3926 4922">
    <p class='ocr_par' dir='ltr' id='par_1_110' title="bbox 2303 4839 3926 4922">
     <span class='ocr_line' id='line_1_111' title="bbox 2303 4839 3926 4922; baseline -0.012 -17"><span class='ocrx_word' id='word_1_805' title='bbox 2303 4847 2609 4905; x_wconf 83' lang='lat' dir='ltr'><strong>clesiarum</strong></span> <span class='ocrx_word' id='word_1_806' title='bbox 2624 4847 2836 4905; x_wconf 88' lang='lat' dir='ltr'><strong>electos</strong></span> <span class='ocrx_word' id='word_1_807' title='bbox 2850 4847 3171 4920; x_wconf 89' lang='lat' dir='ltr'><strong>accipimus</strong></span> <span class='ocrx_word' id='word_1_808' title='bbox 3183 4846 3210 4901; x_wconf 64' lang='grc' dir='ltr'><strong><em>ἲ</em></strong></span> <span class='ocrx_word' id='word_1_809' title='bbox 3228 4848 3448 4919; x_wconf 89' lang='lat' dir='ltr'><strong>quibus</strong></span> <span class='ocrx_word' id='word_1_810' title='bbox 3462 4843 3627 4918; x_wconf 90' lang='lat' dir='ltr'><strong>primi</strong></span> <span class='ocrx_word' id='word_1_811' title='bbox 3641 4839 3926 4922; x_wconf 70' lang='lat' dir='ltr'><strong>instructorts</strong></span> 
     </span>
    </p>
   </div>
   <div class='ocr_carea' id='block_1_111' title="bbox 2303 4913 3927 5011">
    <p class='ocr_par' dir='ltr' id='par_1_111' title="bbox 2303 4913 3927 5011">
     <span class='ocr_line' id='line_1_112' title="bbox 2303 4913 3927 5011; baseline -0.009 -17"><span class='ocrx_word' id='word_1_812' title='bbox 2303 4954 2438 4994; x_wconf 89' lang='lat' dir='ltr'><strong>voce</strong></span> <span class='ocrx_word' id='word_1_813' title='bbox 2460 4937 2670 4993; x_wconf 91' lang='lat' dir='ltr'><strong>dicitur</strong></span> <span class='ocrx_word' id='word_1_814' title='bbox 2695 4955 2708 4994; x_wconf 91' lang='lat'><strong>:</strong></span> <span class='ocrx_word' id='word_1_815' title='bbox 2741 4940 2831 4994; x_wconf 85' lang='lat' dir='ltr'><strong>Vos</strong></span> <span class='ocrx_word' id='word_1_816' title='bbox 2853 4913 3036 4993; x_wconf 74' lang='lat' dir='ltr'><strong>autem</strong></span> <span class='ocrx_word' id='word_1_817' title='bbox 3064 4913 3329 5008; x_wconf 76' lang='lat' dir='ltr'><strong>tanquam</strong></span> <span class='ocrx_word' id='word_1_818' title='bbox 3355 4913 3556 5008; x_wconf 77' lang='lat' dir='ltr'><strong>lapides</strong></span> <span class='ocrx_word' id='word_1_819' title='bbox 3584 4931 3691 4989; x_wconf 85' lang='lat' dir='ltr'><strong>vivi</strong></span> <span class='ocrx_word' id='word_1_820' title='bbox 3708 4913 3927 5011; x_wconf 31' lang='lat' dir='ltr'><strong>superat“;</strong></span> 
     </span>
    </p>
   </div>
   <div class='ocr_carea' id='block_1_112' title="bbox 2303 5009 3924 5097">
    <p class='ocr_par' dir='ltr' id='par_1_112' title="bbox 2303 5009 3924 5097">
     <span class='ocr_line' id='line_1_113' title="bbox 2303 5009 3924 5097; baseline -0.022 1"><span class='ocrx_word' id='word_1_821' title='bbox 2303 5027 2552 5096; x_wconf 65' lang='grc' dir='ltr'><strong>βεανηίηί</strong></span> <span class='ocrx_word' id='word_1_822' title='bbox 2597 5028 2640 5094; x_wconf 77' lang='grc' dir='ltr'><strong>(Ῑ</strong></span> <span class='ocrx_word' id='word_1_823' title='bbox 2682 5028 2828 5082; x_wconf 60' lang='lat' dir='ltr'><strong>Pd&quot;.</strong></span> <span class='ocrx_word' id='word_1_824' title='bbox 2865 5043 2926 5093; x_wconf 84' lang='lat' dir='ltr'><strong>II,</strong></span> <span class='ocrx_word' id='word_1_825' title='bbox 2965 5026 3042 5097; x_wconf 87' lang='grc'><strong>5).</strong></span> <span class='ocrx_word' id='word_1_826' title='bbox 3096 5025 3174 5082; x_wconf 88' lang='lat' dir='ltr'><strong>De</strong></span> <span class='ocrx_word' id='word_1_827' title='bbox 3225 5024 3442 5096; x_wconf 83' lang='lat' dir='ltr'><strong>quibus</strong></span> <span class='ocrx_word' id='word_1_828' title='bbox 3481 5025 3682 5078; x_wconf 65' lang='lat' dir='ltr'><strong>sanctae</strong></span> <span class='ocrx_word' id='word_1_829' title='bbox 3726 5009 3924 5069; x_wconf 60' lang='lat' dir='ltr'><strong>Ecclesia</strong></span> 
     </span>
    </p>
   </div>
   <div class='ocr_carea' id='block_1_113' title="bbox 2304 5103 3925 5188">
    <p class='ocr_par' dir='ltr' id='par_1_113' title="bbox 2304 5103 3925 5188">
     <span class='ocr_line' id='line_1_114' title="bbox 2304 5103 3925 5188; baseline -0.004 -18"><span class='ocrx_word' id='word_1_830' title='bbox 2304 5132 2405 5186; x_wconf 91' lang='lat' dir='ltr'><strong>per</strong></span> <span class='ocrx_word' id='word_1_831' title='bbox 2449 5116 2789 5188; x_wconf 90' lang='lat' dir='ltr'><strong>prophetam</strong></span> <span class='ocrx_word' id='word_1_832' title='bbox 2842 5116 3128 5173; x_wconf 91' lang='lat' dir='ltr'><strong>Dominus</strong></span> <span class='ocrx_word' id='word_1_833' title='bbox 3158 5113 3465 5187; x_wconf 87' lang='lat' dir='ltr'><strong>pollicetur</strong></span> <span class='ocrx_word' id='word_1_834' title='bbox 3493 5111 3682 5167; x_wconf 82' lang='lat' dir='ltr'><strong>dicens</strong></span> <span class='ocrx_word' id='word_1_835' title='bbox 3707 5103 3925 5188; x_wconf 54' lang='grc' dir='ltr'><strong>εΕεεϐἒξθ</strong></span> 
     </span>
    </p>
   </div>
   <div class='ocr_carea' id='block_1_114' title="bbox 2304 5183 3928 5278">
    <p class='ocr_par' dir='ltr' id='par_1_114' title="bbox 2304 5183 3928 5278">
     <span class='ocr_line' id='line_1_115' title="bbox 2304 5183 3928 5278; baseline -0.011 -16"><span class='ocrx_word' id='word_1_836' title='bbox 2304 5183 2573 5262; x_wconf 45' lang='lat' dir='ltr'><strong>sternam—</strong></span> <span class='ocrx_word' id='word_1_837' title='bbox 2609 5222 2710 5277; x_wconf 84' lang='lat' dir='ltr'><strong>per</strong></span> <span class='ocrx_word' id='word_1_838' title='bbox 2771 5208 3018 5262; x_wconf 89' lang='lat' dir='ltr'><strong>ordinem</strong></span> <span class='ocrx_word' id='word_1_839' title='bbox 3075 5183 3284 5278; x_wconf 75' lang='lat' dir='ltr'><strong>lapides</strong></span> <span class='ocrx_word' id='word_1_840' title='bbox 3343 5207 3463 5260; x_wconf 84' lang='lat' dir='ltr'><strong>tuos</strong></span> <span class='ocrx_word' id='word_1_841' title='bbox 3516 5200 3662 5272; x_wconf 84' lang='lat' dir='ltr'><strong>(lsai.</strong></span> <span class='ocrx_word' id='word_1_842' title='bbox 3716 5207 3809 5255; x_wconf 79' lang='lat' dir='ltr'><strong>LIV,</strong></span> <span class='ocrx_word' id='word_1_843' title='bbox 3840 5183 3928 5278; x_wconf 58' lang='grc'><strong>11)·</strong></span> 
     </span>
    </p>
   </div>
   <div class='ocr_carea' id='block_1_115' title="bbox 2306 5277 3924 5367">
    <p class='ocr_par' dir='ltr' id='par_1_115' title="bbox 2306 5277 3924 5367">
     <span class='ocr_line' id='line_1_116' title="bbox 2306 5277 3924 5367; baseline -0.011 -14"><span class='ocrx_word' id='word_1_844' title='bbox 2306 5296 2412 5360; x_wconf 91' lang='lat' dir='ltr'><strong>Qui</strong></span> <span class='ocrx_word' id='word_1_845' title='bbox 2455 5295 2632 5367; x_wconf 90' lang='lat' dir='ltr'><strong>igitur</strong></span> <span class='ocrx_word' id='word_1_846' title='bbox 2679 5306 2827 5353; x_wconf 88' lang='lat' dir='ltr'><strong>recte</strong></span> <span class='ocrx_word' id='word_1_847' title='bbox 2875 5297 3036 5366; x_wconf 87' lang='lat' dir='ltr'><strong>vivit,</strong></span> <span class='ocrx_word' id='word_1_848' title='bbox 3089 5277 3250 5366; x_wconf 84' lang='lat' dir='ltr'><strong>pasto</strong></span> <span class='ocrx_word' id='word_1_849' title='bbox 3299 5310 3362 5350; x_wconf 83' lang='lat' dir='ltr'><strong>se</strong></span> <span class='ocrx_word' id='word_1_850' title='bbox 3414 5289 3697 5364; x_wconf 88' lang='lat' dir='ltr'><strong>lapidibus</strong></span> <span class='ocrx_word' id='word_1_851' title='bbox 3724 5277 3924 5338; x_wconf 53' lang='grc' dir='ltr'><strong>φονου</strong></span> 
     </span>
    </p>
   </div>
   <div class='ocr_carea' id='block_1_116' title="bbox 2305 5470 3925 5564">
    <p class='ocr_par' dir='ltr' id='par_1_116' title="bbox 2305 5470 3925 5564">
     <span class='ocr_line' id='line_1_117' title="bbox 2305 5470 3925 5564; baseline -0.004 -18"><span class='ocrx_word' id='word_1_852' title='bbox 2305 5491 2436 5547; x_wconf 90' lang='lat' dir='ltr'><strong>aliis</strong></span> <span class='ocrx_word' id='word_1_853' title='bbox 2485 5491 2589 5547; x_wconf 89' lang='lat' dir='ltr'><strong>Ed.</strong></span> <span class='ocrx_word' id='word_1_854' title='bbox 2621 5496 2675 5546; x_wconf 87' lang='lat' dir='ltr'><strong>et</strong></span> <span class='ocrx_word' id='word_1_855' title='bbox 2713 5496 2872 5558; x_wconf 88' lang='lat' dir='ltr'><strong>Mss.,</strong></span> <span class='ocrx_word' id='word_1_856' title='bbox 2914 5493 3126 5563; x_wconf 91' lang='lat' dir='ltr'><strong>quibus</strong></span> <span class='ocrx_word' id='word_1_857' title='bbox 3157 5489 3411 5564; x_wconf 81' lang='lat' dir='ltr'><strong>concinit</strong></span> <span class='ocrx_word' id='word_1_858' title='bbox 3454 5487 3612 5564; x_wconf 81' lang='lat' dir='ltr'><strong>Rom.</strong></span> <span class='ocrx_word' id='word_1_859' title='bbox 3638 5470 3925 5564; x_wconf 55' lang='grc' dir='ltr'><strong>Ρειιμθζίξξῐξ·</strong></span> 
     </span>
    </p>
   </div>
   <div class='ocr_carea' id='block_1_117' title="bbox 2304 5549 3926 5637">
    <p class='ocr_par' dir='ltr' id='par_1_117' title="bbox 2304 5549 3926 5637">
     <span class='ocr_line' id='line_1_118' title="bbox 2304 5549 3926 5637; baseline -0.014 -19"><span class='ocrx_word' id='word_1_860' title='bbox 2304 5565 2476 5619; x_wconf 83' lang='lat' dir='ltr'><strong>Juxta</strong></span> <span class='ocrx_word' id='word_1_861' title='bbox 2506 5570 2701 5637; x_wconf 88' lang='lat' dir='ltr'><strong>tamen</strong></span> <span class='ocrx_word' id='word_1_862' title='bbox 2739 5549 2957 5620; x_wconf 80' lang='lat' dir='ltr'><strong>textum</strong></span> <span class='ocrx_word' id='word_1_863' title='bbox 2992 5565 3131 5621; x_wconf 87' lang='lat' dir='ltr'><strong>Heb.</strong></span> <span class='ocrx_word' id='word_1_864' title='bbox 3167 5565 3358 5637; x_wconf 88' lang='lat' dir='ltr'><strong>potius</strong></span> <span class='ocrx_word' id='word_1_865' title='bbox 3392 5559 3684 5633; x_wconf 85' lang='lat' dir='ltr'><strong>legendum</strong></span> <span class='ocrx_word' id='word_1_866' title='bbox 3713 5549 3926 5619; x_wconf 59' lang='grc' dir='ltr'><strong>ἀφνεῶν,</strong></span> 
     </span>
    </p>
   </div>
   <div class='ocr_carea' id='block_1_118' title="bbox 2306 5636 2756 5709">
    <p class='ocr_par' dir='ltr' id='par_1_118' title="bbox 2306 5636 2756 5709">
     <span class='ocr_line' id='line_1_119' title="bbox 2306 5636 2756 5709; baseline 0 -19"><span class='ocrx_word' id='word_1_867' title='bbox 2306 5651 2470 5709; x_wconf 89' lang='lat' dir='ltr'><strong>quam</strong></span> <span class='ocrx_word' id='word_1_868' title='bbox 2495 5636 2756 5691; x_wconf 84' lang='lat' dir='ltr'><strong>tribulor.</strong></span> 
     </span>
    </p>
   </div>
  </div>
