4134 6174
316 228 430 288 757

1253 218 1665 285 MOHALIUM
1718 220 1861 282 LIB.
1908 222 2013 286 VI.
2060 253 2137 264 ——
2179 218 2253 279 IN
2300 219 2473 280 CAP.
2521 219 2570 279 V
2614 220 2681 280 Β.
2729 219 2890 281 JOB.

3706 226 3825 287 768

308 367 555 438 gionum
590 364 802 438 jungit,
836 363 975 436 quia
997 362 1056 417 in
1089 378 1154 418 eo
1187 361 1343 434 quod
1369 359 1573 415 mundi
1595 357 1885 415 desideria
1907 374 2010 414 su-
2040 360 2095 427 Α
2126 357 2215 413 nis
2260 356 2599 429 impellitur,
2632 360 2695 412 ut
2720 356 2864 412 illud
2896 359 3017 413 toto
3048 356 3218 413 corde
3256 356 3479 430 diligat,
3503 361 3655 433 quod
3688 378 3824 418 con-

310 460 495 525 perat,
529 455 705 511 vitam
737 471 907 510 suam
940 452 1139 525 procul
1171 451 1349 506 dubio
1394 451 1466 505 ad
1498 456 1829 504 sanctorum
1864 466 2010 519 pra:-

304 544 637 600 cedentium
665 543 1048 599 imitationem
1071 542 1359 613 ligat.Sed
1384 556 1514 594 cum
1539 557 1571 594 a
1590 540 1791 594 mundi
1816 540 1893 609 (a)
1915 555 2011 593 ac-

306 633 500 689 tiones
533 634 912 704 disjungitur,
946 632 1336 703 malignorum
1369 630 1680 701 spirituum
1704 628 2012 698 impugna-

306 722 499 779 tiones
540 731 842 779 crescunt:
878 739 1004 793 qua:
1046 727 1237 777 tamen
1278 737 1393 791 quo
1446 718 1633 791 magis
1678 718 1737 772 in
1770 734 2015 773 maerore

308 830 671 885 quemquam
703 817 979 879 atterunt,
1013 829 1079 868 eo
1101 810 1385 869 conditori
1419 809 1704 865 humilius
1730 810 2011 865 subdunt.

308 901 473 959 Unde
494 912 547 959 et
577 902 989 975 subjungitur:

902 993 1135 1049 CAPUT
1176 990 1421 1047 XXXIII.

384 1085 525 1139 Isin.
552 1114 618 1124 —
650 1085 714 1138 Et
748 1083 929 1139 bestiae
960 1090 1125 1139 terra?
1150 1082 1391 1153 paciﬁca:
1420 1087 1581 1136 erunt
1612 1078 1731 1134 tibi.

379 1176 472 1230 5t.
522 1175 770 1231 Acriores
801 1175 972 1231 hostis
1014 1173 1255 1245 insidia,
1300 1172 1370 1228 ad
1428 1174 1627 1241 gratiae
1682 1170 2017 1241 adjutorium

304 1265 707 1337 postulandum
758 1282 853 1323 nos
893 1264 1247 1335 compellunt.
1282 1294 1351 1302 —
1380 1261 1709 1317 Notandum
1745 1259 1901 1328 prius
1932 1264 2019 1314 est

310 1355 471 1428 quod
520 1372 636 1413 non
675 1357 759 1411 ait
804 1360 1044 1428 pacatae,
1090 1356 1191 1411 sed
1236 1354 1509 1426 pacifica,
1553 1350 1842 1417 videlicet,
1899 1365 2015 1405 non

311 1447 453 1517 quia
496 1462 694 1518 pacem
725 1445 959 1515 habent,
1001 1445 1103 1502 sed
1134 1444 1273 1515 quia
1304 1459 1505 1514 pacem
1538 1442 1779 1498 faciunt.
1808 1440 2014 1495 Hostes

307 1534 527 1607 quippe
546 1534 743 1591 callidi
767 1536 907 1591 dum
932 1534 1307 1601 insidiantur,
1332 1532 1638 1605 afﬂigunt;
1673 1530 1769 1586 sed
1793 1528 2013 1585 afﬂicta

307 1638 477 1681 mens
506 1628 669 1681 tanto
699 1625 888 1697 magis
912 1624 987 1682 ad
1007 1630 1281 1679 aeternam
1315 1622 1563 1695 patriam
1598 1620 1845 1677 reditum
1878 1618 2011 1673 dili-

2119 446 2363 503 tradicto
2398 445 2557 501 nulla
2588 447 2904 517 perturbat.
2942 445 3105 502 Unde
3156 447 3241 515 fit,
3276 451 3338 502 ut
3386 449 3639 519 quietem
3690 452 3825 506 inti-

2121 553 2275 593 mam
2311 536 2384 591 ad
2417 536 2757 591 memoriam
2791 541 3036 599 revocet,
3070 541 3125 591 et
3151 538 3342 591 carnis
3375 554 3496 593 suae
3525 538 3826 596 illecebras

2120 628 2368 695 fugiens,
2393 627 2464 681 ad
2498 625 2656 680 illam
2693 625 2863 697 pleno
2905 642 3101 681 amore
3142 628 3413 699 suspiret.
3448 629 3828 685 Considerare

2123 717 2278 771 enim
2323 732 2390 770 ex
2430 717 2749 771 tentatione
2794 716 3201 787 unusquisque
3248 717 3635 789 compellitur,
3678 721 3829 774 unde

2124 824 2238 878 quo
2261 807 2490 871 cecidit,
2514 805 2613 876 qui
2639 811 2943 877 postquam
2969 824 3167 876 pacem
3200 807 3301 863 Dei
3334 809 3609 877 deseruit,
3645 810 3828 865 rixam

2125 898 2237 953 sibi
2285 906 2483 952 contra
2514 913 2575 951 sc
2617 896 2697 967 (b)
2732 913 3043 969 exsurgere
3086 913 3154 953 ex
3192 898 3505 970 semetipso
3543 900 3742 965 sentit,
3776 902 3834 954 et

2122 991 2263 1043 tunc
2307 986 2501 1042 verius
2529 987 2685 1041 videt
2724 987 2794 1042 de
2825 1004 3029 1044 secura
3064 987 3158 1043 Dei
3191 987 3497 1045 dilectione
3528 989 3667 1061 quid
3703 1005 3831 1062 per-

2126 1076 2299 1142 didit,
2342 1078 2444 1148 qui
2484 1077 2555 1132 ad
2596 1092 2659 1132 se
2698 1076 2984 1148 dilapsus,
3027 1094 3192 1133 suam
3228 1078 3285 1133 in
3318 1094 3379 1133 se
3413 1078 3831 1134 contumeliam

2125 1166 2361 1222 invenit.
2398 1167 2599 1223 Pacem
2630 1183 2766 1239 ergo
2798 1168 2966 1224 nobis
2999 1172 3163 1223 terrae
3189 1167 3384 1223 bestiae
3422 1168 3661 1233 faciunt,
3695 1168 3835 1239 quia

2126 1260 2321 1311 motus
2353 1255 2568 1323 carnis,
2602 1256 2741 1310 dum
2767 1272 2870 1313 nos
2901 1256 3177 1312 tentando
3208 1255 3531 1325 lacessunt,
3562 1257 3633 1313 ad
3666 1271 3832 1312 amo-

2126 1362 2247 1401 rem
2297 1345 2509 1416 quietis
2557 1344 2777 1401 intimae
2828 1344 3161 1417 impellunt.
3213 1348 3364 1402 Bene
3407 1351 3599 1403 autem
3634 1345 3833 1402 subdi-

2126 1440 2255 1493 tur:

2500 1526 2733 1582 CAPUT
2772 1525 3002 1583 xxx1v
3036 1528 3199 1599 [Vet.
3240 1528 3459 1599 XXIII.]

2190 1616 2368 1672 Vens.
2400 1616 2492 1674 24.
2524 1647 2591 1657 -
2628 1619 2688 1672 Et
2718 1616 2854 1673 scies
2885 1618 3029 1688 quod
3054 1633 3244 1689 pacem
3275 1618 3472 1674 habeat
3505 1616 3837 1674 tabernacu-

311 1710 418 1782 git,
467 1716 681 1781 quanto
740 1680 832 1767 inu
854 1711 961 1767 hoc
1020 1727 1346 1767 aerumnosa
1407 1707 1611 1765 exsilio
1670 1680 2087 1763 laboriosiusB
2124 1706 2445 1762 tumluum.

307 1798 499 1864 vivit;
550 1803 609 1855 et
658 1800 850 1855 verius
897 1816 959 1855 se
1005 1799 1206 1870 gratiis
1256 1798 1345 1853 sui
1402 1795 1685 1867 adjutoris
1720 1792 2009 1863 humiliat,

307 1903 445 1943 cum
496 1892 695 1943 contra
754 1904 811 1943 se
870 1888 1119 1944 insidias
1178 1888 1433 1943 hostium
1482 1884 1729 1940 acriores
1784 1885 2010 1955 pensat.

306 1976 498 2033 Terre
527 1995 661 2045 ergo
679 1978 877 2033 bestiae
899 1978 1150 2049 pacifica:
1170 1976 1369 2033 electis
1394 1976 1564 2042 fiunt,
1598 1976 1737 2046 quia
1768 1971 2015 2044 maligni

306 2065 581 2137 spiritus,
603 2082 736 2121 cum
765 2066 1050 2122 bonorum
1073 2067 1250 2123 corda
1272 2065 1642 2121 adversantes
1659 2063 2012 2133 deprimunt,

302 2154 429 2210 hac
484 2156 745 2211 nolentes
794 2156 866 2211 ad
922 2172 1179 2212 amorem
1233 2154 1464 2209 Domini
1506 2152 1837 2223 impellunt.
1875 2151 2013 2205 Inde

302 2261 439 2317 ergo
488 2261 617 2301 cum
673 2245 789 2302 Deo
825 2262 935 2318 pax
976 2247 1267 2302 robustior
1309 2244 1513 2313 oritur,
1556 2244 1709 2299 unde
1743 2242 1909 2297 nobis
1941 2240 2012 2295 ab

309 2335 659 2391 adversariis
691 2334 887 2391 durior
917 2352 1114 2407 pugna
1144 2340 1474 2405 generatur.

377 2425 545 2495 (Vel.
597 2424 747 2481 XXII.
783 2425 802 2496 ]
834 2425 924 2481 52.
986 2425 1155 2481 Motus
1202 2427 1388 2481 carnis
1444 2424 1703 2479 tentando
1760 2424 2010 2491 rugiunt.

298 2514 397 2570 sed
453 2531 624 2587 usque
650 2515 721 2570 ad
753 2531 996 2572 morsum
1026 2532 1135 2571 non
1160 2516 1512 2586 perveniunt.
1556 2515 1669 2568 lmo
1702 2513 1855 2567 nobis
1902 2528 2011 2582 pa-

300 2618 425 2660 cem
454 2618 577 2659 cum
611 2606 714 2660 Deo
754 2614 1077 2672 procurant.
1110 2635 1178 2643 —
1212 2604 1462 2660 Possunt
1510 2603 1682 2658 etiam
1718 2618 1819 2673 per
1848 2606 2011 2655 terrai

306 2695 527 2750 bestias
585 2700 778 2752 motus
835 2697 1027 2753 carnis
1075 2695 1344 2766 intelligi,
1404 2694 1503 2765 qui
1561 2694 1700 2749 dum
1761 2698 2010 2749 mentem

309 2790 569 2841 nostram
618 2785 1041 2842 irrationabilia
1087 2786 1387 2842 suadendo
1436 2784 1753 2850 lacessunt,
1813 2790 2013 2838 contra

304 2890 415 2931 nos
459 2874 781 2931 bestialiter
821 2876 1158 2948 insurgunt.
1210 2876 1317 2932 Sed
1368 2891 1499 2930 cum
1550 2890 1648 2929 cor
1677 2874 1787 2930 sub
1816 2871 2013 2928 divina

301 2964 433 3038 lege
454 2965 810 3037 deprimitur,
834 2968 1004 3023 etiam
1030 2966 1222 3021 carnis
1242 2965 1535 3021 incentiva
1562 2965 2007 3030 detumescunt;

2199 1795 2365 1853 205
2418 1797 2507 1851 53.
2539 1799 2605 1851 In
2646 1796 2952 1868 Scripturis
2991 1814 3100 1867 pax
3127 1797 3294 1868 plena
3328 1805 3378 1854 et
3415 1815 3529 1869 pax
3556 1798 3835 1855 inchoata.

2124 1917 2193 1927 —
2232 1888 2296 1941 In
2343 1888 2639 1958 Scriptura
2677 1903 2844 1942 sacra
2873 1886 3043 1943 aliter
3072 1904 3184 1958 pax
3216 1886 3380 1959 plena
3407 1887 3643 1954 dicitur,
3667 1891 3840 1959 atque

2124 1976 2291 2033 aliter
2334 1977 2626 2033 inchoata.
2660 1977 2997 2032 lnoboatam
3021 1978 3233 2050 quippe
3262 1994 3467 2050 pacem
3497 1977 3723 2035 Veritas
3752 1978 3839 2033 di-

2123 2066 2367 2138 scipulis
2409 2068 2663 2134 dederat,
2696 2081 2828 2121 cum
2862 2067 3087 2123 dicebat
3116 2084 3129 2122 :
3158 2069 3354 2124 Pacem
3384 2069 3641 2139 relinquo
3660 2067 3836 2133 vobis,

2121 2173 2307 2228 pacem
2356 2173 2532 2213 meum
2572 2156 2637 2211 do
2682 2156 2833 2211 vobis
2864 2158 3048 2228 (Joan.
3091 2174 3206 2227 xiv,
3245 2158 3357 2227 27),
3380 2166 3430 2213 et
3478 2158 3713 2229 plenam
3744 2157 3835 2211 Si-

2123 2264 2295 2304 meon
2342 2248 2785 2317 desideraverat,
2836 2264 2965 2303 cum
3016 2252 3279 2305 exoraret
3307 2249 3504 2303 dicens
3535 2265 3548 2303 :
3581 2250 3650 2316 (e)
3683 2247 3835 2302 Nunc

2124 2340 2361 2395 dimittis
2414 2354 2632 2394 servum
2687 2346 2863 2405 tuum,
2922 2337 3172 2406 Domine,
3240 2337 3537 2393 secundum
3608 2338 3835 2393 verbum

2124 2435 2276 2483 tuum
2310 2426 2369 2481 in
2396 2442 2531 2497 pace
2571 2426 2722 2494 (Luc.
2759 2443 2823 2492 ιι,
2851 2426 2963 2496 29).
3003 2426 3113 2481 Pax
3142 2424 3298 2480 enim
3332 2432 3527 2480 nostra
3558 2440 3626 2479 ex
3674 2421 3835 2478 desi-

2122 2516 2280 2572 derio
2312 2514 2630 2572 conditoris
2682 2514 3012 2583 inchoatur,
3065 2531 3133 2571 ex
3182 2514 3495 2571 manifesta
3527 2517 3719 2570 autem
3750 2512 3834 2567 vi-

2123 2606 2287 2661 sione
2319 2605 2635 2678 perficitur.
2672 2603 2851 2660 Plena
2889 2604 3099 2676 quippe
3138 2608 3282 2660 tunc
3322 2604 3451 2669 erit,
3486 2619 3620 2659 cum
3668 2618 3832 2659 mens

2124 2702 2325 2753 nostra
2355 2712 2459 2753 nec
2490 2694 2822 2766 ignorantia
2843 2699 3116 2755 caecatur.
3141 2710 3248 2750 nec
3268 2694 3465 2750 carnis
3496 2710 3615 2749 suae
3647 2693 3832 2765 impu-

2122 2787 2396 2859 gnatione
2427 2788 2770 2845 concutitur.
2797 2786 2909 2841 Sed
2934 2785 3071 2857 quia
3102 2786 3228 2855 ejus
3250 2784 3487 2840 exordia
3507 2783 3832 2855 tangimus,

2123 2894 2257 2933 cum
2290 2878 2375 2934 vel
2400 2883 2655 2935 mentem
2676 2878 2812 2944 Deo,
2838 2876 2927 2931 vel
2953 2891 3188 2931 carnem
3211 2874 3396 2931 menti
3420 2875 3829 2947 subjugamus,

2121 2967 2562 3024 tabernaculum
2588 2968 2737 3039 justi
2766 2967 2977 3022 habere
3010 2980 3203 3035 pacem
3237 2964 3472 3032 dicitur,
3511 2967 3645 3036 quia
3676 2963 3833 3019 vide-

304 3062 372 3111 ut
409 3056 516 3113 etsi
566 3057 843 3112 tentando
887 3057 1386 3124 submurmurant,
1412 3070 1781 3125 nequaquam
1814 3058 2007 3109 tamen
2042 3040 2085 3127 β
2122 3058 2259 3115 licet
2288 3059 2417 3129 ejus
2446 3075 2679 3130 corpus,
2706 3057 2776 3130 (ε)
2806 3056 2960 3127 quod
2986 3060 3179 3111 mente
3200 3054 3510 3120 inhabitat,
3535 3071 3569 3110 a
3600 3068 3833 3126 perver-

304 3162 496 3218 usque
538 3149 608 3202 ad
656 3147 925 3204 effectum
970 3164 1231 3219 operum,
1264 3147 1433 3219 quasi
1470 3148 1539 3201 ad
1572 3145 1753 3215 aperti
1786 3160 2014 3199 morsus

302 3237 529 3293 rabiem
562 3245 896 3308 exsurgant.
946 3238 1082 3303 Quis
1112 3238 1265 3294 enim
1306 3238 1364 3293 in
1390 3237 1494 3293 hac
1520 3236 1708 3292 adhuc
1735 3233 2017 3304 corrupti-

305 3329 412 3385 bili
449 3346 622 3386 carne
667 3330 1020 3399 subsistens,
1066 3329 1174 3385 has
1218 3334 1386 3385 terra
1428 3328 1648 3385 bestias
1676 3328 1844 3398 plene
1874 3326 2014 3382 edo-

305 3424 454 3486 mat,
475 3436 609 3476 cum
632 3419 731 3476 ille
752 3421 823 3475 ad
848 3419 1085 3476 tertium
1108 3419 1315 3475 caelum
1338 3424 1540 3490 raptus
1570 3418 1839 3490 egregius
1870 3433 2015 3488 prie-

306 3510 532 3566 dicator
566 3510 749 3565 dicat:
808 3509 975 3565 Video
1034 3510 1206 3566 aliam
1253 3510 1425 3580 legem
1472 3511 1527 3563 in
1575 3505 1834 3562 membris
1881 3506 2018 3561 meis

305 3606 712 3671 repugnantem
762 3598 881 3672 legi
909 3604 1107 3656 mentis
1134 3617 1285 3669 mea,
1318 3608 1369 3656 et
1397 3600 1669 3669 captivum
1693 3613 1776 3653 me
1806 3596 2015 3651 ducen-

310 3698 427 3747 tem
479 3693 539 3745 in
576 3691 692 3762 lege
740 3694 968 3762 peccati,
1019 3707 1146 3765 quae
1175 3695 1252 3748 est
1296 3694 1356 3746 in
1384 3690 1640 3747 membris
1671 3689 1807 3745 meis
1835 3688 2015 3759 (Rom.

305 3796 410 3846 vn,
442 3780 575 3851 23)?
612 3781 723 3836 Sed
764 3779 919 3837 alius
953 3788 1043 3837 est
1084 3782 1190 3837 bas
1236 3780 1451 3837 bestias
1493 3780 1553 3835 in
1595 3793 1798 3849 campo
1829 3776 2018 3847 operis

307 3870 608 3927 szevientes
647 3872 920 3941 aspicere,
969 3872 1133 3927 aliud
1174 3872 1326 3927 intra
1376 3870 1569 3927 cordis
1613 3882 1849 3925 caveam
1909 3868 2020 3922 fre-

306 3964 535 4016 mentes
581 3964 797 4016 tenere.
847 3960 1107 4017 Redactaa
1137 3977 1392 4032 namque
1422 3961 1571 4015 intra
1603 3960 1860 4015 claustra
1881 3972 2019 4014 con-

303 4049 590 4116 tinentiaa,
639 4050 749 4106 etsi
814 4050 1001 4107 adhuc
1054 4051 1327 4107 tentando
1380 4051 1641 4122 rugiunt,
1701 4064 1888 4119 usque
1943 4047 2014 4102 ad

303 4154 569 4196 morsum
605 4144 825 4206 tamen,
850 4145 912 4196 ut
935 4140 1214 4211 diximus,
1246 4140 1490 4197 actionis
1521 4138 1733 4195 illicita:
1767 4154 1880 4194 non
1911 4153 2018 4193 ex-

304 4230 543 4287 cedunt.
578 4230 834 4288 Paciﬁcas
864 4232 1061 4305 itaque
1100 4242 1239 4291 sunt
1287 4241 1448 4290 terrai
1480 4232 1701 4301 bestiae,
1732 4231 1865 4302 quia
1894 4247 2015 4287 mo-

302 4322 403 4376 tus
437 4321 629 4376 carnis
677 4322 787 4377 etsi
842 4339 943 4393 per
984 4323 1271 4379 desideria
1321 4322 1627 4395 palpitant,
1677 4326 1877 4394 aperta
1908 4338 2012 4379 nos

2125 3150 2208 3205 sis
2240 3149 2664 3206 desideriorum
2698 3147 2951 3203 motibus
2972 3146 3044 3217 (e)
3064 3145 3173 3202 sub
3192 3144 3433 3215 justitiae
3454 3143 3834 3216 dispositione

2124 3239 2469 3296 refrenatur.
2490 3238 2601 3295 Sed
2626 3236 2769 3309 quid
2791 3237 3031 3309 prodest
3051 3250 3153 3307 per
3165 3233 3835 3291 continentiamcarnem

2126 3330 2498 3402 restringere,
2528 3328 2575 3384 si
2609 3344 2776 3384 mens
2808 3343 2867 3383 se
2896 3341 3000 3397 per
3028 3324 3491 3396 compassionem
3522 3323 3746 3380 nesciat
3775 3325 3835 3379 in

2125 3419 2372 3491 proximi
2413 3434 2609 3474 amore
2656 3416 2941 3473 dilatare?
2970 3414 3146 3471 Nulla
3193 3429 3445 3486 namque
3483 3417 3571 3469 est
3602 3412 3837 3469 castitas

2126 3510 2315 3564 carnis
2351 3524 2526 3579 quam
2564 3523 2677 3563 non
2712 3504 3081 3562 commendat
3113 3505 3371 3560 suavitas
3404 3503 3637 3574 mentis.
3674 3501 3836 3557 Unde

2126 3602 2259 3669 post
2288 3612 2489 3667 pacem
2525 3593 2879 3651 tabernaculi
2913 3597 3046 3659 apte
3076 3593 3456 3665 subjungitur
3490 3607 3503 3647 :

2735 3680 2964 3737 CAPUT
3004 3679 3227 3736 XXXV.

2196 3775 2339 3831 IBID.
2363 3804 2433 3815 —
2454 3775 2524 3827 Et
2558 3772 2788 3827 visitans
2811 3773 3043 3842 speciem
3077 3775 3251 3840 luam,
3274 3785 3386 3825 non
3427 3768 3699 3841 peccabis.

2194 3865 2284 3920 54.
2335 3863 2401 3919 Se
2454 3861 2680 3935 quisque
2736 3863 2797 3915 in
2850 3860 3023 3915 altera
3072 3861 3269 3929 cogitet
3310 3868 3361 3913 et
3410 3863 3573 3912 amet.
3626 3857 3833 3913 Paulus

2124 3952 2377 4011 omnibus
2410 3954 2603 4008 omnia
2631 3951 2806 4021 factus
2836 3947 3325 4013 condescendendo,
3361 3963 3469 4003 non
3500 3944 3834 4001 cadendo.—

2122 4044 2355 4115 Species
2405 4042 2621 4114 quippe
2669 4039 2925 4096 hominis
2955 4045 3045 4096 est
3075 4038 3218 4094 alter
3252 4037 3444 4092 homo.
3478 4035 3649 4092 Recte
3674 4033 3831 4091 enim

2124 4133 2349 4206 species
2389 4137 2593 4189 nostra
2632 4130 2849 4187 dicitur
2893 4129 3189 4201 proximus
3222 4132 3440 4196 noster,
3475 4124 3614 4197 quia
3643 4125 3701 4181 in
3734 4122 3833 4180 illo

2123 4223 2416 4284 cernimus
2446 4222 2586 4295 quid
2619 4221 2729 4293 ipsi
2749 4236 2975 4277 sumus.
3006 4218 3299 4291 Corporali
3319 4217 3477 4273 enim
3500 4214 3831 4271 visitatione

2122 4315 2196 4371 ad
2227 4314 2554 4386 proximum
2576 4326 2885 4383 gressuum
2907 4326 3145 4365 accessu
3169 4309 3322 4364 imus
3346 4324 3361 4376 ;
3385 4303 3635 4379 spiritali
3664 4320 3820 4373 vero,

301 4416 499 4466 tamen
532 4411 993 4468 contradictione
1032 4413 1224 4484 operis
1256 4429 1371 4469 non
1400 4414 1768 4484 impugnant.
1800 4410 2011 4474 Quam-
2034 4415 2082 4482 Β
2114 4420 2229 4459 non
2260 4418 2486 4474 gressu.
2510 4401 2609 4456 86d
2642 4400 2844 4455 affectu
2880 4399 3169 4455 ducimur.
3198 4396 3460 4469 Sp60i6m
3487 4411 3623 4468 ergo
3650 4409 3822 4450 suam

298 4498 391 4556 vis
447 4516 542 4571 per
568 4500 675 4558 hoc
707 4502 903 4573 ipsum
937 4503 1097 4574 quod
1121 4504 1377 4576 pacifica;
1408 4504 1703 4569 dicuntur,
1735 4502 1913 4558 etiam
1946 4503 2005 4557 id

295 4589 459 4659 quod
504 4588 575 4647 de
624 4590 900 4662 malignis
950 4594 1259 4663 spiritibus
1284 4592 1559 4660 diximus,
1594 4608 1698 4647 nos
1729 4592 2008 4647 inconve-

293 4677 530 4735 nienter
577 4680 881 4750 accipitur.
916 4686 1103 4737 Motus
1134 4683 1347 4738 etenim
1381 4681 1573 4738 carnis
1603 4697 1801 4752 pacem
1837 4680 2006 4737 nobis

292 4782 436 4823 cum
482 4767 599 4825 Deo
646 4768 890 4837 faciunt,
937 4787 1070 4826 cum
1102 4772 1383 4828 tentando
1415 4772 1840 4827 contradicunt.
1860 4771 2002 4827 Nam

283 4857 438 4929 justi
470 4873 633 4914 mens
665 4859 727 4915 in
759 4874 826 4915 eo
856 4862 1012 4931 quod
1058 4861 1129 4916 ad
1181 4878 1436 4933 superna
1465 4862 1761 4932 dirigitur,
1785 4877 1854 4917 ex
1882 4876 2008 4917 cor-

288 4947 563 5019 ruptibili
590 4965 829 5021 corpore
850 4950 1010 5021 gravi
1036 4950 1186 5007 bello
1212 4952 1505 5023 fatigatur.
1531 4953 1665 5018 Quae
1694 4951 1744 5006 si
1768 4951 2006 5023 quando

289 5055 331 5095 ο,
371 5037 680 5095 desideriis
710 5038 1062 5107 cmleetibus,
1108 5039 1284 5113 hujus
1315 5042 1520 5096 mundi
1551 5040 1874 5112 quamlibet
1903 5040 2009 5096 mi-

285 5125 458 5185 nima
505 5126 889 5186 delectatione
940 5132 1224 5201 tardatur,
1256 5132 1384 5203 ipso
1419 5130 1567 5187 bello
1596 5147 1711 5187 sum
1735 5132 2007 5188 tentatio-

370 5363 450 5434 (a)
480 5363 564 5434 Ita
586 5366 723 5419 Mss.
749 5364 819 5418 At
857 5364 1025 5421 Editi.
1057 5382 1092 5421 a
1119 5365 1313 5420 mundi
1340 5367 1647 5423 dilectione.

368 5434 450 5509 (ὁ)
482 5433 702 5509 aliqui,
733 5452 1028 5509 essurgere
1055 5441 1406 5509 semetipsum
1434 5440 1616 5495 sentit.

370 5504 721 5579 ('e)_Gemiet.,
747 5504 923 5579 gCorb'.
949 5514 1006 5563 et
1038 5504 1426 5579 aliquijNunc
1453 5512 1685 5567 dimitte.
1720 5516 1801 5567 Ita
1832 5510 2003 5567 etiam

283 5576 580 5654 vet.__E_dit
609 5578 808 5645 Basil.,
842 5582 993 5651 quod
1018 5576 1203 5654 magis
1236 5584 1547 5654 respondet
1574 5584 1755 5639 textui
1788 5583 2005 5639 Graeco.

368 5648 785 5724 (_d)_Gussan_v.,
799 5648 902 5723 quo
924 5668 1073 5709 mens
1096 5648 1387 5711 inhabitat.
1412 5655 1513 5709 Ed.
1530 5654 1649 5724 alii,
1669 5655 1808 5724 quod
1827 5660 2009 5710 mente

368 5672 450 5719 ια)
474 5672 902 5723 uussanv.,quo
924 5672 1073 5709 mens
1096 5672 1387 5711 innocuas.
1413 5672 1513 5709 ea.
1530 5672 1649 5724 am,
1704 5672 1808 5711 uoa
1827 5672 2003 5710 mente

285 5720 682 5779 inhabitatur.
698 5722 1012 5794 Sequimur
1030 5724 1334 5783 lectionem
1356 5726 1521 5795 Mss.,
1550 5672 1744 5794 Vini,
1771 5726 2003 5797 Bellov.,

2114 4494 2333 4564 visitet,
2382 4490 2632 4564 quisque
2663 4490 2733 4546 ad
2766 4506 2921 4559 eum,
2958 4506 3131 4561 quem
3158 4486 3267 4545 sibi
3300 4486 3557 4543 similem
3591 4500 3693 4558 per
3722 4500 3826 4539 na-

2118 4590 2301 4638 turam
2333 4580 2641 4653 conspicit,
2674 4580 2947 4653 passibus
2969 4578 3185 4635 amoris
3212 4577 3396 4634 tendit
3427 4593 3442 4644 ;
3474 4576 3617 4631 utin
3647 4573 3831 4629 altero

2116 4689 2221 4728 sua
2266 4672 2664 4740 considerans,
2715 4687 2783 4726 ex
2821 4687 2885 4726 se
2931 4669 3059 4741 ipso
3096 4667 3348 4738 colligat,
3380 4666 3631 4737 qualiter
3669 4663 3831 4717 infir-

2119 4764 2298 4817 manti
2331 4762 2493 4818 alteri
2517 4760 2964 4818 condescendat.
2989 4759 3252 4832 Speciem
3275 4772 3441 4813 suam
3476 4755 3691 4818 visitet,
3724 4749 3829 4832 qui

2118 4851 2179 4899 ut
2211 4844 2265 4898 in
2300 4860 2359 4900 se
2407 4843 2656 4899 alterum
2704 4842 2943 4908 reﬁciat,
2978 4830 3052 4897 se
3089 4842 3147 4894 in
3198 4839 3376 4895 altero
3419 4839 3645 4906 pensat.
3680 4830 3826 4885 Hinc

2117 4950 2371 5006 namque
2412 4950 2511 5006 per
2557 4934 2794 5005 Moysen
2840 4931 3061 4987 Veritas
3089 4945 3222 4985 cum
3254 4930 3418 4999 gesta
3447 4921 3824 4987 describeret,

2116 5026 2369 5097 gerenda
2417 5024 2705 5095 signabat,
2757 5023 2956 5078 dicens
2990 5038 3003 5076 :
3036 5018 3271 5075 Protulit
3305 5022 3454 5070 terra
3480 5011 3703 5069 herbam
3734 5011 3826 5066 vi-

2118 5120 2325 5173 rentem
2355 5126 2406 5172 et
2437 5117 2755 5187 aﬂerentem
2775 5128 2954 5168 semen
2973 5111 3136 5182 juxta
3167 5121 3339 5177 genus
3360 5119 3543 5172 suum,
3576 5103 3823 5175 lignum-

2117 5367 2418 5433 Norman.,
2452 5365 2789 5434 Compend.,
2824 5360 2991 5434 Corb.
3018 5362 3207 5434 Germ.

2189 5440 2260 5517 (ε)
2304 5429 2482 5517 A_pud_
2517 5429 2775 5517 Barthol.
2828 5438 2886 5488 et
2930 5433 3005 5488 al.
3042 5433 3225 5517 antiq.
3280 5431 3566 5517 i‘neertum
3614 5429 3825 5517 legitur

2114 5502 2275 5579 prius
2324 5502 2914 5579 inquietaveramtunc
2934 5524 2951 5569 ;
2986 5504 3233 5579 subinde
3279 5503 3432 5579 _C_oc.,
3456 5519 3571 5579 pro
3602 5502 3822 5579 inquie-

2118 5572 2349 5648 taveral,
2395 5572 2657 5650 reposuit
2702 5576 3092 5649 inquistatum.
3144 5576 3228 5631 Ab
3279 5575 3370 5632 bis
3402 5572 3820 5632 ad’ditamentis

2118 5651 2492 5723 purgavimus
2524 5654 2747 5707 textum
2773 5664 2880 5721 ope
2902 5651 3037 5706 Mss.
