4134 6174
285 236 400 295 759

1556 219 1830 283 SANCTI
1878 216 2245 280 GREGORll
2291 218 2536 282 MAGNI

3689 219 3797 280 760

285 388 385 445 que
404 370 619 445 faciens
646 371 912 438 fructum,
944 369 996 422 et
1025 365 1225 421 habens
1251 360 1667 432 unumquodque
1693 364 1990 414 sementem
2018 357 2069 425 Α
2104 363 2297 413 menta
2344 359 2513 414 etiam
2563 360 2634 414 ad
2683 374 2882 414 semen
2927 361 3241 428 reportant.
3300 361 3543 430 Frugem
3595 355 3806 427 quippe

281 458 580 514 secundum
607 458 836 530 speciem
865 471 1022 511 suam
1053 453 1260 525 (Genes.
1287 469 1327 517 1,
1362 450 1468 520 12).
1506 450 1747 519 Lignum
1779 445 1992 517 quippe

287 549 607 605 secundum
649 546 902 619 speciem
937 561 1101 602 suam
1135 557 1334 598 semen
1367 539 1794 612 producit,cum
1828 551 1995 590 mens

288 644 487 696 nostra
507 640 582 711 (a)
600 655 668 695 ex
692 653 755 694 se
777 633 1302 694 considerationem
1331 631 1389 686 in
1409 629 1655 686 alterum
1674 626 1910 698 colligit,
1937 629 1996 681 et

287 731 429 787 recti
462 730 651 802 operis
671 743 906 800 germen
930 725 1097 797 parit.
1127 723 1266 778 Hinc
1310 721 1546 793 quidam
1566 718 1797 790 sapiens
1819 717 1992 772 dicit:

288 818 449 889 Quod
479 817 580 873 tibi
616 833 725 873 non
761 818 838 871 vis
877 816 1022 884 ﬁeri,
1054 812 1216 867 alteri
1260 827 1330 865 ne
1367 811 1564 880 feceris
1594 807 1740 879 (Tob.
1776 822 1847 869 ιν,
1883 804 1994 873 16).

285 908 438 964 Hinc
477 907 534 962 in
578 904 884 976 Evangelia
923 902 1205 959 Dominus
1235 898 1411 957 dicit:
1448 898 1574 966 Qua:
1617 897 1783 952 vultis
1813 898 1873 950 ut
1901 896 1997 961 fa-

287 998 439 1052 ciant
487 995 635 1052 vobis
683 993 950 1060 homines,
1002 998 1052 1048 et
1092 1007 1179 1047 vos
1207 991 1394 1046 eadem
1433 989 1603 1058 facile
1631 985 1748 1041 illis
1777 984 1995 1057 (Matth.

287 1101 390 1150 vn,
428 1085 536 1156 12).
585 1087 664 1140 Ac
697 1084 748 1139 si
795 1091 987 1154 aperte
1035 1082 1287 1136 diceret:
1321 1079 1580 1150 Speciem
1631 1079 1886 1130 vestram
1939 1072 1995 1128 in

289 1171 464 1228 altero
521 1172 772 1240 visitata,
814 1174 990 1242 atque
1045 1185 1114 1224 ex
1171 1164 1607 1236 vobismetipsis
1647 1161 1997 1233 cognoscite,

289 1261 434 1334 quid
480 1277 579 1317 vos
626 1264 885 1332 oporteat
931 1259 1062 1315 aliis
1093 1258 1385 1314 exhibere.
1427 1254 1573 1310 Hinc
1633 1252 1845 1308 Paulus
1877 1251 1990 1306 ait:

288 1353 482 1407 Factus
524 1367 644 1406 sum
698 1349 904 1407 Iudaeis
962 1358 1220 1421 tanquam
1275 1345 1511 1414 Judzus,
1565 1347 1625 1399 ut
1661 1342 1868 1399 Iudaeas
1908 1340 2004 1396 lu-

290 1457 518 1503 crarer;
555 1451 606 1497 et
633 1441 718 1495 his
761 1440 855 1511 qui
894 1439 989 1494 sub
1022 1438 1139 1507 lege
1179 1445 1324 1504 sunt,
1357 1436 1519 1507 quasi
1545 1433 1645 1490 sub
1677 1433 1790 1504 lege
1809 1447 2000 1501 essem,

291 1547 416 1588 cum
455 1532 569 1595 ipse
605 1546 713 1586 non
755 1545 923 1585 essem
953 1529 1048 1583 sub
1081 1530 1216 1599 lege,
1249 1534 1311 1582 ut
1341 1542 1427 1582 eos
1461 1525 1556 1597 qui
1585 1524 1682 1578 sub
1707 1523 1822 1591 lege
1842 1523 2002 1576 erant

294 1621 718 1691 lucri/acerem;
759 1627 809 1674 et
851 1618 939 1673 his
986 1620 1080 1688 qui
1107 1619 1226 1672 sine
1259 1619 1374 1686 lege
1398 1621 1527 1670 sunt
1558 1612 1715 1684 quasi
1736 1613 1854 1667 sine
1884 1611 2004 1679 lege

2099 449 2170 508 ad
2221 465 2384 505 esum
2427 448 2600 504 etiam
2642 447 2807 504 liberi
2847 447 3191 520 accipimus,
3234 464 3366 504 cum
3399 452 3454 504 et
3498 462 3666 503 sacro
3697 445 3810 503 elo-

2100 539 2235 610 quia
2285 538 2600 610 pascimur,
2661 541 2717 594 et
2764 543 2953 592 tamen
3000 539 3070 593 ad
3120 537 3407 610 quaedam,
3450 553 3578 609 quas
3612 536 3669 591 in
3706 535 3810 591 hoc

2102 629 2321 683 mundo
2336 628 2729 700 appetimusin
2755 627 2969 684 nostris
2990 627 3382 698 voluptatibus
3415 629 3486 699 (c)
3503 640 3811 698 vagamur.

2101 717 2212 772 Sed
2261 717 2410 772 servi
2465 717 2620 785 facti,
2670 720 2726 772 et
2757 717 2828 772 ad
2880 733 3074 773 semen
3110 717 3401 773 frumenta
3429 715 3814 788 percipimus,

2102 807 2238 877 quia
2267 808 2404 861 dum
2435 807 2595 877 plene
2617 806 2733 862 Deo
2757 806 3082 876 subdimur,
3115 808 3288 862 etiam
3317 807 3489 863 verbo
3539 804 3819 878 praedica-

2105 896 2276 951 tionis
2310 897 2617 968 replemur.
2677 897 2744 951 Et
2776 895 3050 966 quoniam
3085 912 3297 969 magna
3329 897 3516 968 proles
3549 893 3817 950 ﬁdelium

2104 985 2388 1056 sequitur,
2409 1001 2539 1042 cum
2554 990 2760 1041 sancta
2774 985 3101 1056 praedicatio
3126 991 3502 1058 prierogatur,
3521 988 3654 1057 post
3669 983 3818 1039 mul-

2104 1074 2472 1146 tiplicitatem
2515 1075 2755 1132 seminis
2800 1083 2947 1131 recte
2981 1075 3360 1147 subjungitur
3399 1077 3502 1132 :Et
3527 1074 3818 1146 progenies

2107 1171 2201 1219 tua
2250 1163 2393 1218 sicut
2440 1164 2607 1221 herba
2654 1168 2838 1222 terra.
2893 1164 3051 1220 Justi
3096 1165 3397 1237 progenies
3427 1165 3625 1220 herbae
3657 1171 3815 1218 terra:

2105 1259 2499 1325 comparatur,
2550 1255 2690 1325 quia
2737 1254 2834 1326 qui
2885 1257 2956 1310 de
3004 1256 3133 1324 ejus
3171 1253 3495 1309 imitatione
3527 1253 3814 1322 nascitur,

2105 1345 2244 1400 dum
2278 1352 2534 1400 arentem
2564 1344 2692 1399 vitae
2724 1345 3024 1415 praesentis
3055 1344 3297 1416 gloriam
3328 1344 3562 1412 deserit,
3595 1343 3675 1414 (ἀ)
3717 1359 3824 1413 spe

2106 1435 2168 1491 in
2218 1440 2432 1491 aaterna
2479 1435 2788 1490 viridescit.
2835 1434 2936 1489 Vel
2980 1436 3303 1506 certejusti
3327 1434 3633 1506 progenies
3662 1434 3828 1489 sicut

2107 1525 2283 1582 herba
2305 1525 2505 1594 oritur,
2530 1526 2668 1595 quia
2689 1525 2830 1580 dum
2853 1525 3094 1582 vivendo
3119 1531 3410 1582 monstrat
3431 1525 3585 1596 quod
3616 1522 3828 1596 prsedi-

2108 1616 2292 1671 cando
2327 1614 2550 1685 asserit,
2595 1614 2909 1672 multitudo
2953 1615 3323 1688 sequentium
3371 1613 3828 1671 innumerabilis

291 1728 484 1776 essem,
535 1727 662 1767 cum
700 1710 819 1766 sine
849 1711 964 1779 lege
996 1708 1091 1764 Dei
1118 1724 1230 1763 non
1261 1722 1445 1776 essem,
1477 1704 1571 1760 sed
1603 1706 1664 1759 in
1696 1703 1810 1772 lege
1831 1717 2002 1756 essem
2033 1721 2081 1789 Β
2113 1706 2387 1777 exsurgit.
2411 1707 2518 1761 Sed
2553 1706 2959 1777 quisquisjam
2983 1711 3210 1762 terrena
3234 1706 3528 1762 desideria
3548 1702 3828 1777 despicit,

297 1800 528 1857 Christi.
560 1801 608 1870 (Ι
626 1800 749 1856 Cor.
777 1815 854 1867 Ix,
885 1799 956 1853 20
985 1802 1036 1853 et
1065 1798 1177 1868 2i).
1212 1800 1278 1850 Et
1320 1795 1492 1866 paulo
1527 1796 1658 1865 post
1690 1812 1708 1847 :
1737 1791 2005 1850 Omnibus

296 1893 491 1948 omnia
517 1893 696 1961 factus
725 1906 866 1958 sum,
888 1898 951 1944 ut
994 1904 1177 1945 omnes
1214 1889 1458 1957 facerem
1486 1885 1660 1941 salvos
1683 1882 1865 1953 (Ibid.,
1889 1880 2003 1951 23).

296 1982 496 2053 Neque
544 1980 703 2036 enim
736 1977 999 2050 egregius
1050 1977 1409 2048 praedicator,
1442 1979 1506 2029 ut
1553 1971 1723 2045 quasi
1770 1971 2006 2026 Judaaus

299 2073 483 2140 fieret,
531 2071 604 2126 ad
639 2068 942 2141 perfidiam
973 2067 1202 2139 erupit;
1236 2080 1426 2136 neque
1457 2067 1519 2119 ut
1541 2062 1710 2135 quasi
1744 2061 1854 2117 sub
1885 2059 2009 2130 lege

299 2163 470 2230 esset,
498 2159 568 2214 ad
591 2157 827 2214 carnale
848 2155 1202 2212 sacrificium
1227 2155 1395 2210 rediit
1417 2171 1431 2221 ;
1453 2168 1638 2223 neque
1662 2148 2010 2206 utomnibus

301 2248 498 2306 omnia
521 2248 699 2312 fieret,
733 2245 1160 2318 simplicitatem
1194 2244 1403 2300 mentis
1435 2243 1494 2298 in
1520 2241 1731 2298 erroris
1760 2239 2009 2296 varieta-

301 2345 416 2397 tem
448 2337 833 2397 commutavit
866 2353 878 2403 ;
912 2337 1010 2393 sed
1040 2334 1561 2392 condescendendo
1590 2330 2013 2404 appropinqua-

300 2430 382 2485 vit
410 2428 771 2495 inﬁdelibus,
802 2442 921 2483 non
943 2426 1204 2482 cadendo
1238 2443 1252 2493 ;
1289 2424 1631 2481 utvidelicet
1667 2419 1929 2493 singulos
1953 2418 2013 2475 in

304 2537 366 2578 se
413 2519 761 2593 suscipiens,
792 2523 849 2575 et
890 2533 954 2574 se
987 2519 1044 2574 in
1094 2516 1352 2587 singulos
1383 2515 1823 2586 transﬁgurans,
1852 2528 2014 2569 com-

301 2612 576 2684 patiendo
625 2609 949 2682 colligeret,
997 2610 1044 2666 si
1092 2608 1170 2664 ita
1223 2608 1377 2664 206
1424 2607 1570 2678 ipse,
1616 2610 1680 2662 ut
1718 2605 1827 2672 illi,
1859 2609 2017 2660 esset

304 2700 448 2774 quid
490 2698 754 2773 impendi
804 2697 916 2756 sibi
956 2698 1028 2756 ab
1060 2697 1188 2754 aliis
1231 2701 1387 2753 recte
1417 2696 1693 2753 voluisset
1723 2714 1737 2763 ;
1770 2698 1826 2750 et
1855 2697 2014 2750 tanto

303 2789 498 2847 verius
528 2790 848 2862 unicuique
876 2788 1091 2846 erranti
1127 2791 1518 2853 concurreret,
1551 2790 1770 2856 quanto
1805 2783 2014 2839 salutis

304 2883 430 2953 ejus
479 2881 717 2936 modum
777 2895 844 2935 ex
899 2879 1135 2951 propria
1188 2875 1650 2934 consideratione
1689 2874 2010 2930 didicisset.

304 2971 458 3025 Bene
502 2984 638 3039 ergo
679 2966 930 3023 dicitur:
965 2969 1027 3022 Et
1059 2967 1296 3022 visitans
1324 2969 1552 3036 speciem
1579 2974 1730 3020 tuam
1759 2979 1869 3019 non
1897 2979 2015 3034 pec-

2115 1796 2386 1868 quisquis
2435 1811 2495 1851 se
2549 1811 2650 1866 per
2690 1797 2880 1850 activae
2924 1796 3052 1851 vitai
3092 1813 3267 1868 opera
3298 1795 3581 1859 extendit,
3608 1810 3833 1866 nequa-

2116 1902 2291 1957 quam
2326 1886 2378 1940 ei
2410 1885 2627 1940 sufﬁcit
2656 1903 2863 1957 magna
2895 1885 3146 1942 exterius
3169 1903 3360 1960 agere,
3384 1887 3497 1942 nisi
3523 1887 3695 1941 etiam
3720 1899 3833 1956 per

2117 1973 2668 2046 contemplationem
2711 1975 2898 2031 valeat
2937 1977 3164 2032 interna
3189 1980 3515 2048 penetrare.
3549 1973 3711 2030 Unde
3766 1976 3836 2027 et

2117 2071 2245 2135 apte
2276 2063 2542 2134 protinus
2573 2064 2968 2120 subinfertur:

2515 2151 2747 2208 CAPUT
2786 2152 3028 2210 XXXVII
3068 2154 3207 2226 [Rec.
3243 2154 3419 2226 XVII].

2194 2242 2358 2298 Vens.
2407 2244 2495 2297 26.
2529 2273 2598 2285 —-
2628 2243 2957 2313 Ingredieris
3004 2247 3067 2301 in
3114 2245 3456 2301 abundantia
3496 2242 3838 2315 sepulcrum,

2121 2335 2262 2388 sicut
2296 2334 2532 2402 infertur
2559 2350 2780 2389 acervus
2811 2333 2986 2389 tritici
3016 2334 3071 2390 in
3106 2343 3348 2406 tempore
3373 2351 3490 2391 suo.

2192 2422 2280 2477 56.
2318 2422 2423 2489 Qui
2445 2438 2670 2479 carnem
2703 2423 2934 2492 domuit,
2957 2424 3408 2496 contemplationi
3436 2439 3628 2481 vacare
3649 2423 3842 2478 debet.

2124 2513 2188 2566 Et
2218 2513 2311 2582 qui
2334 2509 2717 2582 prmdicationi
2737 2527 2957 2582 operam
2977 2513 3090 2567 dat.
3120 2543 3180 2553 -—
3204 2513 3350 2576 Quid
3383 2513 3539 2568 enim
3571 2508 3846 2582 sepulcri

2125 2599 2381 2665 nomine,
2433 2597 2545 2654 nisi
2597 2598 3048 2670 contemplativa
3090 2599 3207 2654 vita
3252 2599 3532 2671 signatur,
3566 2614 3688 2669 quae
3717 2612 3850 2653 nos

2124 2687 2292 2759 quasi
2322 2686 2394 2741 ab
2428 2687 2534 2742 hoc
2565 2686 2784 2742 mundo
2810 2691 3068 2744 mortuos
3091 2689 3316 2760 sepelit,
3344 2688 3482 2744 dum
3518 2705 3551 2743 a
3577 2685 3852 2742 terrenis

2123 2777 2425 2834 desideriis
2447 2778 2820 2848 susceptosin
2844 2777 3070 2834 intimis
3094 2779 3397 2835 abscondit
3413 2778 3439 2832 ?
3457 2777 3539 2834 Ab
3561 2775 3854 2833 exteriori

2125 2868 2338 2940 quippe
2369 2867 2484 2922 vita
2516 2867 2725 2922 mortui
2759 2867 2936 2923 etiam
2971 2868 3183 2938 sepulti
3235 2883 3334 2938 per
3381 2865 3856 2938 contemplatio-

2124 2972 2256 3012 nem
2311 2957 2557 3020 fuerant,
2607 2956 2822 3026 quibus
2864 2957 3080 3012 Paulus
3138 2957 3411 3012 dicebat:
3463 2954 3656 3011 Mortui
3683 2957 3858 3010 enim

304 3058 472 3126 cabis,
507 3056 642 3128 quia
668 3063 805 3112 tunc
834 3060 1135 3126 peccatum
1160 3055 1329 3127 plene
1359 3054 1631 3123 vincitur,
1657 3069 1788 3110 cum
1811 3070 1879 3109 ex
1910 3069 2018 3109 sua
2046 3044 2092 3116 G
2129 3048 2282 3112 estis,
2303 3049 2353 3100 et
2393 3046 2504 3100 vita
2545 3054 2722 3100 vestra
2768 3045 3084 3101 abscondita
3131 3051 3207 3102 est
3243 3063 3365 3101 cum
3396 3044 3606 3102 Christo
3635 3045 3694 3099 in
3726 3045 3862 3100 Deo

307 3146 690 3204 similitudine
751 3145 1159 3217 unusquisque
1224 3143 1549 3215 perpendit,
1606 3144 1896 3215 quomodo
1954 3143 2015 3199 in

306 3235 556 3309 proximi
596 3234 904 3290 dilectione
943 3234 1236 3289 dilatetur.
1285 3235 1429 3290 Cum
1474 3249 1609 3289 vero
1639 3250 1672 3288 a
1702 3232 1855 3288 vitiis
1885 3248 2016 3287 caro

307 3323 706 3396 restringitur,
729 3339 858 3380 cum
895 3339 1058 3379 mens
1095 3322 1407 3378 virtutibus
1430 3326 1749 3393 exercetur,
1770 3325 2020 3378 restatut

308 3414 600 3486 loquendo
650 3414 897 3486 quisque
945 3415 1145 3470 doceat
1184 3414 1361 3470 vitam
1401 3430 1577 3486 quam
1611 3413 1868 3470 moribus
1900 3430 2019 3470 ser-

311 3508 430 3560 vat.
464 3503 482 3575 [
516 3504 625 3561 Yet.
664 3502 861 3575 XXIV.]
895 3502 998 3559 Ille
1038 3519 1290 3574 namque
1322 3501 1526 3560 uberes
1559 3503 1787 3558 fructus
1810 3502 2018 3575 praedi-

314 3593 558 3651 cationis
604 3591 848 3664 colligit,
881 3593 979 3664 qui
1017 3592 1241 3649 semina
1281 3593 1444 3649 bonas
1493 3593 1846 3666 operationis
1886 3610 2024 3664 prce-

316 3684 520 3742 mittit.
549 3683 712 3740 Unde
734 3687 866 3755 post
887 3699 1089 3754 pacem
1114 3682 1558 3751 tabernaeuli,et
1578 3683 1786 3754 speciei
1810 3689 2022 3740 nostrae

317 3774 730 3842 visitationem,
763 3778 916 3830 recte
947 3773 1326 3843 subjungitur
1358 3790 1371 3828 :

916 3860 1146 3918 CAPUT
1184 3861 1441 3918 XXXVI.

388 3952 568 4009 Vens.
599 3953 690 4010 25.
720 3980 791 3993 —
821 3952 895 4007 Et
932 3952 1066 4008 scies
1101 3953 1360 4023 quoniam
1390 3951 1684 4023 multiplex
1711 3952 1816 4008 erit
1846 3966 2027 4008 semen

319 4049 498 4110 tuum,
528 4045 579 4100 et
596 4043 898 4113 progenies
927 4044 1024 4097 tua
1051 4043 1192 4096 sicut
1223 4041 1391 4097 herba
1422 4046 1601 4097 terrae.

392 4133 482 4188 55.
535 4131 730 4188 Semen
772 4132 909 4202 iusti
950 4130 1269 4202 multiplex.
1321 4161 1389 4171 —
1421 4129 1556 4186 Post
1588 4146 1784 4200 pacem
1816 4131 2030 4202 quippe

325 4222 702 4285 tabernaculi.
733 4227 864 4294 post
892 4221 1103 4293 speciei
1137 4227 1345 4279 nostrae
1377 4221 1798 4289 visitationem,
1830 4236 2031 4277 semen

323 4311 1009 4385 justimultiplexsurgit,
1033 4311 1168 4382 quia
1182 4311 1458 4367 nimirum
1480 4317 1612 4382 post
1636 4311 2030 4366 membrorum

2125 3137 2323 3209 (Catos.
2379 3152 2460 3204 III,
2509 3135 2585 3206 3).
2621 3135 2768 3206 [νει.
2813 3136 2977 3207 XXV.]
3010 3137 3209 3193 Activa
3240 3153 3470 3208 quoque
3505 3135 3616 3191 vita
3643 3133 3867 3204 sepul-

2127 3242 2293 3284 crum
2332 3232 2438 3290 est,
2472 3225 2612 3296 quia
2641 3243 2674 3282 a
2705 3226 2892 3296 pravis
2925 3243 3030 3282 nos
3069 3227 3340 3298 operibus
3373 3231 3626 3282 mortuos
3657 3225 3862 3294 tegit;

2129 3315 2232 3375 sed
2278 3314 2726 3386 contemplativa
2769 3316 3083 3387 perfectius
3121 3316 3345 3387 sepelit,
3396 3316 3532 3388 quia
3561 3313 3869 3370 acunctis

2133 3407 2335 3464 mundi
2357 3407 2684 3462 actionibus
2710 3407 2973 3463 funditus
3000 3407 3226 3463 dividit.
3252 3406 3534 3477 Quisquis
3556 3420 3689 3476 ergo
3716 3403 3862 3472 iam

2132 3500 2192 3555 in
2241 3513 2299 3554 se
2330 3495 2717 3553 contumelias
2749 3496 2898 3552 201
2934 3497 3127 3553 carnis
3158 3497 3448 3563 edomuit,
3481 3496 3744 3567 superest
3787 3503 3869 3550 ut

2134 3593 2382 3646 mentem
2437 3603 2538 3660 per
2585 3587 2778 3644 studia
2819 3592 3032 3643 sanctae
3078 3586 3429 3658 operationis
3458 3588 3751 3650 exerceat;
3797 3590 3875 3640 et

2135 3680 2404 3752 quisquis
2446 3679 2570 3750 jam
2621 3682 2876 3734 mentem
2927 3694 3024 3749 per
3054 3683 3254 3733 sancta
3286 3693 3463 3749 opera
3491 3675 3714 3738 dilatat,
3749 3691 3877 3730 su-

2137 3777 2327 3840 perest
2364 3777 2423 3824 ut
2469 3768 2620 3824 hanc
2649 3784 2834 3838 usque
2863 3767 2934 3823 ad
2969 3773 3191 3824 secreta
3221 3767 3440 3822 intima:
3472 3761 3864 3834 contempla.-

2135 3859 2314 3915 tionis
2359 3858 2552 3914 studia
2589 3857 2877 3913 extendat.
2909 3855 3107 3928 Neque
3137 3856 3288 3913 enim
3323 3857 3602 3928 perfectus
3631 3853 3798 3925 praad
3813 3854 3878 3908 i-

2137 3957 2290 4005 cator
2337 3951 2445 4016 est,
2495 3946 2594 4018 qui
2639 3946 2725 4002 vel
2776 3954 3004 4017 propter
3042 3945 3549 4018 contemplationis
3571 3942 3859 4002 studium

2139 4040 2428 4112 operanda
2469 4037 2734 4110 negligit,
2773 4037 2860 4093 vel
2883 4043 3117 4110 propter
3135 4037 3479 4109 operationis
3510 4036 3873 4093 instantiam

2141 4127 2591 4199 contemplanda
2631 4127 2944 4198 postponit.
2992 4128 3138 4184 Hinc
3177 4136 3264 4184 est
3294 4127 3448 4184 enim
3484 4127 3634 4197 quod
3665 4125 3878 4182 Abra-

2142 4219 2279 4274 ham
2328 4216 2633 4288 conjugem
2674 4224 2959 4271 mortuam
3006 4217 3067 4272 in
3099 4216 3364 4287 sepulcro
3395 4214 3612 4286 duplici
3643 4214 3883 4284 sepelit

2142 4308 2349 4378 (Genes.
2393 4323 2557 4373 xxm,
2607 4306 2732 4375 19);
2767 4305 2906 4376 quia
2947 4306 3228 4362 nimirum
3279 4306 3570 4377 perfectus
3597 4304 3880 4374 quisque

331 4400 805 4472 macerationem,
857 4418 924 4459 ac
967 4418 1197 4459 morum
1247 4402 1735 4474 magnitudinem,
1778 4405 1935 4457 tanto
1984 4401 2037 4456 ei
2067 4407 2117 4475 Ῑ)
2150 4397 2488 4471 ρτωάίοαιοι·
2535 4396 2885 4451 exstinctam
2942 4413 2974 4451 a
3031 4396 3335 4468 praesentis
3384 4396 3510 4451 vita
3550 4392 3883 4452 desideriis

334 4490 642 4548 fecundius
675 4492 1100 4562 praedicationis
1119 4494 1349 4549 verbum
1369 4495 1898 4565 tribuitur,quanto
1927 4494 2040 4550 hoc

333 4582 394 4636 in
425 4580 552 4650 ejus
584 4584 812 4651 pectore
842 4581 1078 4652 perfecti
1102 4583 1294 4654 operis
1316 4584 1642 4639 exaratione
1672 4584 2041 4655 praevenitur.

336 4669 439 4726 Ille
479 4685 729 4740 namque
776 4669 922 4727 bene
969 4669 1246 4742 loquendi
1297 4674 1630 4729 facundiam
1667 4674 1900 4746 accipit,
1941 4673 2042 4744 qui

337 4760 534 4817 sinum
556 4758 749 4815 cordis
766 4759 838 4831 (b)
870 4776 972 4832 per
1001 4766 1154 4817 recte
1171 4762 1395 4818 vivendi
1419 4763 1614 4819 studia
1629 4764 1905 4820 extendit.
1929 4767 2045 4820 Nec

338 4853 675 4924 loquentem
730 4851 1082 4906 conscientia
1124 4853 1422 4923 praepedit,
1468 4869 1600 4909 cum
1631 4854 1751 4910 vita
1780 4854 2045 4926 linguam

339 4940 647 4998 antecedit.
690 4939 834 4996 llinc
881 4945 971 4997 est
1013 4942 1163 5012 quod
1213 4942 1459 5013 Egypti,
1509 4943 1743 4998 servitio
1789 4943 2046 5014 publico,

337 5030 549 5102 Ioseph
617 5030 1014 5100 dispensante,
1057 5030 1302 5102 subjecti
1327 5029 1536 5102 (Genes.
1566 5048 1737 5099 xum,
1765 5031 1838 5084 2O
1867 5046 1975 5100 seq.
2001 5031 2045 5102 );

341 5136 475 5175 cum
521 5121 636 5192 juri
691 5121 842 5194 regis
872 5121 1214 5192 semetipsos
1236 5125 1531 5177 tradentes
1562 5120 1900 5190 humiliant,
1925 5119 2048 5173 fru-

412 5347 493 5416 (a)
523 5345 694 5413 Editi,
717 5363 786 5403 ex
812 5352 902 5404 sui
916 5350 1344 5406 consideratione
1372 5367 1429 5406 se
1457 5352 1515 5405 in
1545 5350 1649 5406 alt.
1681 5349 1807 5404 coll.
1838 5349 2046 5405 Veram

345 5415 498 5553 ἓξὲξ..
529 5421 986 5544 :tucppeditarunt
1036 5422 1172 5479 Mss.
1219 5423 1554 5494 Compend.,
1603 5421 1728 5477 Val.
1773 5421 1878 5489 CL,
1930 5422 2047 5477 Tu-

394 5559 498 5642 .(b)
531 5560 592 5643 in
627 5559 754 5643 Ed._,
786 5575 884 5630 pro
911 5577 1009 5643 per
1036 5573 1177 5643 recte
1212 5567 1448 5636 vivendi,
1481 5566 1659 5622 habes
1703 5566 1772 5621 ad
1805 5567 2048 5637 perfecte

345 5629 587 5696 vivendi,
622 5629 1069 5689 reclamantibus
1101 5637 1240 5691 Mss.

419 5703 493 5777 (ε)
543 5702 636 5762 Sic
692 5701 912 5772 Norm.,
961 5703 1108 5761 Corb
1155 5708 1372 5778 Germ.,
1422 5709 1580 5766 Colb.
1613 5715 1669 5769 et
1698 5709 1914 5782 Germ.,
1950 5709 2046 5769 ubi

2149 4487 2406 4543 animam
2469 4500 2659 4553 suam,
2706 4485 2817 4542 sub
2869 4485 3027 4541 bonae
3077 4484 3434 4558 operationis
3494 4482 3746 4554 tegmine
3808 4489 3886 4541 et

2150 4575 2658 4647 contemplationis
2686 4574 3013 4642 abscondit,
3047 4579 3111 4630 ut
3141 4593 3174 4631 a
3204 4575 3420 4630 carnali
3444 4571 3885 4645 concupiscen-

2152 4669 2230 4724 tia
2261 4669 2367 4724 sub
2405 4667 2590 4723 activa
2639 4665 3211 4737 contemplativaque
3259 4665 3378 4721 vita
3409 4665 3580 4736 quasi
3613 4664 3883 4721 insensi-

2153 4757 2286 4813 bilis
2337 4758 2533 4822 lateat,
2583 4771 2710 4827 quia
2760 4755 2922 4826 prius
2973 4755 3180 4811 mundi
3231 4755 3517 4811 desideria
3575 4753 3884 4822 sentiens,

2155 4845 2477 4902 mortaliter
2522 4844 2768 4900 vivebat.
2820 4843 2965 4900 Hinc
3011 4851 3098 4900 est
3155 4844 3306 4914 quod
3350 4842 3583 4899 humani
3632 4843 3883 4914 generis

2154 4937 2504 5008 Redemptor
2526 4950 2627 5005 per
2656 4933 2810 4989 diem
2833 4933 3119 4990 miracula
3147 4933 3206 4988 in
3240 4932 3484 4988 urbibus
3516 4931 3764 4994 exhibet,
3802 4939 3880 4990 et

2154 5026 2227 5081 ad
2257 5024 2534 5082 orationis
2566 5023 2897 5081 studiumin
2933 5027 3128 5080 monte
3159 5027 3474 5096 pernoctat,
3498 5026 3564 5078 ut
3592 5022 3880 5094 perfectis

2159 5115 2422 5173 videlicet
2443 5113 2919 5186 praedicatoribus
2942 5113 3146 5169 innuat
3168 5117 3456 5186 quatenus
3478 5129 3585 5169 nec
3610 5112 3876 5170 activam

2156 5350 2308 5406 Editi
2360 5349 2599 5414 habent,
2652 5350 2712 5402 in
2757 5348 2962 5404 nostris
3004 5347 3212 5418 volupt.
3265 5363 3545 5404 vacamus.
3599 5348 3750 5407 Utic.
3813 5356 3878 5407 et

2156 5423 2338 5493 Bigot.
2375 5426 2683 5491 utramque
2704 5419 3024 5493 lectionem
3042 5418 3333 5493 exhibent.

2227 5490 2305 5565 ((1)
2341 5493 2439 5548 Hic
2461 5490 2694 5565 variant
2712 5491 2847 5547 Mss.
2880 5490 3122 5565 Vindoc.
3149 5491 3382 5558 habent,
3409 5494 3592 5565 inispe
3623 5495 3872 5562 interna,

2156 5563 2398 5640 Gemet.,
2447 5564 2629 5640 Co_rb_._
2663 5563 3030 5640 Germ._,__spe
3081 5563 3153 5640 in_
3185 5563 3696 5640 .2terna._Ebroic.,
3719 5581 3877 5640 sape

2156 5635 2216 5690 in
2246 5645 2452 5692 aeterna
2485 5634 2779 5692 viridescit.
2806 5634 2980 5702 Editi,
3010 5651 3103 5705 spe
3132 5633 3352 5692 interna
3379 5635 3543 5694 virid.
