  <div class='ocr_page' id='page_1' title='image "/cluster/home/n/w/nwhite01/storage/ocr_20150623/75/hvd.32044054758800/386.png"; bbox 0 0 4134 6174; ppageno 0'>
   <div class='ocr_carea' id='block_1_1' title="bbox 221 245 327 303">
    <p class='ocr_par' dir='ltr' id='par_1_1' title="bbox 221 245 327 303">
     <span class='ocr_line' id='line_1_1' title="bbox 221 245 327 303; baseline 0.019 -2"><span class='ocrx_word' id='word_1_1' title='bbox 221 245 327 303; x_wconf 79' lang='grc'>’761</span> 
     </span>
    </p>
   </div>
   <div class='ocr_carea' id='block_1_2' title="bbox 1160 234 2812 300">
    <p class='ocr_par' dir='ltr' id='par_1_2' title="bbox 1160 234 2812 300">
     <span class='ocr_line' id='line_1_2' title="bbox 1160 234 2812 300; baseline 0 -4"><span class='ocrx_word' id='word_1_2' title='bbox 1160 236 1581 300; x_wconf 82' lang='lat' dir='ltr'>MORALIUM</span> <span class='ocrx_word' id='word_1_3' title='bbox 1628 237 1771 297; x_wconf 85' lang='lat' dir='ltr'>LIB.</span> <span class='ocrx_word' id='word_1_4' title='bbox 1821 234 1922 296; x_wconf 87' lang='lat' dir='ltr'>Vl.</span> <span class='ocrx_word' id='word_1_5' title='bbox 1971 268 2046 282; x_wconf 91' lang='lat'>—-</span> <span class='ocrx_word' id='word_1_6' title='bbox 2091 237 2166 296; x_wconf 81' lang='grc' dir='ltr'>ΙΝ</span> <span class='ocrx_word' id='word_1_7' title='bbox 2213 236 2390 298; x_wconf 82' lang='lat' dir='ltr'>CAP.</span> <span class='ocrx_word' id='word_1_8' title='bbox 2440 239 2490 299; x_wconf 88' lang='lat' dir='ltr'><strong>V</strong></span> <span class='ocrx_word' id='word_1_9' title='bbox 2534 238 2604 298; x_wconf 91' lang='lat' dir='ltr'>B.</span> <span class='ocrx_word' id='word_1_10' title='bbox 2649 237 2812 299; x_wconf 85' lang='lat' dir='ltr'>JOB.</span> 
     </span>
    </p>
   </div>
   <div class='ocr_carea' id='block_1_3' title="bbox 3628 243 3744 303">
    <p class='ocr_par' dir='ltr' id='par_1_3' title="bbox 3628 243 3744 303">
     <span class='ocr_line' id='line_1_3' title="bbox 3628 243 3744 303; baseline 0.017 -2"><span class='ocrx_word' id='word_1_11' title='bbox 3628 243 3744 303; x_wconf 83' lang='lat'>762</span> 
     </span>
    </p>
   </div>
   <div class='ocr_carea' id='block_1_4' title="bbox 217 372 3742 448">
    <p class='ocr_par' dir='ltr' id='par_1_4' title="bbox 217 372 3742 448">
     <span class='ocr_line' id='line_1_4' title="bbox 217 372 3742 448; baseline 0.001 -15"><span class='ocrx_word' id='word_1_12' title='bbox 217 378 392 433; x_wconf 81' lang='lat' dir='ltr'>vitam</span> <span class='ocrx_word' id='word_1_13' title='bbox 444 392 639 434; x_wconf 90' lang='lat' dir='ltr'>amore</span> <span class='ocrx_word' id='word_1_14' title='bbox 677 375 1090 448; x_wconf 88' lang='lat' dir='ltr'>speculationis</span> <span class='ocrx_word' id='word_1_15' title='bbox 1149 374 1415 430; x_wconf 81' lang='lat' dir='ltr'>funditus</span> <span class='ocrx_word' id='word_1_16' title='bbox 1473 375 1760 440; x_wconf 77' lang='lat' dir='ltr'>deserant,</span> <span class='ocrx_word' id='word_1_17' title='bbox 1822 388 1927 429; x_wconf 90' lang='lat' dir='ltr'>nec</span> <span class='ocrx_word' id='word_1_18' title='bbox 1957 372 2008 440; x_wconf 80' lang='grc' dir='ltr'><strong>Α</strong></span> <span class='ocrx_word' id='word_1_19' title='bbox 2040 376 2114 426; x_wconf 88' lang='lat' dir='ltr'>est</span> <span class='ocrx_word' id='word_1_20' title='bbox 2145 374 2248 429; x_wconf 81' lang='lat' dir='ltr'>tibi</span> <span class='ocrx_word' id='word_1_21' title='bbox 2275 391 2396 428; x_wconf 87' lang='lat' dir='ltr'>cum</span> <span class='ocrx_word' id='word_1_22' title='bbox 2427 391 2533 431; x_wconf 85' lang='lat' dir='ltr'>uno</span> <span class='ocrx_word' id='word_1_23' title='bbox 2553 375 2703 431; x_wconf 86' lang='lat' dir='ltr'>oculo</span> <span class='ocrx_word' id='word_1_24' title='bbox 2735 375 2796 429; x_wconf 87' lang='lat' dir='ltr'>in</span> <span class='ocrx_word' id='word_1_25' title='bbox 2817 373 2986 429; x_wconf 90' lang='lat' dir='ltr'>vitam</span> <span class='ocrx_word' id='word_1_26' title='bbox 3017 373 3246 444; x_wconf 84' lang='lat' dir='ltr'>intrare,</span> <span class='ocrx_word' id='word_1_27' title='bbox 3269 393 3432 447; x_wconf 87' lang='lat' dir='ltr'>quam</span> <span class='ocrx_word' id='word_1_28' title='bbox 3454 377 3587 433; x_wconf 84' lang='lat' dir='ltr'>duos</span> <span class='ocrx_word' id='word_1_29' title='bbox 3615 395 3742 435; x_wconf 86' lang='lat' dir='ltr'>ocu-</span> 
     </span>
    </p>
   </div>
   <div class='ocr_carea' id='block_1_5' title="bbox 219 463 1922 538">
    <p class='ocr_par' dir='ltr' id='par_1_5' title="bbox 219 463 1922 538">
     <span class='ocr_line' id='line_1_5' title="bbox 219 463 1922 538; baseline -0.004 -16"><span class='ocrx_word' id='word_1_30' title='bbox 219 466 729 538; x_wconf 87' lang='lat' dir='ltr'>contemplationis</span> <span class='ocrx_word' id='word_1_31' title='bbox 759 466 971 537; x_wconf 90' lang='lat' dir='ltr'>gaudia</span> <span class='ocrx_word' id='word_1_32' title='bbox 1003 464 1235 535; x_wconf 82' lang='lat' dir='ltr'>penitus</span> <span class='ocrx_word' id='word_1_33' title='bbox 1253 463 1605 535; x_wconf 75' lang='lat' dir='ltr'>operationis</span> <span class='ocrx_word' id='word_1_34' title='bbox 1627 463 1922 518; x_wconf 79' lang='lat' dir='ltr'>nimietate</span> 
     </span>
    </p>
   </div>
   <div class='ocr_carea' id='block_1_6' title="bbox 217 551 1922 624">
    <p class='ocr_par' dir='ltr' id='par_1_6' title="bbox 217 551 1922 624">
     <span class='ocr_line' id='line_1_6' title="bbox 217 551 1922 624; baseline -0.004 -14"><span class='ocrx_word' id='word_1_35' title='bbox 217 558 594 611; x_wconf 78' lang='lat' dir='ltr'>contemnant</span> <span class='ocrx_word' id='word_1_36' title='bbox 615 572 628 610; x_wconf 93' lang='lat'><strong>:</strong></span> <span class='ocrx_word' id='word_1_37' title='bbox 649 555 743 610; x_wconf 91' lang='lat' dir='ltr'>sed</span> <span class='ocrx_word' id='word_1_38' title='bbox 770 555 948 624; x_wconf 82' lang='lat' dir='ltr'>quieti</span> <span class='ocrx_word' id='word_1_39' title='bbox 974 552 1431 624; x_wconf 79' lang='lat' dir='ltr'>contemplantes</span> <span class='ocrx_word' id='word_1_40' title='bbox 1452 553 1745 618; x_wconf 89' lang='lat' dir='ltr'>sorbeant,</span> <span class='ocrx_word' id='word_1_41' title='bbox 1770 551 1922 622; x_wconf 88' lang='lat' dir='ltr'>quod</span> 
     </span>
    </p>
   </div>
   <div class='ocr_carea' id='block_1_7' title="bbox 217 643 1925 718">
    <p class='ocr_par' dir='ltr' id='par_1_7' title="bbox 217 643 1925 718">
     <span class='ocr_line' id='line_1_7' title="bbox 217 643 1925 718; baseline -0.002 -17"><span class='ocrx_word' id='word_1_42' title='bbox 217 646 486 717; x_wconf 78' lang='lat' dir='ltr'>occupati</span> <span class='ocrx_word' id='word_1_43' title='bbox 527 660 662 718; x_wconf 88' lang='lat' dir='ltr'>erga</span> <span class='ocrx_word' id='word_1_44' title='bbox 694 643 985 716; x_wconf 87' lang='lat' dir='ltr'>proximos</span> <span class='ocrx_word' id='word_1_45' title='bbox 1017 643 1318 713; x_wconf 76' lang='lat' dir='ltr'>loquentes</span> <span class='ocrx_word' id='word_1_46' title='bbox 1348 644 1680 698; x_wconf 76' lang='lat' dir='ltr'>refundunt.</span> <span class='ocrx_word' id='word_1_47' title='bbox 1710 646 1925 713; x_wconf 85' lang='lat' dir='ltr'>Specu-</span> 
     </span>
    </p>
   </div>
   <div class='ocr_carea' id='block_1_8' title="bbox 217 731 1923 807">
    <p class='ocr_par' dir='ltr' id='par_1_8' title="bbox 217 731 1923 807">
     <span class='ocr_line' id='line_1_8' title="bbox 217 731 1923 807; baseline -0.003 -17"><span class='ocrx_word' id='word_1_48' title='bbox 217 735 388 791; x_wconf 88' lang='lat' dir='ltr'>lando</span> <span class='ocrx_word' id='word_1_49' title='bbox 407 735 622 807; x_wconf 88' lang='lat' dir='ltr'>quippe</span> <span class='ocrx_word' id='word_1_50' title='bbox 646 735 703 788; x_wconf 93' lang='lat' dir='ltr'>in</span> <span class='ocrx_word' id='word_1_51' title='bbox 735 733 834 789; x_wconf 89' lang='lat' dir='ltr'>Dei</span> <span class='ocrx_word' id='word_1_52' title='bbox 855 749 1108 790; x_wconf 90' lang='lat' dir='ltr'>amorem</span> <span class='ocrx_word' id='word_1_53' title='bbox 1132 732 1412 805; x_wconf 82' lang='lat' dir='ltr'>surgitur,</span> <span class='ocrx_word' id='word_1_54' title='bbox 1433 733 1532 788; x_wconf 89' lang='lat' dir='ltr'>sed</span> <span class='ocrx_word' id='word_1_55' title='bbox 1559 731 1923 802; x_wconf 63' lang='lat' dir='ltr'>praedicando</span> 
     </span>
    </p>
   </div>
   <div class='ocr_carea' id='block_1_9' title="bbox 216 822 1922 895">
    <p class='ocr_par' dir='ltr' id='par_1_9' title="bbox 216 822 1922 895">
     <span class='ocr_line' id='line_1_9' title="bbox 216 822 1922 895; baseline -0.002 -16"><span class='ocrx_word' id='word_1_56' title='bbox 216 828 284 880; x_wconf 80' lang='lat' dir='ltr'>ad</span> <span class='ocrx_word' id='word_1_57' title='bbox 340 825 590 895; x_wconf 84' lang='lat' dir='ltr'><strong>proximi</strong></span> <span class='ocrx_word' id='word_1_58' title='bbox 641 824 950 881; x_wconf 86' lang='lat' dir='ltr'>utilitatem</span> <span class='ocrx_word' id='word_1_59' title='bbox 1011 824 1251 879; x_wconf 89' lang='lat' dir='ltr'>reditur.</span> <span class='ocrx_word' id='word_1_60' title='bbox 1289 823 1450 879; x_wconf 89' lang='lat' dir='ltr'>Unde</span> <span class='ocrx_word' id='word_1_61' title='bbox 1480 823 1636 893; x_wconf 90' lang='lat' dir='ltr'>apud</span> <span class='ocrx_word' id='word_1_62' title='bbox 1667 822 1922 890; x_wconf 87' lang='lat' dir='ltr'>Moysen,</span> 
     </span>
    </p>
   </div>
   <div class='ocr_carea' id='block_1_10' title="bbox 214 912 1924 985">
    <p class='ocr_par' dir='ltr' id='par_1_10' title="bbox 214 912 1924 985">
     <span class='ocr_line' id='line_1_10' title="bbox 214 912 1924 985; baseline -0.003 -15"><span class='ocrx_word' id='word_1_63' title='bbox 214 917 354 970; x_wconf 91' lang='lat' dir='ltr'>dum</span> <span class='ocrx_word' id='word_1_64' title='bbox 387 914 447 970; x_wconf 92' lang='lat' dir='ltr'>in</span> <span class='ocrx_word' id='word_1_65' title='bbox 470 914 753 971; x_wconf 83' lang='lat' dir='ltr'>sacriﬁcio</span> <span class='ocrx_word' id='word_1_66' title='bbox 775 931 950 970; x_wconf 88' lang='lat' dir='ltr'>vacca</span> <span class='ocrx_word' id='word_1_67' title='bbox 974 918 1261 970; x_wconf 86' lang='lat' dir='ltr'>mactatur</span> <span class='ocrx_word' id='word_1_68' title='bbox 1279 914 1464 985; x_wconf 75' lang='lat' dir='ltr'>(Num.</span> <span class='ocrx_word' id='word_1_69' title='bbox 1491 931 1606 980; x_wconf 68' lang='grc' dir='ltr'>χιι,</span> <span class='ocrx_word' id='word_1_70' title='bbox 1629 913 1706 983; x_wconf 85' lang='grc'>3),</span> <span class='ocrx_word' id='word_1_71' title='bbox 1732 912 1924 967; x_wconf 82' lang='lat' dir='ltr'>offerri</span> 
     </span>
    </p>
   </div>
   <div class='ocr_carea' id='block_1_11' title="bbox 213 1003 1922 1078">
    <p class='ocr_par' dir='ltr' id='par_1_11' title="bbox 213 1003 1922 1078">
     <span class='ocr_line' id='line_1_11' title="bbox 213 1003 1922 1078; baseline -0.001 -18"><span class='ocrx_word' id='word_1_72' title='bbox 213 1021 342 1060; x_wconf 90' lang='lat' dir='ltr'>cum</span> <span class='ocrx_word' id='word_1_73' title='bbox 397 1005 646 1075; x_wconf 78' lang='lat' dir='ltr'>byssopo</span> <span class='ocrx_word' id='word_1_74' title='bbox 691 1005 965 1078; x_wconf 89' lang='lat' dir='ltr'>lignoque</span> <span class='ocrx_word' id='word_1_75' title='bbox 1011 1005 1247 1060; x_wconf 90' lang='lat' dir='ltr'>cedrino</span> <span class='ocrx_word' id='word_1_76' title='bbox 1296 1003 1383 1060; x_wconf 91' lang='lat' dir='ltr'>bis</span> <span class='ocrx_word' id='word_1_77' title='bbox 1441 1005 1662 1059; x_wconf 91' lang='lat' dir='ltr'>tinctus</span> <span class='ocrx_word' id='word_1_78' title='bbox 1718 1020 1922 1059; x_wconf 91' lang='lat' dir='ltr'>coccus</span> 
     </span>
    </p>
   </div>
   <div class='ocr_carea' id='block_1_12' title="bbox 213 1095 1918 1168">
    <p class='ocr_par' dir='ltr' id='par_1_12' title="bbox 213 1095 1918 1168">
     <span class='ocr_line' id='line_1_12' title="bbox 213 1095 1918 1168; baseline -0.001 -18"><span class='ocrx_word' id='word_1_79' title='bbox 213 1095 567 1168; x_wconf 74' lang='lat' dir='ltr'>praecipitur.</span> <span class='ocrx_word' id='word_1_80' title='bbox 609 1097 857 1152; x_wconf 88' lang='lat' dir='ltr'>Vaccam</span> <span class='ocrx_word' id='word_1_81' title='bbox 897 1097 1108 1168; x_wconf 90' lang='lat' dir='ltr'>quippe</span> <span class='ocrx_word' id='word_1_82' title='bbox 1143 1100 1489 1163; x_wconf 88' lang='lat' dir='ltr'>mactamus,</span> <span class='ocrx_word' id='word_1_83' title='bbox 1525 1111 1655 1150; x_wconf 90' lang='lat' dir='ltr'>cum</span> <span class='ocrx_word' id='word_1_84' title='bbox 1687 1110 1918 1150; x_wconf 88' lang='lat' dir='ltr'>carnem</span> 
     </span>
    </p>
   </div>
   <div class='ocr_carea' id='block_1_13' title="bbox 214 1185 1921 1258">
    <p class='ocr_par' dir='ltr' id='par_1_13' title="bbox 214 1185 1921 1258">
     <span class='ocr_line' id='line_1_13' title="bbox 214 1185 1921 1258; baseline -0.001 -17"><span class='ocrx_word' id='word_1_85' title='bbox 214 1203 246 1241; x_wconf 87' lang='lat' dir='ltr'>a</span> <span class='ocrx_word' id='word_1_86' title='bbox 277 1185 522 1242; x_wconf 84' lang='lat' dir='ltr'>lascivia</span> <span class='ocrx_word' id='word_1_87' title='bbox 570 1203 687 1241; x_wconf 73' lang='lat' dir='ltr'>suae</span> <span class='ocrx_word' id='word_1_88' title='bbox 732 1185 1050 1258; x_wconf 87' lang='lat' dir='ltr'>voluptatis</span> <span class='ocrx_word' id='word_1_89' title='bbox 1093 1185 1541 1257; x_wconf 84' lang='lat' dir='ltr'>exstinguimus.</span> <span class='ocrx_word' id='word_1_90' title='bbox 1578 1187 1761 1250; x_wconf 88' lang='lat' dir='ltr'>Quam</span> <span class='ocrx_word' id='word_1_91' title='bbox 1791 1200 1921 1240; x_wconf 90' lang='lat' dir='ltr'>cum</span> 
     </span>
    </p>
   </div>
   <div class='ocr_carea' id='block_1_14' title="bbox 213 1273 1923 1347">
    <p class='ocr_par' dir='ltr' id='par_1_14' title="bbox 213 1273 1923 1347">
     <span class='ocr_line' id='line_1_14' title="bbox 213 1273 1923 1347; baseline 0.001 -19"><span class='ocrx_word' id='word_1_92' title='bbox 213 1273 468 1347; x_wconf 81' lang='lat' dir='ltr'>hyssopo</span> <span class='ocrx_word' id='word_1_93' title='bbox 516 1275 793 1347; x_wconf 85' lang='lat' dir='ltr'>lignoque</span> <span class='ocrx_word' id='word_1_94' title='bbox 839 1275 1071 1331; x_wconf 85' lang='lat' dir='ltr'>cedrino</span> <span class='ocrx_word' id='word_1_95' title='bbox 1120 1292 1184 1330; x_wconf 91' lang='lat' dir='ltr'>ac</span> <span class='ocrx_word' id='word_1_96' title='bbox 1215 1291 1385 1331; x_wconf 91' lang='lat' dir='ltr'>cocco</span> <span class='ocrx_word' id='word_1_97' title='bbox 1410 1274 1749 1341; x_wconf 78' lang='lat' dir='ltr'>olferimus;</span> <span class='ocrx_word' id='word_1_98' title='bbox 1785 1275 1923 1345; x_wconf 91' lang='lat' dir='ltr'>quia</span> 
     </span>
    </p>
   </div>
   <div class='ocr_carea' id='block_1_15' title="bbox 209 1366 1924 1436">
    <p class='ocr_par' dir='ltr' id='par_1_15' title="bbox 209 1366 1924 1436">
     <span class='ocr_line' id='line_1_15' title="bbox 209 1366 1924 1436; baseline -0.001 -14"><span class='ocrx_word' id='word_1_99' title='bbox 209 1382 345 1422; x_wconf 92' lang='lat' dir='ltr'>cum</span> <span class='ocrx_word' id='word_1_100' title='bbox 401 1366 788 1422; x_wconf 83' lang='lat' dir='ltr'>maceratione</span> <span class='ocrx_word' id='word_1_101' title='bbox 827 1367 1040 1431; x_wconf 88' lang='lat' dir='ltr'>carnis,</span> <span class='ocrx_word' id='word_1_102' title='bbox 1091 1367 1442 1424; x_wconf 83' lang='lat' dir='ltr'>sacriﬁcium</span> <span class='ocrx_word' id='word_1_103' title='bbox 1494 1366 1648 1432; x_wconf 86' lang='lat' dir='ltr'>fidei,</span> <span class='ocrx_word' id='word_1_104' title='bbox 1699 1367 1819 1436; x_wconf 85' lang='lat' dir='ltr'>spei</span> <span class='ocrx_word' id='word_1_105' title='bbox 1867 1369 1924 1420; x_wconf 91' lang='lat' dir='ltr'>et</span> 
     </span>
    </p>
   </div>
   <div class='ocr_carea' id='block_1_16' title="bbox 210 1455 1922 1528">
    <p class='ocr_par' dir='ltr' id='par_1_16' title="bbox 210 1455 1922 1528">
     <span class='ocr_line' id='line_1_16' title="bbox 210 1455 1922 1528; baseline 0.001 -18"><span class='ocrx_word' id='word_1_106' title='bbox 210 1455 518 1512; x_wconf 88' lang='lat' dir='ltr'>cbaritatis</span> <span class='ocrx_word' id='word_1_107' title='bbox 547 1455 872 1513; x_wconf 84' lang='lat' dir='ltr'>adolemus.</span> <span class='ocrx_word' id='word_1_108' title='bbox 908 1458 1200 1527; x_wconf 82' lang='lat' dir='ltr'>Hyssopus</span> <span class='ocrx_word' id='word_1_109' title='bbox 1230 1457 1446 1528; x_wconf 91' lang='lat' dir='ltr'>quippe</span> <span class='ocrx_word' id='word_1_110' title='bbox 1468 1457 1698 1511; x_wconf 90' lang='lat' dir='ltr'>interna</span> <span class='ocrx_word' id='word_1_111' title='bbox 1725 1459 1922 1511; x_wconf 87' lang='lat' dir='ltr'>nostra</span> 
     </span>
    </p>
   </div>
   <div class='ocr_carea' id='block_1_17' title="bbox 208 1544 1924 1616">
    <p class='ocr_par' dir='ltr' id='par_1_17' title="bbox 208 1544 1924 1616">
     <span class='ocr_line' id='line_1_17' title="bbox 208 1544 1924 1616; baseline 0.001 -17"><span class='ocrx_word' id='word_1_112' title='bbox 208 1546 494 1602; x_wconf 84' lang='lat' dir='ltr'>mundare</span> <span class='ocrx_word' id='word_1_113' title='bbox 548 1547 865 1602; x_wconf 88' lang='lat' dir='ltr'>consuevit.</span> <span class='ocrx_word' id='word_1_114' title='bbox 925 1548 994 1600; x_wconf 88' lang='lat' dir='ltr'>Et</span> <span class='ocrx_word' id='word_1_115' title='bbox 1051 1560 1151 1616; x_wconf 91' lang='lat' dir='ltr'>per</span> <span class='ocrx_word' id='word_1_116' title='bbox 1198 1550 1430 1601; x_wconf 83' lang='lat' dir='ltr'>Petrum</span> <span class='ocrx_word' id='word_1_117' title='bbox 1478 1545 1734 1600; x_wconf 90' lang='lat' dir='ltr'>dicitur:</span> <span class='ocrx_word' id='word_1_118' title='bbox 1798 1544 1924 1601; x_wconf 86' lang='lat' dir='ltr'>Fide</span> 
     </span>
    </p>
   </div>
   <div class='ocr_carea' id='block_1_18' title="bbox 210 1636 1917 1709">
    <p class='ocr_par' dir='ltr' id='par_1_18' title="bbox 210 1636 1917 1709">
     <span class='ocr_line' id='line_1_18' title="bbox 210 1636 1917 1709; baseline 0.001 -20"><span class='ocrx_word' id='word_1_119' title='bbox 210 1637 494 1691; x_wconf 83' lang='lat' dir='ltr'>mundam</span> <span class='ocrx_word' id='word_1_120' title='bbox 520 1636 690 1692; x_wconf 86' lang='lat' dir='ltr'>corda</span> <span class='ocrx_word' id='word_1_121' title='bbox 719 1653 910 1692; x_wconf 89' lang='lat' dir='ltr'>eorum</span> <span class='ocrx_word' id='word_1_122' title='bbox 941 1637 1081 1709; x_wconf 81' lang='lat' dir='ltr'>(Act.</span> <span class='ocrx_word' id='word_1_123' title='bbox 1109 1654 1198 1703; x_wconf 88' lang='lat' dir='ltr'>xv,</span> <span class='ocrx_word' id='word_1_124' title='bbox 1232 1638 1309 1706; x_wconf 82' lang='lat'>9).</span> <span class='ocrx_word' id='word_1_125' title='bbox 1341 1637 1588 1707; x_wconf 89' lang='lat' dir='ltr'>Lignum</span> <span class='ocrx_word' id='word_1_126' title='bbox 1619 1636 1917 1692; x_wconf 90' lang='lat' dir='ltr'>cedrinum</span> 
     </span>
    </p>
   </div>
   <div class='ocr_carea' id='block_1_19' title="bbox 2032 462 3740 535">
    <p class='ocr_par' dir='ltr' id='par_1_19' title="bbox 2032 462 3740 535">
     <span class='ocr_line' id='line_1_19' title="bbox 2032 462 3740 535; baseline 0.006 -20"><span class='ocrx_word' id='word_1_127' title='bbox 2032 463 2110 516; x_wconf 87' lang='lat' dir='ltr'>los</span> <span class='ocrx_word' id='word_1_128' title='bbox 2143 462 2428 519; x_wconf 79' lang='lat' dir='ltr'>habentem</span> <span class='ocrx_word' id='word_1_129' title='bbox 2459 465 2611 519; x_wconf 83' lang='lat' dir='ltr'>mitti</span> <span class='ocrx_word' id='word_1_130' title='bbox 2660 468 2716 519; x_wconf 88' lang='lat' dir='ltr'>in</span> <span class='ocrx_word' id='word_1_131' title='bbox 2761 467 3064 535; x_wconf 77' lang='lat' dir='ltr'>gehennam</span> <span class='ocrx_word' id='word_1_132' title='bbox 3116 465 3260 534; x_wconf 83' lang='lat' dir='ltr'>ignis</span> <span class='ocrx_word' id='word_1_133' title='bbox 3301 467 3510 533; x_wconf 79' lang='lat' dir='ltr'>(Matth.</span> <span class='ocrx_word' id='word_1_134' title='bbox 3541 483 3597 534; x_wconf 80' lang='grc' dir='ltr'>ν,</span> <span class='ocrx_word' id='word_1_135' title='bbox 3627 469 3740 535; x_wconf 83' lang='grc'>29).</span> 
     </span>
    </p>
   </div>
   <div class='ocr_carea' id='block_1_20' title="bbox 2032 555 3742 628">
    <p class='ocr_par' dir='ltr' id='par_1_20' title="bbox 2032 555 3742 628">
     <span class='ocr_line' id='line_1_20' title="bbox 2032 555 3742 628; baseline 0.005 -23"><span class='ocrx_word' id='word_1_136' title='bbox 2032 555 2164 606; x_wconf 80' lang='lat' dir='ltr'>Duae</span> <span class='ocrx_word' id='word_1_137' title='bbox 2197 555 2409 626; x_wconf 91' lang='lat' dir='ltr'>quippe</span> <span class='ocrx_word' id='word_1_138' title='bbox 2443 555 2594 624; x_wconf 71' lang='lat' dir='ltr'>vitae,</span> <span class='ocrx_word' id='word_1_139' title='bbox 2629 555 2811 610; x_wconf 88' lang='lat' dir='ltr'>activa</span> <span class='ocrx_word' id='word_1_140' title='bbox 2852 555 3117 610; x_wconf 88' lang='lat' dir='ltr'>videlicet</span> <span class='ocrx_word' id='word_1_141' title='bbox 3166 560 3221 611; x_wconf 90' lang='lat' dir='ltr'>et</span> <span class='ocrx_word' id='word_1_142' title='bbox 3269 557 3742 628; x_wconf 86' lang='lat' dir='ltr'>contemplativa,</span> 
     </span>
    </p>
   </div>
   <div class='ocr_carea' id='block_1_21' title="bbox 2031 644 3744 715">
    <p class='ocr_par' dir='ltr' id='par_1_21' title="bbox 2031 644 3744 715">
     <span class='ocr_line' id='line_1_21' title="bbox 2031 644 3744 715; baseline 0.004 -20"><span class='ocrx_word' id='word_1_143' title='bbox 2031 656 2160 696; x_wconf 91' lang='lat' dir='ltr'>cum</span> <span class='ocrx_word' id='word_1_144' title='bbox 2194 654 2607 699; x_wconf 86' lang='lat' dir='ltr'>conservantur</span> <span class='ocrx_word' id='word_1_145' title='bbox 2638 644 2696 699; x_wconf 91' lang='lat' dir='ltr'>in</span> <span class='ocrx_word' id='word_1_146' title='bbox 2733 650 2944 709; x_wconf 90' lang='lat' dir='ltr'>mente,</span> <span class='ocrx_word' id='word_1_147' title='bbox 2979 646 3143 715; x_wconf 89' lang='lat' dir='ltr'>quasi</span> <span class='ocrx_word' id='word_1_148' title='bbox 3181 647 3294 700; x_wconf 92' lang='lat' dir='ltr'>duo</span> <span class='ocrx_word' id='word_1_149' title='bbox 3325 645 3474 700; x_wconf 89' lang='lat' dir='ltr'>oculi</span> <span class='ocrx_word' id='word_1_150' title='bbox 3523 647 3744 702; x_wconf 89' lang='lat' dir='ltr'>haben-</span> 
     </span>
    </p>
   </div>
   <div class='ocr_carea' id='block_1_22' title="bbox 2028 719 3739 806">
    <p class='ocr_par' dir='ltr' id='par_1_22' title="bbox 2028 719 3739 806">
     <span class='ocr_line' id='line_1_22' title="bbox 2028 719 3739 806; baseline 0.003 -20"><span class='ocrx_word' id='word_1_151' title='bbox 2028 719 2128 786; x_wconf 80' lang='lat' dir='ltr'>tur</span> <span class='ocrx_word' id='word_1_152' title='bbox 2176 733 2232 787; x_wconf 90' lang='lat' dir='ltr'>in</span> <span class='ocrx_word' id='word_1_153' title='bbox 2275 734 2439 788; x_wconf 80' lang='lat' dir='ltr'>facie.</span> <span class='ocrx_word' id='word_1_154' title='bbox 2475 734 2681 789; x_wconf 90' lang='lat' dir='ltr'>Dexter</span> <span class='ocrx_word' id='word_1_155' title='bbox 2714 751 2968 804; x_wconf 88' lang='lat' dir='ltr'>namque</span> <span class='ocrx_word' id='word_1_156' title='bbox 2999 734 3203 790; x_wconf 89' lang='lat' dir='ltr'>oculus</span> <span class='ocrx_word' id='word_1_157' title='bbox 3235 737 3349 790; x_wconf 92' lang='lat' dir='ltr'>vita</span> <span class='ocrx_word' id='word_1_158' title='bbox 3383 736 3739 806; x_wconf 87' lang='lat' dir='ltr'>contempla-</span> 
     </span>
    </p>
   </div>
   <div class='ocr_carea' id='block_1_23' title="bbox 2031 823 3742 896">
    <p class='ocr_par' dir='ltr' id='par_1_23' title="bbox 2031 823 3742 896">
     <span class='ocr_line' id='line_1_23' title="bbox 2031 823 3742 896; baseline 0.002 -20"><span class='ocrx_word' id='word_1_159' title='bbox 2031 823 2148 878; x_wconf 90' lang='lat' dir='ltr'>tiva</span> <span class='ocrx_word' id='word_1_160' title='bbox 2177 823 2530 890; x_wconf 89' lang='lat' dir='ltr'>est,sinister</span> <span class='ocrx_word' id='word_1_161' title='bbox 2549 824 2748 880; x_wconf 90' lang='lat' dir='ltr'>activa.</span> <span class='ocrx_word' id='word_1_162' title='bbox 2767 825 2875 879; x_wconf 90' lang='lat' dir='ltr'>Sed</span> <span class='ocrx_word' id='word_1_163' title='bbox 2900 831 3034 880; x_wconf 91' lang='lat' dir='ltr'>sunt</span> <span class='ocrx_word' id='word_1_164' title='bbox 3061 825 3351 892; x_wconf 88' lang='lat' dir='ltr'>nonnulli,</span> <span class='ocrx_word' id='word_1_165' title='bbox 3376 831 3438 880; x_wconf 92' lang='lat' dir='ltr'>ut</span> <span class='ocrx_word' id='word_1_166' title='bbox 3462 827 3742 896; x_wconf 88' lang='lat' dir='ltr'>diximus,</span> 
     </span>
    </p>
   </div>
   <div class='ocr_carea' id='block_1_24' title="bbox 2031 914 3739 988">
    <p class='ocr_par' dir='ltr' id='par_1_24' title="bbox 2031 914 3739 988">
     <span class='ocr_line' id='line_1_24' title="bbox 2031 914 3739 988; baseline 0.003 -21"><span class='ocrx_word' id='word_1_167' title='bbox 2031 914 2125 983; x_wconf 86' lang='lat' dir='ltr'>qui</span> <span class='ocrx_word' id='word_1_168' title='bbox 2168 914 2416 969; x_wconf 84' lang='lat' dir='ltr'>discrete</span> <span class='ocrx_word' id='word_1_169' title='bbox 2456 914 2667 969; x_wconf 88' lang='lat' dir='ltr'>intueri</span> <span class='ocrx_word' id='word_1_170' title='bbox 2709 932 2941 969; x_wconf 89' lang='lat' dir='ltr'>summa</span> <span class='ocrx_word' id='word_1_171' title='bbox 2972 920 3027 971; x_wconf 90' lang='lat' dir='ltr'>et</span> <span class='ocrx_word' id='word_1_172' title='bbox 3055 915 3340 984; x_wconf 88' lang='lat' dir='ltr'>spiritalia</span> <span class='ocrx_word' id='word_1_173' title='bbox 3373 933 3739 988; x_wconf 84' lang='lat' dir='ltr'>nequaquam</span> 
     </span>
    </p>
   </div>
   <div class='ocr_carea' id='block_1_25' title="bbox 2032 1004 3740 1077">
    <p class='ocr_par' dir='ltr' id='par_1_25' title="bbox 2032 1004 3740 1077">
     <span class='ocr_line' id='line_1_25' title="bbox 2032 1004 3740 1077; baseline 0.002 -20"><span class='ocrx_word' id='word_1_174' title='bbox 2032 1009 2296 1074; x_wconf 89' lang='lat' dir='ltr'>possunt,</span> <span class='ocrx_word' id='word_1_175' title='bbox 2348 1009 2405 1060; x_wconf 90' lang='lat' dir='ltr'>et</span> <span class='ocrx_word' id='word_1_176' title='bbox 2449 1013 2639 1059; x_wconf 90' lang='lat' dir='ltr'>tamen</span> <span class='ocrx_word' id='word_1_177' title='bbox 2691 1004 2806 1059; x_wconf 90' lang='lat' dir='ltr'>alta</span> <span class='ocrx_word' id='word_1_178' title='bbox 2849 1005 3356 1077; x_wconf 87' lang='lat' dir='ltr'>contemplationis</span> <span class='ocrx_word' id='word_1_179' title='bbox 3407 1014 3740 1072; x_wconf 87' lang='lat' dir='ltr'>assumunt,</span> 
     </span>
    </p>
   </div>
   <div class='ocr_carea' id='block_1_26' title="bbox 2029 1093 3742 1164">
    <p class='ocr_par' dir='ltr' id='par_1_26' title="bbox 2029 1093 3742 1164">
     <span class='ocr_line' id='line_1_26' title="bbox 2029 1093 3742 1164; baseline 0.001 -17"><span class='ocrx_word' id='word_1_180' title='bbox 2029 1099 2200 1163; x_wconf 87' lang='lat' dir='ltr'>atque</span> <span class='ocrx_word' id='word_1_181' title='bbox 2223 1093 2435 1148; x_wconf 91' lang='lat' dir='ltr'>idcirco</span> <span class='ocrx_word' id='word_1_182' title='bbox 2464 1095 2522 1148; x_wconf 92' lang='lat' dir='ltr'>in</span> <span class='ocrx_word' id='word_1_183' title='bbox 2557 1093 2812 1164; x_wconf 81' lang='lat' dir='ltr'>perfidiae</span> <span class='ocrx_word' id='word_1_184' title='bbox 2842 1096 3082 1159; x_wconf 87' lang='lat' dir='ltr'>foveam,</span> <span class='ocrx_word' id='word_1_185' title='bbox 3117 1096 3191 1164; x_wconf 74' lang='grc' dir='ltr'>(ε)</span> <span class='ocrx_word' id='word_1_186' title='bbox 3224 1095 3553 1150; x_wconf 90' lang='lat' dir='ltr'>intellectus</span> <span class='ocrx_word' id='word_1_187' title='bbox 3579 1094 3742 1164; x_wconf 89' lang='lat' dir='ltr'>pravi</span> 
     </span>
    </p>
   </div>
   <div class='ocr_carea' id='block_1_27' title="bbox 2029 1183 3741 1256">
    <p class='ocr_par' dir='ltr' id='par_1_27' title="bbox 2029 1183 3741 1256">
     <span class='ocr_line' id='line_1_27' title="bbox 2029 1183 3741 1256; baseline 0 -18"><span class='ocrx_word' id='word_1_188' title='bbox 2029 1199 2220 1238; x_wconf 90' lang='lat' dir='ltr'>errore</span> <span class='ocrx_word' id='word_1_189' title='bbox 2252 1183 2612 1239; x_wconf 89' lang='lat' dir='ltr'>dilabuntur.</span> <span class='ocrx_word' id='word_1_190' title='bbox 2658 1184 2771 1238; x_wconf 86' lang='lat' dir='ltr'>Hos</span> <span class='ocrx_word' id='word_1_191' title='bbox 2806 1185 3001 1255; x_wconf 84' lang='lat' dir='ltr'>itaque</span> <span class='ocrx_word' id='word_1_192' title='bbox 3029 1185 3477 1256; x_wconf 87' lang='lat' dir='ltr'>contemplativa</span> <span class='ocrx_word' id='word_1_193' title='bbox 3506 1185 3620 1238; x_wconf 88' lang='lat' dir='ltr'>vita</span> <span class='ocrx_word' id='word_1_194' title='bbox 3651 1185 3741 1239; x_wconf 86' lang='lat' dir='ltr'>ul-</span> 
     </span>
    </p>
   </div>
   <div class='ocr_carea' id='block_1_28' title="bbox 2028 1273 3739 1345">
    <p class='ocr_par' dir='ltr' id='par_1_28' title="bbox 2028 1273 3739 1345">
     <span class='ocr_line' id='line_1_28' title="bbox 2028 1273 3739 1345; baseline 0.001 -17"><span class='ocrx_word' id='word_1_195' title='bbox 2028 1277 2115 1328; x_wconf 89' lang='lat' dir='ltr'>tra</span> <span class='ocrx_word' id='word_1_196' title='bbox 2145 1274 2294 1329; x_wconf 90' lang='lat' dir='ltr'>vires</span> <span class='ocrx_word' id='word_1_197' title='bbox 2325 1277 2645 1344; x_wconf 87' lang='lat' dir='ltr'>assumpta,</span> <span class='ocrx_word' id='word_1_198' title='bbox 2666 1273 2741 1343; x_wconf 88' lang='lat' dir='ltr'>(d)</span> <span class='ocrx_word' id='word_1_199' title='bbox 2764 1274 2913 1345; x_wconf 82' lang='lat' dir='ltr'>cogit</span> <span class='ocrx_word' id='word_1_200' title='bbox 2936 1291 2968 1328; x_wconf 92' lang='lat' dir='ltr'>a</span> <span class='ocrx_word' id='word_1_201' title='bbox 2989 1275 3222 1330; x_wconf 86' lang='lat' dir='ltr'>veritate</span> <span class='ocrx_word' id='word_1_202' title='bbox 3253 1275 3477 1340; x_wconf 91' lang='lat' dir='ltr'>cadere,</span> <span class='ocrx_word' id='word_1_203' title='bbox 3511 1291 3654 1344; x_wconf 88' lang='lat' dir='ltr'>quos</span> <span class='ocrx_word' id='word_1_204' title='bbox 3679 1276 3739 1330; x_wconf 93' lang='lat' dir='ltr'>in</span> 
     </span>
    </p>
   </div>
   <div class='ocr_carea' id='block_1_29' title="bbox 2028 1364 3741 1436">
    <p class='ocr_par' dir='ltr' id='par_1_29' title="bbox 2028 1364 3741 1436">
     <span class='ocr_line' id='line_1_29' title="bbox 2028 1364 3741 1436; baseline 0.001 -17"><span class='ocrx_word' id='word_1_205' title='bbox 2028 1369 2178 1419; x_wconf 87' lang='lat' dir='ltr'>statu</span> <span class='ocrx_word' id='word_1_206' title='bbox 2223 1380 2337 1419; x_wconf 67' lang='lat' dir='ltr'>suae</span> <span class='ocrx_word' id='word_1_207' title='bbox 2383 1364 2748 1419; x_wconf 83' lang='lat' dir='ltr'>rectitudinis</span> <span class='ocrx_word' id='word_1_208' title='bbox 2799 1365 3100 1420; x_wconf 89' lang='lat' dir='ltr'>humiliter</span> <span class='ocrx_word' id='word_1_209' title='bbox 3142 1370 3363 1436; x_wconf 87' lang='lat' dir='ltr'>poterat</span> <span class='ocrx_word' id='word_1_210' title='bbox 3403 1364 3525 1418; x_wconf 90' lang='lat' dir='ltr'>sola</span> <span class='ocrx_word' id='word_1_211' title='bbox 3557 1367 3741 1420; x_wconf 89' lang='lat' dir='ltr'>activa</span> 
     </span>
    </p>
   </div>
   <div class='ocr_carea' id='block_1_30' title="bbox 2028 1454 3740 1526">
    <p class='ocr_par' dir='ltr' id='par_1_30' title="bbox 2028 1454 3740 1526">
     <span class='ocr_line' id='line_1_30' title="bbox 2028 1454 3740 1526; baseline 0 -17"><span class='ocrx_word' id='word_1_212' title='bbox 2028 1454 2341 1510; x_wconf 88' lang='lat' dir='ltr'>custodire.</span> <span class='ocrx_word' id='word_1_213' title='bbox 2378 1454 2598 1519; x_wconf 90' lang='lat' dir='ltr'>Quibus</span> <span class='ocrx_word' id='word_1_214' title='bbox 2632 1461 2784 1510; x_wconf 90' lang='lat' dir='ltr'>recte</span> <span class='ocrx_word' id='word_1_215' title='bbox 2807 1455 2914 1511; x_wconf 92' lang='lat' dir='ltr'>hoc</span> <span class='ocrx_word' id='word_1_216' title='bbox 2934 1455 3090 1525; x_wconf 92' lang='lat' dir='ltr'>quod</span> <span class='ocrx_word' id='word_1_217' title='bbox 3123 1455 3341 1526; x_wconf 62' lang='lat' dir='ltr'>prmfati</span> <span class='ocrx_word' id='word_1_218' title='bbox 3374 1471 3594 1520; x_wconf 89' lang='lat' dir='ltr'>sumus,</span> <span class='ocrx_word' id='word_1_219' title='bbox 3628 1454 3740 1509; x_wconf 83' lang='lat' dir='ltr'>Ve-</span> 
     </span>
    </p>
   </div>
   <div class='ocr_carea' id='block_1_31' title="bbox 2028 1544 3741 1610">
    <p class='ocr_par' dir='ltr' id='par_1_31' title="bbox 2028 1544 3741 1610">
     <span class='ocr_line' id='line_1_31' title="bbox 2028 1544 3741 1610; baseline 0 -12"><span class='ocrx_word' id='word_1_220' title='bbox 2028 1544 2170 1600; x_wconf 90' lang='lat' dir='ltr'>ritas</span> <span class='ocrx_word' id='word_1_221' title='bbox 2220 1544 2359 1600; x_wconf 88' lang='lat' dir='ltr'>dicit</span> <span class='ocrx_word' id='word_1_222' title='bbox 2394 1545 2487 1600; x_wconf 88' lang='lat' dir='ltr'>:Si</span> <span class='ocrx_word' id='word_1_223' title='bbox 2533 1548 2719 1602; x_wconf 86' lang='lat' dir='ltr'>oculus</span> <span class='ocrx_word' id='word_1_224' title='bbox 2759 1551 2884 1601; x_wconf 86' lang='lat' dir='ltr'>tuus</span> <span class='ocrx_word' id='word_1_225' title='bbox 2922 1545 3116 1600; x_wconf 73' lang='lat' dir='ltr'>dexter</span> <span class='ocrx_word' id='word_1_226' title='bbox 3146 1545 3487 1601; x_wconf 69' lang='lat' dir='ltr'>scandalizat</span> <span class='ocrx_word' id='word_1_227' title='bbox 3511 1553 3581 1610; x_wconf 87' lang='lat' dir='ltr'>te,</span> <span class='ocrx_word' id='word_1_228' title='bbox 3613 1558 3741 1599; x_wconf 89' lang='lat' dir='ltr'>erue</span> 
     </span>
    </p>
   </div>
   <div class='ocr_carea' id='block_1_32' title="bbox 2026 1635 3739 1706">
    <p class='ocr_par' dir='ltr' id='par_1_32' title="bbox 2026 1635 3739 1706">
     <span class='ocr_line' id='line_1_32' title="bbox 2026 1635 3739 1706; baseline 0.001 -17"><span class='ocrx_word' id='word_1_229' title='bbox 2026 1651 2171 1702; x_wconf 87' lang='lat' dir='ltr'>eum,</span> <span class='ocrx_word' id='word_1_230' title='bbox 2218 1645 2271 1690; x_wconf 88' lang='lat' dir='ltr'>et</span> <span class='ocrx_word' id='word_1_231' title='bbox 2313 1636 2517 1706; x_wconf 83' lang='lat' dir='ltr'>projice</span> <span class='ocrx_word' id='word_1_232' title='bbox 2564 1639 2658 1691; x_wconf 77' lang='lat' dir='ltr'>abs</span> <span class='ocrx_word' id='word_1_233' title='bbox 2705 1646 2771 1692; x_wconf 88' lang='lat' dir='ltr'>te.</span> <span class='ocrx_word' id='word_1_234' title='bbox 2809 1639 3017 1692; x_wconf 87' lang='lat' dir='ltr'>Bonum</span> <span class='ocrx_word' id='word_1_235' title='bbox 3057 1636 3161 1692; x_wconf 84' lang='lat' dir='ltr'>tibi</span> <span class='ocrx_word' id='word_1_236' title='bbox 3189 1642 3267 1691; x_wconf 87' lang='lat' dir='ltr'>est</span> <span class='ocrx_word' id='word_1_237' title='bbox 3293 1652 3415 1690; x_wconf 92' lang='lat' dir='ltr'>cum</span> <span class='ocrx_word' id='word_1_238' title='bbox 3446 1652 3554 1690; x_wconf 89' lang='lat' dir='ltr'>uno</span> <span class='ocrx_word' id='word_1_239' title='bbox 3585 1635 3739 1690; x_wconf 90' lang='lat' dir='ltr'>oculo</span> 
     </span>
    </p>
   </div>
   <div class='ocr_carea' id='block_1_33' title="bbox 207 1723 3738 1798">
    <p class='ocr_par' dir='ltr' id='par_1_33' title="bbox 207 1723 3738 1798">
     <span class='ocr_line' id='line_1_33' title="bbox 207 1723 3738 1798; baseline -0.001 -18"><span class='ocrx_word' id='word_1_240' title='bbox 207 1725 376 1781; x_wconf 90' lang='lat' dir='ltr'>nulla</span> <span class='ocrx_word' id='word_1_241' title='bbox 406 1727 705 1797; x_wconf 87' lang='lat' dir='ltr'>putredine</span> <span class='ocrx_word' id='word_1_242' title='bbox 743 1727 960 1792; x_wconf 79' lang='lat' dir='ltr'>deficit,</span> <span class='ocrx_word' id='word_1_243' title='bbox 994 1728 1132 1798; x_wconf 88' lang='lat' dir='ltr'>quia</span> <span class='ocrx_word' id='word_1_244' title='bbox 1162 1743 1325 1797; x_wconf 91' lang='lat' dir='ltr'>spem</span> <span class='ocrx_word' id='word_1_245' title='bbox 1366 1726 1686 1782; x_wconf 83' lang='lat' dir='ltr'>caelestium</span> <span class='ocrx_word' id='word_1_246' title='bbox 1718 1727 1921 1781; x_wconf 88' lang='lat' dir='ltr'>termi-</span> <span class='ocrx_word' id='word_1_247' title='bbox 1955 1729 1996 1793; x_wconf 84' lang='grc' dir='ltr'>Β</span> <span class='ocrx_word' id='word_1_248' title='bbox 2028 1723 2088 1778; x_wconf 87' lang='lat' dir='ltr'>in</span> <span class='ocrx_word' id='word_1_249' title='bbox 2124 1727 2294 1778; x_wconf 80' lang='lat' dir='ltr'>vitam</span> <span class='ocrx_word' id='word_1_250' title='bbox 2345 1729 2574 1790; x_wconf 85' lang='lat' dir='ltr'>intrare,</span> <span class='ocrx_word' id='word_1_251' title='bbox 2607 1743 2772 1796; x_wconf 88' lang='lat' dir='ltr'>quam</span> <span class='ocrx_word' id='word_1_252' title='bbox 2811 1728 2946 1780; x_wconf 87' lang='lat' dir='ltr'>duos</span> <span class='ocrx_word' id='word_1_253' title='bbox 2977 1727 3156 1780; x_wconf 87' lang='lat' dir='ltr'>oculos</span> <span class='ocrx_word' id='word_1_254' title='bbox 3185 1727 3468 1780; x_wconf 75' lang='lat' dir='ltr'>habentem</span> <span class='ocrx_word' id='word_1_255' title='bbox 3501 1727 3648 1778; x_wconf 81' lang='lat' dir='ltr'>mitti</span> <span class='ocrx_word' id='word_1_256' title='bbox 3679 1723 3738 1777; x_wconf 88' lang='lat' dir='ltr'>in</span> 
     </span>
    </p>
   </div>
   <div class='ocr_carea' id='block_1_34' title="bbox 208 1817 1916 1888">
    <p class='ocr_par' dir='ltr' id='par_1_34' title="bbox 208 1817 1916 1888">
     <span class='ocr_line' id='line_1_34' title="bbox 208 1817 1916 1888; baseline -0.001 -16"><span class='ocrx_word' id='word_1_257' title='bbox 208 1832 322 1872; x_wconf 91' lang='lat' dir='ltr'>nus</span> <span class='ocrx_word' id='word_1_258' title='bbox 357 1833 470 1871; x_wconf 92' lang='lat' dir='ltr'>non</span> <span class='ocrx_word' id='word_1_259' title='bbox 504 1819 814 1874; x_wconf 87' lang='lat' dir='ltr'>consumit.</span> <span class='ocrx_word' id='word_1_260' title='bbox 851 1817 1013 1873; x_wconf 91' lang='lat' dir='ltr'>Unde</span> <span class='ocrx_word' id='word_1_261' title='bbox 1051 1823 1108 1873; x_wconf 90' lang='lat' dir='ltr'>et</span> <span class='ocrx_word' id='word_1_262' title='bbox 1139 1834 1239 1888; x_wconf 91' lang='lat' dir='ltr'>per</span> <span class='ocrx_word' id='word_1_263' title='bbox 1271 1818 1501 1873; x_wconf 85' lang='lat' dir='ltr'>Petrum</span> <span class='ocrx_word' id='word_1_264' title='bbox 1531 1818 1780 1873; x_wconf 89' lang='lat' dir='ltr'>dicitur:</span> <span class='ocrx_word' id='word_1_265' title='bbox 1819 1819 1916 1872; x_wconf 82' lang='lat' dir='ltr'>Re-</span> 
     </span>
    </p>
   </div>
   <div class='ocr_carea' id='block_1_35' title="bbox 204 1905 1921 1977">
    <p class='ocr_par' dir='ltr' id='par_1_35' title="bbox 204 1905 1921 1977">
     <span class='ocr_line' id='line_1_35' title="bbox 204 1905 1921 1977; baseline 0 -17"><span class='ocrx_word' id='word_1_266' title='bbox 204 1907 498 1976; x_wconf 84' lang='lat' dir='ltr'>generavit</span> <span class='ocrx_word' id='word_1_267' title='bbox 544 1922 645 1962; x_wconf 89' lang='lat' dir='ltr'>nos</span> <span class='ocrx_word' id='word_1_268' title='bbox 683 1905 743 1961; x_wconf 85' lang='lat' dir='ltr'>in</span> <span class='ocrx_word' id='word_1_269' title='bbox 777 1922 927 1977; x_wconf 85' lang='lat' dir='ltr'>spem</span> <span class='ocrx_word' id='word_1_270' title='bbox 955 1908 1138 1961; x_wconf 87' lang='lat' dir='ltr'>vivam</span> <span class='ocrx_word' id='word_1_271' title='bbox 1175 1922 1273 1976; x_wconf 87' lang='lat' dir='ltr'>per</span> <span class='ocrx_word' id='word_1_272' title='bbox 1311 1909 1764 1962; x_wconf 82' lang='lat' dir='ltr'>resurrectionem</span> <span class='ocrx_word' id='word_1_273' title='bbox 1793 1908 1921 1960; x_wconf 86' lang='lat' dir='ltr'>Jesu</span> 
     </span>
    </p>
   </div>
   <div class='ocr_carea' id='block_1_36' title="bbox 206 1995 1921 2068">
    <p class='ocr_par' dir='ltr' id='par_1_36' title="bbox 206 1995 1921 2068">
     <span class='ocr_line' id='line_1_36' title="bbox 206 1995 1921 2068; baseline 0.001 -18"><span class='ocrx_word' id='word_1_274' title='bbox 206 1996 419 2050; x_wconf 80' lang='lat' dir='ltr'>Christi</span> <span class='ocrx_word' id='word_1_275' title='bbox 435 2011 508 2050; x_wconf 77' lang='lat' dir='ltr'>ex</span> <span class='ocrx_word' id='word_1_276' title='bbox 547 1997 796 2064; x_wconf 84' lang='lat' dir='ltr'>mortuis,</span> <span class='ocrx_word' id='word_1_277' title='bbox 832 1996 890 2051; x_wconf 85' lang='lat' dir='ltr'>in</span> <span class='ocrx_word' id='word_1_278' title='bbox 922 1995 1304 2052; x_wconf 71' lang='lat' dir='ltr'>haereditatem</span> <span class='ocrx_word' id='word_1_279' title='bbox 1334 1996 1838 2068; x_wconf 84' lang='lat' dir='ltr'>incorruptibilem,</span> <span class='ocrx_word' id='word_1_280' title='bbox 1870 2001 1921 2052; x_wconf 91' lang='lat' dir='ltr'>et</span> 
     </span>
    </p>
   </div>
   <div class='ocr_carea' id='block_1_37' title="bbox 205 2084 1917 2158">
    <p class='ocr_par' dir='ltr' id='par_1_37' title="bbox 205 2084 1917 2158">
     <span class='ocr_line' id='line_1_37' title="bbox 205 2084 1917 2158; baseline 0.001 -20"><span class='ocrx_word' id='word_1_281' title='bbox 205 2084 738 2154; x_wconf 78' lang='lat' dir='ltr'>incontaminatam,</span> <span class='ocrx_word' id='word_1_282' title='bbox 799 2090 847 2140; x_wconf 88' lang='lat' dir='ltr'>et</span> <span class='ocrx_word' id='word_1_283' title='bbox 899 2085 1405 2142; x_wconf 87' lang='lat' dir='ltr'>immarcescibilem</span> <span class='ocrx_word' id='word_1_284' title='bbox 1465 2089 1511 2154; x_wconf 87' lang='grc' dir='ltr'>(ι</span> <span class='ocrx_word' id='word_1_285' title='bbox 1563 2092 1680 2142; x_wconf 91' lang='lat' dir='ltr'>Pet.</span> <span class='ocrx_word' id='word_1_286' title='bbox 1741 2104 1780 2156; x_wconf 84' lang='lat'>1,</span> <span class='ocrx_word' id='word_1_287' title='bbox 1841 2087 1917 2158; x_wconf 87' lang='lat'>3).</span> 
     </span>
    </p>
   </div>
   <div class='ocr_carea' id='block_1_38' title="bbox 206 2176 1922 2248">
    <p class='ocr_par' dir='ltr' id='par_1_38' title="bbox 206 2176 1922 2248">
     <span class='ocr_line' id='line_1_38' title="bbox 206 2176 1922 2248; baseline 0 -15"><span class='ocrx_word' id='word_1_288' title='bbox 206 2177 429 2233; x_wconf 86' lang='lat' dir='ltr'>Coccus</span> <span class='ocrx_word' id='word_1_289' title='bbox 479 2177 653 2232; x_wconf 91' lang='lat' dir='ltr'>rubeo</span> <span class='ocrx_word' id='word_1_290' title='bbox 702 2176 891 2232; x_wconf 90' lang='lat' dir='ltr'>colore</span> <span class='ocrx_word' id='word_1_291' title='bbox 935 2176 1300 2245; x_wconf 88' lang='lat' dir='ltr'>ﬂammescit,</span> <span class='ocrx_word' id='word_1_292' title='bbox 1335 2179 1471 2248; x_wconf 89' lang='lat' dir='ltr'>quia</span> <span class='ocrx_word' id='word_1_293' title='bbox 1516 2177 1922 2248; x_wconf 91' lang='lat' dir='ltr'>quemimplet</span> 
     </span>
    </p>
   </div>
   <div class='ocr_carea' id='block_1_39' title="bbox 206 2262 1918 2335">
    <p class='ocr_par' dir='ltr' id='par_1_39' title="bbox 206 2262 1918 2335">
     <span class='ocr_line' id='line_1_39' title="bbox 206 2262 1918 2335; baseline 0.001 -16"><span class='ocrx_word' id='word_1_294' title='bbox 206 2262 466 2319; x_wconf 89' lang='lat' dir='ltr'>charitas</span> <span class='ocrx_word' id='word_1_295' title='bbox 497 2263 776 2319; x_wconf 89' lang='lat' dir='ltr'>incendit.</span> <span class='ocrx_word' id='word_1_296' title='bbox 803 2263 964 2320; x_wconf 92' lang='lat' dir='ltr'>Unde</span> <span class='ocrx_word' id='word_1_297' title='bbox 995 2273 1048 2319; x_wconf 91' lang='lat' dir='ltr'>el</span> <span class='ocrx_word' id='word_1_298' title='bbox 1072 2264 1127 2319; x_wconf 92' lang='lat' dir='ltr'>in</span> <span class='ocrx_word' id='word_1_299' title='bbox 1162 2264 1469 2335; x_wconf 82' lang='lat' dir='ltr'>Evangelio</span> <span class='ocrx_word' id='word_1_300' title='bbox 1501 2264 1725 2321; x_wconf 88' lang='lat' dir='ltr'>Veritas</span> <span class='ocrx_word' id='word_1_301' title='bbox 1751 2264 1918 2321; x_wconf 88' lang='lat' dir='ltr'>dicit:</span> 
     </span>
    </p>
   </div>
   <div class='ocr_carea' id='block_1_40' title="bbox 206 2351 1919 2423">
    <p class='ocr_par' dir='ltr' id='par_1_40' title="bbox 206 2351 1919 2423">
     <span class='ocr_line' id='line_1_40' title="bbox 206 2351 1919 2423; baseline 0 -16"><span class='ocrx_word' id='word_1_302' title='bbox 206 2353 398 2423; x_wconf 81' lang='lat' dir='ltr'>Ignem</span> <span class='ocrx_word' id='word_1_303' title='bbox 437 2351 563 2407; x_wconf 81' lang='lat' dir='ltr'>veni</span> <span class='ocrx_word' id='word_1_304' title='bbox 591 2351 812 2406; x_wconf 78' lang='lat' dir='ltr'>mittere</span> <span class='ocrx_word' id='word_1_305' title='bbox 861 2353 920 2406; x_wconf 89' lang='lat' dir='ltr'>in</span> <span class='ocrx_word' id='word_1_306' title='bbox 950 2360 1148 2407; x_wconf 85' lang='lat' dir='ltr'>terram</span> <span class='ocrx_word' id='word_1_307' title='bbox 1183 2353 1350 2422; x_wconf 86' lang='lat' dir='ltr'>(Luc.</span> <span class='ocrx_word' id='word_1_308' title='bbox 1385 2369 1488 2419; x_wconf 76' lang='lat' dir='ltr'>x11,</span> <span class='ocrx_word' id='word_1_309' title='bbox 1521 2352 1587 2406; x_wconf 76' lang='grc'>49</span> <span class='ocrx_word' id='word_1_310' title='bbox 1609 2355 1648 2423; x_wconf 93' lang='grc'>).</span> <span class='ocrx_word' id='word_1_311' title='bbox 1685 2353 1796 2407; x_wconf 89' lang='lat' dir='ltr'>Sed</span> <span class='ocrx_word' id='word_1_312' title='bbox 1831 2352 1919 2408; x_wconf 90' lang='lat' dir='ltr'>bis</span> 
     </span>
    </p>
   </div>
   <div class='ocr_carea' id='block_1_41' title="bbox 206 2439 1920 2511">
    <p class='ocr_par' dir='ltr' id='par_1_41' title="bbox 206 2439 1920 2511">
     <span class='ocr_line' id='line_1_41' title="bbox 206 2439 1920 2511; baseline 0.001 -17"><span class='ocrx_word' id='word_1_313' title='bbox 206 2440 436 2494; x_wconf 84' lang='lat' dir='ltr'>tinctus</span> <span class='ocrx_word' id='word_1_314' title='bbox 491 2453 698 2496; x_wconf 84' lang='lat' dir='ltr'>coccus</span> <span class='ocrx_word' id='word_1_315' title='bbox 742 2440 932 2494; x_wconf 78' lang='lat' dir='ltr'>oll&#39;erri</span> <span class='ocrx_word' id='word_1_316' title='bbox 983 2440 1335 2511; x_wconf 70' lang='lat' dir='ltr'>praecipitur,</span> <span class='ocrx_word' id='word_1_317' title='bbox 1383 2445 1449 2494; x_wconf 91' lang='lat' dir='ltr'>ut</span> <span class='ocrx_word' id='word_1_318' title='bbox 1496 2439 1762 2494; x_wconf 88' lang='lat' dir='ltr'>videlicet</span> <span class='ocrx_word' id='word_1_319' title='bbox 1794 2448 1920 2496; x_wconf 91' lang='lat' dir='ltr'>ante</span> 
     </span>
    </p>
   </div>
   <div class='ocr_carea' id='block_1_42' title="bbox 207 2528 1923 2600">
    <p class='ocr_par' dir='ltr' id='par_1_42' title="bbox 207 2528 1923 2600">
     <span class='ocr_line' id='line_1_42' title="bbox 207 2528 1923 2600; baseline 0.001 -17"><span class='ocrx_word' id='word_1_320' title='bbox 207 2529 427 2584; x_wconf 88' lang='lat' dir='ltr'>interni</span> <span class='ocrx_word' id='word_1_321' title='bbox 460 2529 680 2600; x_wconf 84' lang='lat' dir='ltr'>judicia</span> <span class='ocrx_word' id='word_1_322' title='bbox 711 2528 909 2585; x_wconf 90' lang='lat' dir='ltr'>oculos</span> <span class='ocrx_word' id='word_1_323' title='bbox 941 2530 1194 2585; x_wconf 88' lang='lat' dir='ltr'>charitas</span> <span class='ocrx_word' id='word_1_324' title='bbox 1229 2534 1423 2585; x_wconf 89' lang='lat' dir='ltr'>nostra</span> <span class='ocrx_word' id='word_1_325' title='bbox 1455 2530 1552 2584; x_wconf 92' lang='lat' dir='ltr'>Dei</span> <span class='ocrx_word' id='word_1_326' title='bbox 1587 2538 1638 2586; x_wconf 90' lang='lat' dir='ltr'>et</span> <span class='ocrx_word' id='word_1_327' title='bbox 1673 2531 1923 2600; x_wconf 80' lang='lat' dir='ltr'>proximi</span> 
     </span>
    </p>
   </div>
   <div class='ocr_carea' id='block_1_43' title="bbox 208 2618 1923 2690">
    <p class='ocr_par' dir='ltr' id='par_1_43' title="bbox 208 2618 1923 2690">
     <span class='ocr_line' id='line_1_43' title="bbox 208 2618 1923 2690; baseline 0.002 -17"><span class='ocrx_word' id='word_1_328' title='bbox 208 2618 524 2674; x_wconf 88' lang='lat' dir='ltr'>dilectione</span> <span class='ocrx_word' id='word_1_329' title='bbox 573 2619 1208 2690; x_wconf 87' lang='lat' dir='ltr'>coloretur;quatenus</span> <span class='ocrx_word' id='word_1_330' title='bbox 1263 2635 1539 2676; x_wconf 86' lang='lat' dir='ltr'>conversa</span> <span class='ocrx_word' id='word_1_331' title='bbox 1597 2635 1758 2675; x_wconf 90' lang='lat' dir='ltr'>mens</span> <span class='ocrx_word' id='word_1_332' title='bbox 1817 2635 1923 2676; x_wconf 89' lang='lat' dir='ltr'>nec</span> 
     </span>
    </p>
   </div>
   <div class='ocr_carea' id='block_1_44' title="bbox 207 2707 1924 2781">
    <p class='ocr_par' dir='ltr' id='par_1_44' title="bbox 207 2707 1924 2781">
     <span class='ocr_line' id='line_1_44' title="bbox 207 2707 1924 2781; baseline 0 -17"><span class='ocrx_word' id='word_1_333' title='bbox 207 2707 305 2764; x_wconf 87' lang='lat' dir='ltr'>sic</span> <span class='ocrx_word' id='word_1_334' title='bbox 343 2723 440 2778; x_wconf 89' lang='lat' dir='ltr'>pro</span> <span class='ocrx_word' id='word_1_335' title='bbox 459 2724 648 2764; x_wconf 84' lang='lat' dir='ltr'>amore</span> <span class='ocrx_word' id='word_1_336' title='bbox 679 2708 780 2764; x_wconf 89' lang='lat' dir='ltr'>Dei</span> <span class='ocrx_word' id='word_1_337' title='bbox 811 2709 1066 2780; x_wconf 91' lang='lat' dir='ltr'>quietem</span> <span class='ocrx_word' id='word_1_338' title='bbox 1096 2709 1314 2781; x_wconf 83' lang='lat' dir='ltr'>diligat,</span> <span class='ocrx_word' id='word_1_339' title='bbox 1349 2713 1414 2764; x_wconf 91' lang='lat' dir='ltr'>ut</span> <span class='ocrx_word' id='word_1_340' title='bbox 1443 2725 1642 2766; x_wconf 91' lang='lat' dir='ltr'>curam</span> <span class='ocrx_word' id='word_1_341' title='bbox 1677 2709 1924 2780; x_wconf 81' lang='lat' dir='ltr'>proximi</span> 
     </span>
    </p>
   </div>
   <div class='ocr_carea' id='block_1_45' title="bbox 206 2797 1921 2870">
    <p class='ocr_par' dir='ltr' id='par_1_45' title="bbox 206 2797 1921 2870">
     <span class='ocr_line' id='line_1_45' title="bbox 206 2797 1921 2870; baseline 0.001 -18"><span class='ocrx_word' id='word_1_342' title='bbox 206 2797 645 2870; x_wconf 83' lang='lat' dir='ltr'>utilitatemque</span> <span class='ocrx_word' id='word_1_343' title='bbox 672 2807 1008 2870; x_wconf 86' lang='lat' dir='ltr'>postponat;</span> <span class='ocrx_word' id='word_1_344' title='bbox 1045 2815 1147 2854; x_wconf 91' lang='lat' dir='ltr'>nec</span> <span class='ocrx_word' id='word_1_345' title='bbox 1179 2799 1262 2854; x_wconf 92' lang='lat' dir='ltr'>sic</span> <span class='ocrx_word' id='word_1_346' title='bbox 1301 2815 1404 2870; x_wconf 93' lang='lat' dir='ltr'>pro</span> <span class='ocrx_word' id='word_1_347' title='bbox 1437 2815 1632 2854; x_wconf 86' lang='lat' dir='ltr'>amore</span> <span class='ocrx_word' id='word_1_348' title='bbox 1675 2799 1921 2869; x_wconf 79' lang='lat' dir='ltr'>proximi</span> 
     </span>
    </p>
   </div>
   <div class='ocr_carea' id='block_1_46' title="bbox 201 2888 1920 2959">
    <p class='ocr_par' dir='ltr' id='par_1_46' title="bbox 201 2888 1920 2959">
     <span class='ocr_line' id='line_1_46' title="bbox 201 2888 1920 2959; baseline 0 -15"><span class='ocrx_word' id='word_1_349' title='bbox 201 2897 497 2958; x_wconf 83' lang='lat' dir='ltr'>occupata</span> <span class='ocrx_word' id='word_1_350' title='bbox 535 2888 831 2958; x_wconf 88' lang='lat' dir='ltr'>inserviat,</span> <span class='ocrx_word' id='word_1_351' title='bbox 884 2899 943 2943; x_wconf 91' lang='lat' dir='ltr'>ut</span> <span class='ocrx_word' id='word_1_352' title='bbox 992 2889 1246 2959; x_wconf 82' lang='lat' dir='ltr'>quietem</span> <span class='ocrx_word' id='word_1_353' title='bbox 1304 2889 1570 2944; x_wconf 83' lang='lat' dir='ltr'>funditus</span> <span class='ocrx_word' id='word_1_354' title='bbox 1625 2889 1920 2958; x_wconf 88' lang='lat' dir='ltr'>deserens,</span> 
     </span>
    </p>
   </div>
   <div class='ocr_carea' id='block_1_47' title="bbox 199 2977 1922 3050">
    <p class='ocr_par' dir='ltr' id='par_1_47' title="bbox 199 2977 1922 3050">
     <span class='ocr_line' id='line_1_47' title="bbox 199 2977 1922 3050; baseline 0.001 -18"><span class='ocrx_word' id='word_1_355' title='bbox 199 2978 406 3049; x_wconf 85' lang='lat' dir='ltr'>ignem</span> <span class='ocrx_word' id='word_1_356' title='bbox 440 2977 498 3032; x_wconf 93' lang='lat' dir='ltr'>in</span> <span class='ocrx_word' id='word_1_357' title='bbox 522 2994 583 3033; x_wconf 89' lang='lat' dir='ltr'>se</span> <span class='ocrx_word' id='word_1_358' title='bbox 604 2978 842 3049; x_wconf 87' lang='lat' dir='ltr'>superni</span> <span class='ocrx_word' id='word_1_359' title='bbox 867 2979 1082 3033; x_wconf 90' lang='lat' dir='ltr'>amoris</span> <span class='ocrx_word' id='word_1_360' title='bbox 1101 2977 1455 3050; x_wconf 86' lang='lat' dir='ltr'>exstinguat.</span> <span class='ocrx_word' id='word_1_361' title='bbox 1482 2977 1758 3048; x_wconf 87' lang='lat' dir='ltr'>Quisquis</span> <span class='ocrx_word' id='word_1_362' title='bbox 1788 2993 1922 3050; x_wconf 87' lang='lat' dir='ltr'>ergo</span> 
     </span>
    </p>
   </div>
   <div class='ocr_carea' id='block_1_48' title="bbox 2029 1815 3742 1887">
    <p class='ocr_par' dir='ltr' id='par_1_48' title="bbox 2029 1815 3742 1887">
     <span class='ocr_line' id='line_1_48' title="bbox 2029 1815 3742 1887; baseline 0 -18"><span class='ocrx_word' id='word_1_363' title='bbox 2029 1816 2332 1883; x_wconf 85' lang='lat' dir='ltr'>gehennam</span> <span class='ocrx_word' id='word_1_364' title='bbox 2379 1817 2544 1884; x_wconf 90' lang='lat' dir='ltr'>ignis.</span> <span class='ocrx_word' id='word_1_365' title='bbox 2591 1820 2666 1871; x_wconf 88' lang='lat' dir='ltr'>Ac</span> <span class='ocrx_word' id='word_1_366' title='bbox 2708 1819 2757 1872; x_wconf 93' lang='lat' dir='ltr'>si</span> <span class='ocrx_word' id='word_1_367' title='bbox 2798 1821 2991 1887; x_wconf 88' lang='lat' dir='ltr'>aperte</span> <span class='ocrx_word' id='word_1_368' title='bbox 3029 1817 3284 1872; x_wconf 90' lang='lat' dir='ltr'>diceret:</span> <span class='ocrx_word' id='word_1_369' title='bbox 3320 1817 3460 1870; x_wconf 91' lang='lat' dir='ltr'>Cum</span> <span class='ocrx_word' id='word_1_370' title='bbox 3503 1815 3572 1869; x_wconf 91' lang='lat' dir='ltr'>ad</span> <span class='ocrx_word' id='word_1_371' title='bbox 3605 1831 3742 1870; x_wconf 84' lang='lat' dir='ltr'>con-</span> 
     </span>
    </p>
   </div>
   <div class='ocr_carea' id='block_1_49' title="bbox 2028 1904 3734 1975">
    <p class='ocr_par' dir='ltr' id='par_1_49' title="bbox 2028 1904 3734 1975">
     <span class='ocr_line' id='line_1_49' title="bbox 2028 1904 3734 1975; baseline -0.001 -17"><span class='ocrx_word' id='word_1_372' title='bbox 2028 1905 2424 1975; x_wconf 85' lang='lat' dir='ltr'>templativam</span> <span class='ocrx_word' id='word_1_373' title='bbox 2474 1907 2652 1961; x_wconf 88' lang='lat' dir='ltr'>vitam</span> <span class='ocrx_word' id='word_1_374' title='bbox 2705 1907 2911 1963; x_wconf 90' lang='lat' dir='ltr'>idonea</span> <span class='ocrx_word' id='word_1_375' title='bbox 2955 1905 3302 1962; x_wconf 88' lang='lat' dir='ltr'>discretione</span> <span class='ocrx_word' id='word_1_376' title='bbox 3333 1922 3446 1960; x_wconf 92' lang='lat' dir='ltr'>non</span> <span class='ocrx_word' id='word_1_377' title='bbox 3489 1904 3734 1973; x_wconf 83' lang='lat' dir='ltr'>sufﬁcis,</span> 
     </span>
    </p>
   </div>
   <div class='ocr_carea' id='block_1_50' title="bbox 2031 1996 3736 2067">
    <p class='ocr_par' dir='ltr' id='par_1_50' title="bbox 2031 1996 3736 2067">
     <span class='ocr_line' id='line_1_50' title="bbox 2031 1996 3736 2067; baseline 0 -17"><span class='ocrx_word' id='word_1_378' title='bbox 2031 1996 2210 2051; x_wconf 90' lang='lat' dir='ltr'>solam</span> <span class='ocrx_word' id='word_1_379' title='bbox 2264 1997 2524 2052; x_wconf 90' lang='lat' dir='ltr'>securius</span> <span class='ocrx_word' id='word_1_380' title='bbox 2571 1998 2813 2054; x_wconf 88' lang='lat' dir='ltr'>activam</span> <span class='ocrx_word' id='word_1_381' title='bbox 2853 2001 3002 2052; x_wconf 87' lang='lat' dir='ltr'>tene.</span> <span class='ocrx_word' id='word_1_382' title='bbox 3038 1997 3300 2067; x_wconf 90' lang='lat' dir='ltr'>Cumque</span> <span class='ocrx_word' id='word_1_383' title='bbox 3331 1997 3390 2050; x_wconf 93' lang='lat' dir='ltr'>in</span> <span class='ocrx_word' id='word_1_384' title='bbox 3423 1996 3550 2061; x_wconf 90' lang='lat' dir='ltr'>hoc,</span> <span class='ocrx_word' id='word_1_385' title='bbox 3584 1996 3736 2066; x_wconf 91' lang='lat' dir='ltr'>quod</span> 
     </span>
    </p>
   </div>
   <div class='ocr_carea' id='block_1_51' title="bbox 2031 2086 3737 2158">
    <p class='ocr_par' dir='ltr' id='par_1_51' title="bbox 2031 2086 3737 2158">
     <span class='ocr_line' id='line_1_51' title="bbox 2031 2086 3737 2158; baseline 0.001 -19"><span class='ocrx_word' id='word_1_386' title='bbox 2031 2101 2133 2156; x_wconf 94' lang='lat' dir='ltr'>pro</span> <span class='ocrx_word' id='word_1_387' title='bbox 2183 2102 2394 2158; x_wconf 87' lang='lat' dir='ltr'>magno</span> <span class='ocrx_word' id='word_1_388' title='bbox 2443 2087 2629 2158; x_wconf 89' lang='lat' dir='ltr'>eligis,</span> <span class='ocrx_word' id='word_1_389' title='bbox 2681 2089 2904 2151; x_wconf 86' lang='lat' dir='ltr'>deﬁcis,</span> <span class='ocrx_word' id='word_1_390' title='bbox 2951 2103 3016 2142; x_wconf 94' lang='lat' dir='ltr'>eo</span> <span class='ocrx_word' id='word_1_391' title='bbox 3065 2091 3374 2142; x_wconf 86' lang='lat' dir='ltr'>contentus</span> <span class='ocrx_word' id='word_1_392' title='bbox 3403 2090 3547 2154; x_wconf 88' lang='lat' dir='ltr'>esto,</span> <span class='ocrx_word' id='word_1_393' title='bbox 3581 2086 3737 2157; x_wconf 91' lang='lat' dir='ltr'>quod</span> 
     </span>
    </p>
   </div>
   <div class='ocr_carea' id='block_1_52' title="bbox 2034 2175 3737 2248">
    <p class='ocr_par' dir='ltr' id='par_1_52' title="bbox 2034 2175 3737 2248">
     <span class='ocr_line' id='line_1_52' title="bbox 2034 2175 3737 2248; baseline -0.001 -17"><span class='ocrx_word' id='word_1_394' title='bbox 2034 2192 2133 2248; x_wconf 92' lang='lat' dir='ltr'>pro</span> <span class='ocrx_word' id='word_1_395' title='bbox 2156 2176 2399 2231; x_wconf 90' lang='lat' dir='ltr'>minimo</span> <span class='ocrx_word' id='word_1_396' title='bbox 2417 2177 2671 2232; x_wconf 90' lang='lat' dir='ltr'>attendis</span> <span class='ocrx_word' id='word_1_397' title='bbox 2708 2181 2805 2244; x_wconf 89' lang='lat' dir='ltr'>;ut</span> <span class='ocrx_word' id='word_1_398' title='bbox 2835 2177 2878 2232; x_wconf 90' lang='lat' dir='ltr'>si</span> <span class='ocrx_word' id='word_1_399' title='bbox 2915 2193 3012 2247; x_wconf 89' lang='lat' dir='ltr'>per</span> <span class='ocrx_word' id='word_1_400' title='bbox 3031 2175 3535 2246; x_wconf 88' lang='lat' dir='ltr'>contemplativam</span> <span class='ocrx_word' id='word_1_401' title='bbox 3560 2175 3737 2230; x_wconf 86' lang='lat' dir='ltr'>vitam</span> 
     </span>
    </p>
   </div>
   <div class='ocr_carea' id='block_1_53' title="bbox 2035 2265 3737 2336">
    <p class='ocr_par' dir='ltr' id='par_1_53' title="bbox 2035 2265 3737 2336">
     <span class='ocr_line' id='line_1_53' title="bbox 2035 2265 3737 2336; baseline 0.001 -18"><span class='ocrx_word' id='word_1_402' title='bbox 2035 2281 2066 2318; x_wconf 90' lang='lat' dir='ltr'>a</span> <span class='ocrx_word' id='word_1_403' title='bbox 2113 2266 2371 2321; x_wconf 87' lang='lat' dir='ltr'>veritatis</span> <span class='ocrx_word' id='word_1_404' title='bbox 2420 2266 2750 2336; x_wconf 87' lang='lat' dir='ltr'>cognitione</span> <span class='ocrx_word' id='word_1_405' title='bbox 2799 2265 3166 2336; x_wconf 90' lang='lat' dir='ltr'>compelleris</span> <span class='ocrx_word' id='word_1_406' title='bbox 3213 2265 3438 2329; x_wconf 85' lang='lat' dir='ltr'>cadere,</span> <span class='ocrx_word' id='word_1_407' title='bbox 3494 2279 3737 2334; x_wconf 90' lang='lat' dir='ltr'>regnum</span> 
     </span>
    </p>
   </div>
   <div class='ocr_carea' id='block_1_54' title="bbox 2035 2353 3736 2425">
    <p class='ocr_par' dir='ltr' id='par_1_54' title="bbox 2035 2353 3736 2425">
     <span class='ocr_line' id='line_1_54' title="bbox 2035 2353 3736 2425; baseline -0.002 -16"><span class='ocrx_word' id='word_1_408' title='bbox 2035 2355 2310 2410; x_wconf 80' lang='lat' dir='ltr'>ccelorum</span> <span class='ocrx_word' id='word_1_409' title='bbox 2345 2372 2443 2425; x_wconf 88' lang='lat' dir='ltr'>per</span> <span class='ocrx_word' id='word_1_410' title='bbox 2473 2357 2658 2410; x_wconf 86' lang='lat' dir='ltr'>solam</span> <span class='ocrx_word' id='word_1_411' title='bbox 2693 2356 2936 2411; x_wconf 89' lang='lat' dir='ltr'>activam</span> <span class='ocrx_word' id='word_1_412' title='bbox 2970 2355 3163 2411; x_wconf 89' lang='lat' dir='ltr'>valeas</span> <span class='ocrx_word' id='word_1_413' title='bbox 3195 2353 3391 2409; x_wconf 86' lang='lat' dir='ltr'>saltem</span> <span class='ocrx_word' id='word_1_414' title='bbox 3425 2353 3622 2408; x_wconf 89' lang='lat' dir='ltr'>luscus</span> <span class='ocrx_word' id='word_1_415' title='bbox 3655 2353 3736 2407; x_wconf 86' lang='lat' dir='ltr'>in-</span> 
     </span>
    </p>
   </div>
   <div class='ocr_carea' id='block_1_55' title="bbox 2033 2444 3739 2512">
    <p class='ocr_par' dir='ltr' id='par_1_55' title="bbox 2033 2444 3739 2512">
     <span class='ocr_line' id='line_1_55' title="bbox 2033 2444 3739 2512; baseline -0.002 -12"><span class='ocrx_word' id='word_1_416' title='bbox 2033 2450 2202 2501; x_wconf 76' lang='lat' dir='ltr'>trare.</span> <span class='ocrx_word' id='word_1_417' title='bbox 2257 2447 2397 2500; x_wconf 86' lang='lat' dir='ltr'>Hinc</span> <span class='ocrx_word' id='word_1_418' title='bbox 2448 2462 2679 2500; x_wconf 91' lang='lat' dir='ltr'>rursum</span> <span class='ocrx_word' id='word_1_419' title='bbox 2724 2445 2862 2499; x_wconf 92' lang='lat' dir='ltr'>dicit</span> <span class='ocrx_word' id='word_1_420' title='bbox 2898 2463 2909 2498; x_wconf 90' lang='lat'><strong>:</strong></span> <span class='ocrx_word' id='word_1_421' title='bbox 2945 2446 3048 2512; x_wconf 84' lang='lat' dir='ltr'>Qui</span> <span class='ocrx_word' id='word_1_422' title='bbox 3077 2444 3537 2498; x_wconf 71' lang='lat' dir='ltr'>scandalizaverit</span> <span class='ocrx_word' id='word_1_423' title='bbox 3566 2458 3739 2496; x_wconf 87' lang='lat' dir='ltr'>unum</span> 
     </span>
    </p>
   </div>
   <div class='ocr_carea' id='block_1_56' title="bbox 2033 2535 3742 2606">
    <p class='ocr_par' dir='ltr' id='par_1_56' title="bbox 2033 2535 3742 2606">
     <span class='ocr_line' id='line_1_56' title="bbox 2033 2535 3742 2606; baseline -0.003 -15"><span class='ocrx_word' id='word_1_424' title='bbox 2033 2537 2097 2591; x_wconf 87' lang='lat' dir='ltr'>de</span> <span class='ocrx_word' id='word_1_425' title='bbox 2126 2536 2346 2604; x_wconf 79' lang='lat' dir='ltr'>pusillis</span> <span class='ocrx_word' id='word_1_426' title='bbox 2377 2537 2500 2591; x_wconf 85' lang='lat' dir='ltr'>istis</span> <span class='ocrx_word' id='word_1_427' title='bbox 2530 2537 2623 2605; x_wconf 87' lang='lat' dir='ltr'>qui</span> <span class='ocrx_word' id='word_1_428' title='bbox 2644 2535 2703 2590; x_wconf 85' lang='lat' dir='ltr'>in</span> <span class='ocrx_word' id='word_1_429' title='bbox 2735 2552 2818 2590; x_wconf 90' lang='lat' dir='ltr'>me</span> <span class='ocrx_word' id='word_1_430' title='bbox 2838 2536 3090 2604; x_wconf 85' lang='lat' dir='ltr'>credunt,</span> <span class='ocrx_word' id='word_1_431' title='bbox 3114 2535 3330 2606; x_wconf 74' lang='lat' dir='ltr'>expedit</span> <span class='ocrx_word' id='word_1_432' title='bbox 3352 2535 3404 2590; x_wconf 90' lang='lat' dir='ltr'>ei</span> <span class='ocrx_word' id='word_1_433' title='bbox 3435 2537 3492 2588; x_wconf 89' lang='lat' dir='ltr'>ut</span> <span class='ocrx_word' id='word_1_434' title='bbox 3513 2548 3742 2603; x_wconf 82' lang='lat' dir='ltr'>suspen-</span> 
     </span>
    </p>
   </div>
   <div class='ocr_carea' id='block_1_57' title="bbox 2033 2623 3742 2694">
    <p class='ocr_par' dir='ltr' id='par_1_57' title="bbox 2033 2623 3742 2694">
     <span class='ocr_line' id='line_1_57' title="bbox 2033 2623 3742 2694; baseline -0.003 -13"><span class='ocrx_word' id='word_1_435' title='bbox 2033 2627 2194 2681; x_wconf 85' lang='lat' dir='ltr'>datu-r</span> <span class='ocrx_word' id='word_1_436' title='bbox 2241 2627 2384 2682; x_wconf 90' lang='lat' dir='ltr'>mola</span> <span class='ocrx_word' id='word_1_437' title='bbox 2433 2628 2681 2680; x_wconf 86' lang='lat' dir='ltr'>asinaria</span> <span class='ocrx_word' id='word_1_438' title='bbox 2731 2627 2789 2680; x_wconf 84' lang='lat' dir='ltr'>in</span> <span class='ocrx_word' id='word_1_439' title='bbox 2838 2627 2975 2680; x_wconf 87' lang='lat' dir='ltr'>collo</span> <span class='ocrx_word' id='word_1_440' title='bbox 3020 2627 3154 2693; x_wconf 84' lang='lat' dir='ltr'>eius,</span> <span class='ocrx_word' id='word_1_441' title='bbox 3216 2633 3268 2680; x_wconf 89' lang='lat' dir='ltr'>et</span> <span class='ocrx_word' id='word_1_442' title='bbox 3305 2624 3653 2694; x_wconf 84' lang='lat' dir='ltr'>demergatur</span> <span class='ocrx_word' id='word_1_443' title='bbox 3683 2623 3742 2677; x_wconf 88' lang='lat' dir='ltr'>in</span> 
     </span>
    </p>
   </div>
   <div class='ocr_carea' id='block_1_58' title="bbox 2031 2716 3739 2788">
    <p class='ocr_par' dir='ltr' id='par_1_58' title="bbox 2031 2716 3739 2788">
     <span class='ocr_line' id='line_1_58' title="bbox 2031 2716 3739 2788; baseline -0.002 -17"><span class='ocrx_word' id='word_1_444' title='bbox 2031 2718 2364 2788; x_wconf 83' lang='lat' dir='ltr'>pro/undam</span> <span class='ocrx_word' id='word_1_445' title='bbox 2413 2719 2583 2773; x_wconf 87' lang='lat' dir='ltr'>maris</span> <span class='ocrx_word' id='word_1_446' title='bbox 2616 2718 2821 2779; x_wconf 84' lang='lat' dir='ltr'>(Matth.</span> <span class='ocrx_word' id='word_1_447' title='bbox 2874 2733 3033 2784; x_wconf 83' lang='lat' dir='ltr'>xvm,</span> <span class='ocrx_word' id='word_1_448' title='bbox 3085 2718 3163 2786; x_wconf 91' lang='lat'>6).</span> <span class='ocrx_word' id='word_1_449' title='bbox 3210 2716 3356 2782; x_wconf 91' lang='lat' dir='ltr'>Quid</span> <span class='ocrx_word' id='word_1_450' title='bbox 3410 2730 3510 2786; x_wconf 92' lang='lat' dir='ltr'>per</span> <span class='ocrx_word' id='word_1_451' title='bbox 3559 2729 3739 2780; x_wconf 88' lang='lat' dir='ltr'>mare,</span> 
     </span>
    </p>
   </div>
   <div class='ocr_carea' id='block_1_59' title="bbox 2034 2804 3740 2878">
    <p class='ocr_par' dir='ltr' id='par_1_59' title="bbox 2034 2804 3740 2878">
     <span class='ocr_line' id='line_1_59' title="bbox 2034 2804 3740 2878; baseline -0.003 -14"><span class='ocrx_word' id='word_1_452' title='bbox 2034 2810 2149 2864; x_wconf 90' lang='lat' dir='ltr'>nisi</span> <span class='ocrx_word' id='word_1_453' title='bbox 2198 2825 2452 2878; x_wconf 71' lang='lat' dir='ltr'>praesens</span> <span class='ocrx_word' id='word_1_454' title='bbox 2499 2809 2778 2864; x_wconf 62' lang='lat' dir='ltr'>saeculum</span> <span class='ocrx_word' id='word_1_455' title='bbox 2814 2809 2984 2878; x_wconf 91' lang='lat' dir='ltr'>;quid</span> <span class='ocrx_word' id='word_1_456' title='bbox 3017 2824 3118 2877; x_wconf 91' lang='lat' dir='ltr'>per</span> <span class='ocrx_word' id='word_1_457' title='bbox 3150 2808 3366 2862; x_wconf 92' lang='lat' dir='ltr'>molam</span> <span class='ocrx_word' id='word_1_458' title='bbox 3402 2804 3740 2870; x_wconf 88' lang='lat' dir='ltr'>asinariam,</span> 
     </span>
    </p>
   </div>
   <div class='ocr_carea' id='block_1_60' title="bbox 2034 2893 3740 2971">
    <p class='ocr_par' dir='ltr' id='par_1_60' title="bbox 2034 2893 3740 2971">
     <span class='ocr_line' id='line_1_60' title="bbox 2034 2893 3740 2971; baseline -0.004 -16"><span class='ocrx_word' id='word_1_459' title='bbox 2034 2900 2144 2955; x_wconf 90' lang='lat' dir='ltr'>nisi</span> <span class='ocrx_word' id='word_1_460' title='bbox 2193 2901 2342 2956; x_wconf 89' lang='lat' dir='ltr'>actio</span> <span class='ocrx_word' id='word_1_461' title='bbox 2387 2905 2617 2955; x_wconf 90' lang='lat' dir='ltr'>terrena</span> <span class='ocrx_word' id='word_1_462' title='bbox 2662 2899 2978 2971; x_wconf 84' lang='lat' dir='ltr'>signatur?</span> <span class='ocrx_word' id='word_1_463' title='bbox 3007 2900 3141 2964; x_wconf 72' lang='lat' dir='ltr'>Quaa</span> <span class='ocrx_word' id='word_1_464' title='bbox 3174 2899 3310 2952; x_wconf 93' lang='lat' dir='ltr'>dum</span> <span class='ocrx_word' id='word_1_465' title='bbox 3344 2897 3494 2953; x_wconf 91' lang='lat' dir='ltr'>colla</span> <span class='ocrx_word' id='word_1_466' title='bbox 3526 2893 3740 2950; x_wconf 87' lang='lat' dir='ltr'>mentis</span> 
     </span>
    </p>
   </div>
   <div class='ocr_carea' id='block_1_61' title="bbox 2035 2984 3737 3060">
    <p class='ocr_par' dir='ltr' id='par_1_61' title="bbox 2035 2984 3737 3060">
     <span class='ocr_line' id='line_1_61' title="bbox 2035 2984 3737 3060; baseline -0.004 -16"><span class='ocrx_word' id='word_1_467' title='bbox 2035 3006 2136 3060; x_wconf 89' lang='lat' dir='ltr'>per</span> <span class='ocrx_word' id='word_1_468' title='bbox 2148 2991 2330 3046; x_wconf 88' lang='lat' dir='ltr'>stulta</span> <span class='ocrx_word' id='word_1_469' title='bbox 2343 2989 2634 3045; x_wconf 91' lang='lat' dir='ltr'>desideria</span> <span class='ocrx_word' id='word_1_470' title='bbox 2651 2989 2908 3060; x_wconf 87' lang='lat' dir='ltr'>stringit,</span> <span class='ocrx_word' id='word_1_471' title='bbox 2936 2989 3084 3043; x_wconf 90' lang='lat' dir='ltr'>hanc</span> <span class='ocrx_word' id='word_1_472' title='bbox 3109 2989 3164 3042; x_wconf 92' lang='lat' dir='ltr'>in</span> <span class='ocrx_word' id='word_1_473' title='bbox 3189 2986 3407 3041; x_wconf 88' lang='lat' dir='ltr'>laboris</span> <span class='ocrx_word' id='word_1_474' title='bbox 3430 2984 3737 3040; x_wconf 89' lang='lat' dir='ltr'>circuitum</span> 
     </span>
    </p>
   </div>
   <div class='ocr_carea' id='block_1_62' title="bbox 200 3067 3740 3167">
    <p class='ocr_par' dir='ltr' id='par_1_62' title="bbox 200 3067 3740 3167">
     <span class='ocr_line' id='line_1_62' title="bbox 200 3067 3740 3167; baseline -0.003 -28"><span class='ocrx_word' id='word_1_475' title='bbox 200 3067 596 3139; x_wconf 61' lang='lat' dir='ltr'>semetipsum</span> <span class='ocrx_word' id='word_1_476' title='bbox 629 3067 744 3123; x_wconf 73' lang='lat' dir='ltr'>D00</span> <span class='ocrx_word' id='word_1_477' title='bbox 768 3069 891 3138; x_wconf 67' lang='lat' dir='ltr'>jam</span> <span class='ocrx_word' id='word_1_478' title='bbox 925 3068 1281 3122; x_wconf 60' lang='lat' dir='ltr'>sacriﬁcium</span> <span class='ocrx_word' id='word_1_479' title='bbox 1322 3067 1551 3167; x_wconf 57' lang='lat' dir='ltr'>Obtulit»</span> <span class='ocrx_word' id='word_1_480' title='bbox 1584 3069 1629 3122; x_wconf 74' lang='grc' dir='ltr'>εί</span> <span class='ocrx_word' id='word_1_481' title='bbox 1666 3068 1917 3136; x_wconf 62' lang='grc' dir='ltr'>Ρθτῗθοὶα</span> <span class='ocrx_word' id='word_1_482' title='bbox 1946 3104 1991 3167; x_wconf 79' lang='lat' dir='ltr'>C</span> <span class='ocrx_word' id='word_1_483' title='bbox 2034 3080 2232 3135; x_wconf 88' lang='lat' dir='ltr'>mittit.</span> <span class='ocrx_word' id='word_1_484' title='bbox 2252 3081 2612 3150; x_wconf 89' lang='lat' dir='ltr'>Suntitaque</span> <span class='ocrx_word' id='word_1_485' title='bbox 2637 3079 2897 3135; x_wconf 91' lang='lat' dir='ltr'>nonnulli</span> <span class='ocrx_word' id='word_1_486' title='bbox 2918 3078 3016 3150; x_wconf 90' lang='lat' dir='ltr'>qui</span> <span class='ocrx_word' id='word_1_487' title='bbox 3039 3079 3182 3133; x_wconf 91' lang='lat' dir='ltr'>dum</span> <span class='ocrx_word' id='word_1_488' title='bbox 3205 3081 3462 3131; x_wconf 89' lang='lat' dir='ltr'>terrenas</span> <span class='ocrx_word' id='word_1_489' title='bbox 3485 3073 3740 3130; x_wconf 82' lang='lat' dir='ltr'>actiones</span> 
     </span>
    </p>
   </div>
   <div class='ocr_carea' id='block_1_63' title="bbox 196 3157 1914 3226">
    <p class='ocr_par' dir='ltr' id='par_1_63' title="bbox 196 3157 1914 3226">
     <span class='ocr_line' id='line_1_63' title="bbox 196 3157 1914 3226; baseline 0 -14"><span class='ocrx_word' id='word_1_490' title='bbox 196 3158 514 3222; x_wconf 89' lang='lat' dir='ltr'>desiderat,</span> <span class='ocrx_word' id='word_1_491' title='bbox 547 3161 710 3213; x_wconf 88' lang='lat' dir='ltr'>curet</span> <span class='ocrx_word' id='word_1_492' title='bbox 756 3173 986 3214; x_wconf 89' lang='lat' dir='ltr'>necesse</span> <span class='ocrx_word' id='word_1_493' title='bbox 1017 3163 1124 3222; x_wconf 90' lang='lat' dir='ltr'>est,</span> <span class='ocrx_word' id='word_1_494' title='bbox 1169 3162 1231 3212; x_wconf 92' lang='lat' dir='ltr'>ut</span> <span class='ocrx_word' id='word_1_495' title='bbox 1253 3173 1368 3212; x_wconf 94' lang='lat' dir='ltr'>non</span> <span class='ocrx_word' id='word_1_496' title='bbox 1390 3157 1578 3214; x_wconf 91' lang='lat' dir='ltr'>solum</span> <span class='ocrx_word' id='word_1_497' title='bbox 1611 3158 1680 3211; x_wconf 90' lang='lat' dir='ltr'>ad</span> <span class='ocrx_word' id='word_1_498' title='bbox 1713 3174 1914 3226; x_wconf 87' lang='lat' dir='ltr'>opera-</span> 
     </span>
    </p>
   </div>
   <div class='ocr_carea' id='block_1_64' title="bbox 195 3246 1919 3312">
    <p class='ocr_par' dir='ltr' id='par_1_64' title="bbox 195 3246 1919 3312">
     <span class='ocr_line' id='line_1_64' title="bbox 195 3246 1919 3312; baseline -0.001 -8"><span class='ocrx_word' id='word_1_499' title='bbox 195 3247 385 3304; x_wconf 88' lang='lat' dir='ltr'>tionis</span> <span class='ocrx_word' id='word_1_500' title='bbox 429 3263 490 3302; x_wconf 89' lang='lat' dir='ltr'>se</span> <span class='ocrx_word' id='word_1_501' title='bbox 539 3247 932 3312; x_wconf 88' lang='lat' dir='ltr'>latitudinem,</span> <span class='ocrx_word' id='word_1_502' title='bbox 975 3263 1175 3302; x_wconf 91' lang='lat' dir='ltr'>verum</span> <span class='ocrx_word' id='word_1_503' title='bbox 1209 3249 1376 3302; x_wconf 88' lang='lat' dir='ltr'>etiam</span> <span class='ocrx_word' id='word_1_504' title='bbox 1402 3247 1476 3302; x_wconf 91' lang='lat' dir='ltr'>ad</span> <span class='ocrx_word' id='word_1_505' title='bbox 1506 3246 1761 3303; x_wconf 89' lang='lat' dir='ltr'>culmina</span> <span class='ocrx_word' id='word_1_506' title='bbox 1786 3263 1919 3303; x_wconf 86' lang='lat' dir='ltr'>con-</span> 
     </span>
    </p>
   </div>
   <div class='ocr_carea' id='block_1_65' title="bbox 195 3335 915 3406">
    <p class='ocr_par' dir='ltr' id='par_1_65' title="bbox 195 3335 915 3406">
     <span class='ocr_line' id='line_1_65' title="bbox 195 3335 915 3406; baseline -0.004 -13"><span class='ocrx_word' id='word_1_507' title='bbox 195 3335 604 3406; x_wconf 84' lang='lat' dir='ltr'>templationis</span> <span class='ocrx_word' id='word_1_508' title='bbox 628 3337 915 3392; x_wconf 86' lang='lat' dir='ltr'>extendat.</span> 
     </span>
    </p>
   </div>
   <div class='ocr_carea' id='block_1_66' title="bbox 268 3424 1915 3496">
    <p class='ocr_par' dir='ltr' id='par_1_66' title="bbox 268 3424 1915 3496">
     <span class='ocr_line' id='line_1_66' title="bbox 268 3424 1915 3496; baseline 0.001 -18"><span class='ocrx_word' id='word_1_509' title='bbox 268 3426 426 3496; x_wconf 70' lang='grc' dir='ltr'>[νει.</span> <span class='ocrx_word' id='word_1_510' title='bbox 477 3424 671 3495; x_wconf 77' lang='lat' dir='ltr'>XXVI.)</span> <span class='ocrx_word' id='word_1_511' title='bbox 725 3425 814 3480; x_wconf 89' lang='lat'>57.</span> <span class='ocrx_word' id='word_1_512' title='bbox 870 3425 986 3480; x_wconf 85' lang='lat' dir='ltr'>Vita</span> <span class='ocrx_word' id='word_1_513' title='bbox 1051 3427 1230 3480; x_wconf 83' lang='lat' dir='ltr'>activa</span> <span class='ocrx_word' id='word_1_514' title='bbox 1285 3425 1436 3492; x_wconf 81' lang='lat' dir='ltr'>aliis,</span> <span class='ocrx_word' id='word_1_515' title='bbox 1491 3426 1620 3480; x_wconf 87' lang='lat' dir='ltr'>aliis</span> <span class='ocrx_word' id='word_1_516' title='bbox 1672 3431 1915 3482; x_wconf 87' lang='lat' dir='ltr'>eontem-</span> 
     </span>
    </p>
   </div>
   <div class='ocr_carea' id='block_1_67' title="bbox 190 3515 1916 3587">
    <p class='ocr_par' dir='ltr' id='par_1_67' title="bbox 190 3515 1916 3587">
     <span class='ocr_line' id='line_1_67' title="bbox 190 3515 1916 3587; baseline 0 -17"><span class='ocrx_word' id='word_1_517' title='bbox 190 3516 410 3586; x_wconf 80' lang='lat' dir='ltr'>plativa</span> <span class='ocrx_word' id='word_1_518' title='bbox 458 3517 634 3583; x_wconf 87' lang='lat' dir='ltr'>magis</span> <span class='ocrx_word' id='word_1_519' title='bbox 689 3517 970 3586; x_wconf 86' lang='lat' dir='ltr'>congruit.</span> <span class='ocrx_word' id='word_1_520' title='bbox 1003 3515 1280 3571; x_wconf 73' lang='lat' dir='ltr'>Alter-utra</span> <span class='ocrx_word' id='word_1_521' title='bbox 1310 3516 1503 3585; x_wconf 87' lang='lat' dir='ltr'>cuique</span> <span class='ocrx_word' id='word_1_522' title='bbox 1535 3531 1636 3585; x_wconf 85' lang='lat' dir='ltr'>pro</span> <span class='ocrx_word' id='word_1_523' title='bbox 1687 3515 1916 3587; x_wconf 85' lang='lat' dir='ltr'>ingenio</span> 
     </span>
    </p>
   </div>
   <div class='ocr_carea' id='block_1_68' title="bbox 193 3604 1916 3677">
    <p class='ocr_par' dir='ltr' id='par_1_68' title="bbox 193 3604 1916 3677">
     <span class='ocr_line' id='line_1_68' title="bbox 193 3604 1916 3677; baseline 0.001 -17"><span class='ocrx_word' id='word_1_524' title='bbox 193 3604 446 3661; x_wconf 84' lang='lat' dir='ltr'>colenda.</span> <span class='ocrx_word' id='word_1_525' title='bbox 483 3635 552 3646; x_wconf 90' lang='lat'><strong><em>—</em></strong></span> <span class='ocrx_word' id='word_1_526' title='bbox 577 3605 678 3660; x_wconf 90' lang='lat' dir='ltr'>Sed</span> <span class='ocrx_word' id='word_1_527' title='bbox 736 3606 884 3660; x_wconf 91' lang='lat' dir='ltr'>inter</span> <span class='ocrx_word' id='word_1_528' title='bbox 930 3605 1051 3660; x_wconf 68' lang='lat' dir='ltr'>haec</span> <span class='ocrx_word' id='word_1_529' title='bbox 1095 3622 1444 3677; x_wconf 85' lang='lat' dir='ltr'>magnopere</span> <span class='ocrx_word' id='word_1_530' title='bbox 1473 3606 1774 3662; x_wconf 89' lang='lat' dir='ltr'>sciendum</span> <span class='ocrx_word' id='word_1_531' title='bbox 1805 3611 1916 3673; x_wconf 90' lang='lat' dir='ltr'>est,</span> 
     </span>
    </p>
   </div>
   <div class='ocr_carea' id='block_1_69' title="bbox 198 3692 1914 3768">
    <p class='ocr_par' dir='ltr' id='par_1_69' title="bbox 198 3692 1914 3768">
     <span class='ocr_line' id='line_1_69' title="bbox 198 3692 1914 3768; baseline 0.001 -19"><span class='ocrx_word' id='word_1_532' title='bbox 198 3694 346 3766; x_wconf 88' lang='lat' dir='ltr'>quia</span> <span class='ocrx_word' id='word_1_533' title='bbox 364 3694 529 3749; x_wconf 88' lang='lat' dir='ltr'>valde</span> <span class='ocrx_word' id='word_1_534' title='bbox 550 3692 701 3750; x_wconf 91' lang='lat' dir='ltr'>inter</span> <span class='ocrx_word' id='word_1_535' title='bbox 722 3709 783 3750; x_wconf 90' lang='lat' dir='ltr'>se</span> <span class='ocrx_word' id='word_1_536' title='bbox 807 3693 1046 3750; x_wconf 59' lang='lat' dir='ltr'>diversae</span> <span class='ocrx_word' id='word_1_537' title='bbox 1067 3701 1204 3750; x_wconf 88' lang='lat' dir='ltr'>sunt</span> <span class='ocrx_word' id='word_1_538' title='bbox 1227 3697 1301 3767; x_wconf 81' lang='grc' dir='ltr'>(α)</span> <span class='ocrx_word' id='word_1_539' title='bbox 1327 3696 1766 3768; x_wconf 87' lang='lat' dir='ltr'>conspersiones</span> <span class='ocrx_word' id='word_1_540' title='bbox 1787 3697 1914 3752; x_wconf 86' lang='lat' dir='ltr'>ani-</span> 
     </span>
    </p>
   </div>
   <div class='ocr_carea' id='block_1_70' title="bbox 195 3783 1916 3855">
    <p class='ocr_par' dir='ltr' id='par_1_70' title="bbox 195 3783 1916 3855">
     <span class='ocr_line' id='line_1_70' title="bbox 195 3783 1916 3855; baseline 0 -14"><span class='ocrx_word' id='word_1_541' title='bbox 195 3799 454 3841; x_wconf 90' lang='lat' dir='ltr'>morum.</span> <span class='ocrx_word' id='word_1_542' title='bbox 476 3783 752 3839; x_wconf 91' lang='lat' dir='ltr'>Nonnulli</span> <span class='ocrx_word' id='word_1_543' title='bbox 773 3800 1024 3855; x_wconf 90' lang='lat' dir='ltr'>namque</span> <span class='ocrx_word' id='word_1_544' title='bbox 1051 3785 1351 3840; x_wconf 84' lang='lat' dir='ltr'>hominum</span> <span class='ocrx_word' id='word_1_545' title='bbox 1377 3785 1457 3842; x_wconf 91' lang='lat' dir='ltr'>ita</span> <span class='ocrx_word' id='word_1_546' title='bbox 1481 3787 1678 3841; x_wconf 64' lang='lat' dir='ltr'>otiosae</span> <span class='ocrx_word' id='word_1_547' title='bbox 1699 3786 1916 3842; x_wconf 87' lang='lat' dir='ltr'>mentis</span> 
     </span>
    </p>
   </div>
   <div class='ocr_carea' id='block_1_71' title="bbox 197 3872 1918 3947">
    <p class='ocr_par' dir='ltr' id='par_1_71' title="bbox 197 3872 1918 3947">
     <span class='ocr_line' id='line_1_71' title="bbox 197 3872 1918 3947; baseline 0.001 -17"><span class='ocrx_word' id='word_1_548' title='bbox 197 3879 365 3940; x_wconf 88' lang='lat' dir='ltr'>sunt,</span> <span class='ocrx_word' id='word_1_549' title='bbox 423 3878 486 3928; x_wconf 91' lang='lat' dir='ltr'>ut</span> <span class='ocrx_word' id='word_1_550' title='bbox 530 3872 579 3928; x_wconf 89' lang='lat' dir='ltr'>si</span> <span class='ocrx_word' id='word_1_551' title='bbox 620 3889 717 3929; x_wconf 88' lang='lat' dir='ltr'>eos</span> <span class='ocrx_word' id='word_1_552' title='bbox 765 3872 928 3930; x_wconf 87' lang='lat' dir='ltr'>labor</span> <span class='ocrx_word' id='word_1_553' title='bbox 969 3875 1367 3947; x_wconf 89' lang='lat' dir='ltr'>occupationis</span> <span class='ocrx_word' id='word_1_554' title='bbox 1415 3877 1676 3947; x_wconf 85' lang='lat' dir='ltr'>excipiat,</span> <span class='ocrx_word' id='word_1_555' title='bbox 1701 3875 1759 3930; x_wconf 93' lang='lat' dir='ltr'>in</span> <span class='ocrx_word' id='word_1_556' title='bbox 1791 3875 1918 3946; x_wconf 89' lang='lat' dir='ltr'>ipsa</span> 
     </span>
    </p>
   </div>
   <div class='ocr_carea' id='block_1_72' title="bbox 194 3962 1916 4036">
    <p class='ocr_par' dir='ltr' id='par_1_72' title="bbox 194 3962 1916 4036">
     <span class='ocr_line' id='line_1_72' title="bbox 194 3962 1916 4036; baseline 0 -16"><span class='ocrx_word' id='word_1_557' title='bbox 194 3964 394 4036; x_wconf 86' lang='lat' dir='ltr'>operis</span> <span class='ocrx_word' id='word_1_558' title='bbox 441 3962 806 4018; x_wconf 87' lang='lat' dir='ltr'>inchoatione</span> <span class='ocrx_word' id='word_1_559' title='bbox 839 3964 1256 4032; x_wconf 87' lang='lat' dir='ltr'>succumbant;</span> <span class='ocrx_word' id='word_1_560' title='bbox 1291 3970 1348 4021; x_wconf 92' lang='lat' dir='ltr'>et</span> <span class='ocrx_word' id='word_1_561' title='bbox 1405 3964 1672 4021; x_wconf 88' lang='lat' dir='ltr'>nonnulli</span> <span class='ocrx_word' id='word_1_562' title='bbox 1713 3965 1787 4020; x_wconf 89' lang='lat' dir='ltr'>ita</span> <span class='ocrx_word' id='word_1_563' title='bbox 1828 3969 1916 4020; x_wconf 82' lang='lat' dir='ltr'>tn-</span> 
     </span>
    </p>
   </div>
   <div class='ocr_carea' id='block_1_73' title="bbox 195 4051 1915 4128">
    <p class='ocr_par' dir='ltr' id='par_1_73' title="bbox 195 4051 1915 4128">
     <span class='ocr_line' id='line_1_73' title="bbox 195 4051 1915 4128; baseline 0.002 -21"><span class='ocrx_word' id='word_1_564' title='bbox 195 4051 385 4123; x_wconf 87' lang='lat' dir='ltr'>quieti</span> <span class='ocrx_word' id='word_1_565' title='bbox 420 4056 578 4123; x_wconf 85' lang='lat' dir='ltr'>sunt,</span> <span class='ocrx_word' id='word_1_566' title='bbox 611 4057 674 4107; x_wconf 89' lang='lat' dir='ltr'>ut</span> <span class='ocrx_word' id='word_1_567' title='bbox 703 4053 753 4108; x_wconf 91' lang='lat' dir='ltr'>si</span> <span class='ocrx_word' id='word_1_568' title='bbox 787 4054 1145 4110; x_wconf 90' lang='lat' dir='ltr'>vacationem</span> <span class='ocrx_word' id='word_1_569' title='bbox 1170 4055 1385 4111; x_wconf 87' lang='lat' dir='ltr'>laboris</span> <span class='ocrx_word' id='word_1_570' title='bbox 1417 4054 1749 4124; x_wconf 88' lang='lat' dir='ltr'>habuerint,</span> <span class='ocrx_word' id='word_1_571' title='bbox 1782 4071 1915 4128; x_wconf 89' lang='lat' dir='ltr'>gra-</span> 
     </span>
    </p>
   </div>
   <div class='ocr_carea' id='block_1_74' title="bbox 192 4142 1915 4214">
    <p class='ocr_par' dir='ltr' id='par_1_74' title="bbox 192 4142 1915 4214">
     <span class='ocr_line' id='line_1_74' title="bbox 192 4142 1915 4214; baseline 0.002 -15"><span class='ocrx_word' id='word_1_572' title='bbox 192 4144 330 4199; x_wconf 84' lang='lat' dir='ltr'>vius</span> <span class='ocrx_word' id='word_1_573' title='bbox 355 4142 640 4208; x_wconf 87' lang='lat' dir='ltr'>laborent,</span> <span class='ocrx_word' id='word_1_574' title='bbox 667 4142 806 4214; x_wconf 90' lang='lat' dir='ltr'>quia</span> <span class='ocrx_word' id='word_1_575' title='bbox 822 4147 982 4199; x_wconf 87' lang='lat' dir='ltr'>tanto</span> <span class='ocrx_word' id='word_1_576' title='bbox 1001 4144 1072 4214; x_wconf 89' lang='lat' dir='ltr'>(b)</span> <span class='ocrx_word' id='word_1_577' title='bbox 1089 4146 1402 4202; x_wconf 89' lang='lat' dir='ltr'>deteriores</span> <span class='ocrx_word' id='word_1_578' title='bbox 1418 4145 1606 4202; x_wconf 90' lang='lat' dir='ltr'>cordis</span> <span class='ocrx_word' id='word_1_579' title='bbox 1627 4146 1915 4203; x_wconf 86' lang='lat' dir='ltr'>tumultus</span> 
     </span>
    </p>
   </div>
   <div class='ocr_carea' id='block_1_75' title="bbox 190 4233 1910 4307">
    <p class='ocr_par' dir='ltr' id='par_1_75' title="bbox 190 4233 1910 4307">
     <span class='ocr_line' id='line_1_75' title="bbox 190 4233 1910 4307; baseline 0.002 -20"><span class='ocrx_word' id='word_1_580' title='bbox 190 4233 473 4298; x_wconf 91' lang='lat' dir='ltr'>tolerant,</span> <span class='ocrx_word' id='word_1_581' title='bbox 528 4241 740 4304; x_wconf 91' lang='lat' dir='ltr'>quanto</span> <span class='ocrx_word' id='word_1_582' title='bbox 789 4233 872 4288; x_wconf 92' lang='lat' dir='ltr'>eis</span> <span class='ocrx_word' id='word_1_583' title='bbox 915 4233 1182 4290; x_wconf 89' lang='lat' dir='ltr'>licentius</span> <span class='ocrx_word' id='word_1_584' title='bbox 1215 4236 1282 4290; x_wconf 93' lang='lat' dir='ltr'>ad</span> <span class='ocrx_word' id='word_1_585' title='bbox 1319 4237 1698 4307; x_wconf 84' lang='lat' dir='ltr'>cogitationes</span> <span class='ocrx_word' id='word_1_586' title='bbox 1727 4240 1910 4298; x_wconf 81' lang='lat' dir='ltr'>vacat,</span> 
     </span>
    </p>
   </div>
   <div class='ocr_carea' id='block_1_76' title="bbox 193 4322 1910 4394">
    <p class='ocr_par' dir='ltr' id='par_1_76' title="bbox 193 4322 1910 4394">
     <span class='ocr_line' id='line_1_76' title="bbox 193 4322 1910 4394; baseline 0.002 -16"><span class='ocrx_word' id='word_1_587' title='bbox 193 4322 364 4378; x_wconf 89' lang='lat' dir='ltr'>Unde</span> <span class='ocrx_word' id='word_1_588' title='bbox 420 4338 653 4378; x_wconf 84' lang='lat' dir='ltr'>necesse</span> <span class='ocrx_word' id='word_1_589' title='bbox 679 4328 768 4378; x_wconf 87' lang='lat' dir='ltr'>est</span> <span class='ocrx_word' id='word_1_590' title='bbox 797 4328 857 4378; x_wconf 89' lang='lat' dir='ltr'>ut</span> <span class='ocrx_word' id='word_1_591' title='bbox 889 4339 992 4379; x_wconf 94' lang='lat' dir='ltr'>nec</span> <span class='ocrx_word' id='word_1_592' title='bbox 1023 4325 1222 4394; x_wconf 91' lang='lat' dir='ltr'>quieta</span> <span class='ocrx_word' id='word_1_593' title='bbox 1253 4341 1416 4380; x_wconf 84' lang='lat' dir='ltr'>ruens</span> <span class='ocrx_word' id='word_1_594' title='bbox 1447 4327 1516 4380; x_wconf 90' lang='lat' dir='ltr'>ad</span> <span class='ocrx_word' id='word_1_595' title='bbox 1549 4325 1910 4382; x_wconf 86' lang='lat' dir='ltr'>exercitatio-</span> 
     </span>
    </p>
   </div>
   <div class='ocr_carea' id='block_1_77' title="bbox 2028 3163 3736 3238">
    <p class='ocr_par' dir='ltr' id='par_1_77' title="bbox 2028 3163 3736 3238">
     <span class='ocr_line' id='line_1_77' title="bbox 2028 3163 3736 3238; baseline -0.004 -15"><span class='ocrx_word' id='word_1_596' title='bbox 2028 3170 2324 3236; x_wconf 89' lang='lat' dir='ltr'>deserunt,</span> <span class='ocrx_word' id='word_1_597' title='bbox 2374 3173 2429 3224; x_wconf 89' lang='lat' dir='ltr'>et</span> <span class='ocrx_word' id='word_1_598' title='bbox 2478 3171 2546 3224; x_wconf 87' lang='lat' dir='ltr'>ad</span> <span class='ocrx_word' id='word_1_599' title='bbox 2598 3167 3109 3238; x_wconf 89' lang='lat' dir='ltr'>contemplationis</span> <span class='ocrx_word' id='word_1_600' title='bbox 3158 3165 3375 3232; x_wconf 90' lang='lat' dir='ltr'>studia,</span> <span class='ocrx_word' id='word_1_601' title='bbox 3407 3163 3736 3219; x_wconf 88' lang='lat' dir='ltr'>humilitate</span> 
     </span>
    </p>
   </div>
   <div class='ocr_carea' id='block_1_78' title="bbox 2029 3257 3742 3331">
    <p class='ocr_par' dir='ltr' id='par_1_78' title="bbox 2029 3257 3742 3331">
     <span class='ocr_line' id='line_1_78' title="bbox 2029 3257 3742 3331; baseline -0.006 -15"><span class='ocrx_word' id='word_1_602' title='bbox 2029 3261 2370 3331; x_wconf 89' lang='lat' dir='ltr'>postposita.</span> <span class='ocrx_word' id='word_1_603' title='bbox 2398 3259 2550 3314; x_wconf 90' lang='lat' dir='ltr'>ultra</span> <span class='ocrx_word' id='word_1_604' title='bbox 2594 3257 2988 3330; x_wconf 68' lang='lat' dir='ltr'>intelligentia:</span> <span class='ocrx_word' id='word_1_605' title='bbox 3029 3257 3180 3312; x_wconf 91' lang='lat' dir='ltr'>vires</span> <span class='ocrx_word' id='word_1_606' title='bbox 3201 3259 3470 3325; x_wconf 89' lang='lat' dir='ltr'>surgunt,</span> <span class='ocrx_word' id='word_1_607' title='bbox 3497 3269 3610 3308; x_wconf 92' lang='lat' dir='ltr'>non</span> <span class='ocrx_word' id='word_1_608' title='bbox 3639 3269 3742 3308; x_wconf 84' lang='lat' dir='ltr'>so-</span> 
     </span>
    </p>
   </div>
   <div class='ocr_carea' id='block_1_79' title="bbox 2028 3347 3741 3420">
    <p class='ocr_par' dir='ltr' id='par_1_79' title="bbox 2028 3347 3741 3420">
     <span class='ocr_line' id='line_1_79' title="bbox 2028 3347 3741 3420; baseline -0.005 -15"><span class='ocrx_word' id='word_1_609' title='bbox 2028 3351 2150 3406; x_wconf 91' lang='lat' dir='ltr'>lum</span> <span class='ocrx_word' id='word_1_610' title='bbox 2185 3366 2243 3406; x_wconf 92' lang='lat' dir='ltr'>se</span> <span class='ocrx_word' id='word_1_611' title='bbox 2275 3351 2331 3406; x_wconf 90' lang='lat' dir='ltr'>in</span> <span class='ocrx_word' id='word_1_612' title='bbox 2379 3365 2632 3406; x_wconf 90' lang='lat' dir='ltr'>errorem</span> <span class='ocrx_word' id='word_1_613' title='bbox 2670 3350 2967 3420; x_wconf 85' lang='lat' dir='ltr'>dejiciunt,</span> <span class='ocrx_word' id='word_1_614' title='bbox 3002 3349 3100 3402; x_wconf 86' lang='lat' dir='ltr'>sed</span> <span class='ocrx_word' id='word_1_615' title='bbox 3124 3347 3391 3401; x_wconf 86' lang='lat' dir='ltr'>infirmos</span> <span class='ocrx_word' id='word_1_616' title='bbox 3422 3359 3741 3416; x_wconf 88' lang='lat' dir='ltr'>quosquea</span> 
     </span>
    </p>
   </div>
   <div class='ocr_carea' id='block_1_80' title="bbox 2025 3433 3741 3513">
    <p class='ocr_par' dir='ltr' id='par_1_80' title="bbox 2025 3433 3741 3513">
     <span class='ocr_line' id='line_1_80' title="bbox 2025 3433 3741 3513; baseline -0.006 -16"><span class='ocrx_word' id='word_1_617' title='bbox 2025 3442 2248 3513; x_wconf 77' lang='lat' dir='ltr'>gremio</span> <span class='ocrx_word' id='word_1_618' title='bbox 2273 3441 2516 3496; x_wconf 89' lang='lat' dir='ltr'>unitatis</span> <span class='ocrx_word' id='word_1_619' title='bbox 2535 3441 2825 3495; x_wconf 91' lang='lat' dir='ltr'>dividunt.</span> <span class='ocrx_word' id='word_1_620' title='bbox 2851 3439 2958 3502; x_wconf 89' lang='lat' dir='ltr'>Qui</span> <span class='ocrx_word' id='word_1_621' title='bbox 2991 3455 3128 3510; x_wconf 90' lang='lat' dir='ltr'>ergo</span> <span class='ocrx_word' id='word_1_622' title='bbox 3159 3453 3343 3492; x_wconf 90' lang='lat' dir='ltr'>unum</span> <span class='ocrx_word' id='word_1_623' title='bbox 3377 3437 3446 3491; x_wconf 90' lang='lat' dir='ltr'>de</span> <span class='ocrx_word' id='word_1_624' title='bbox 3478 3433 3741 3489; x_wconf 83' lang='lat' dir='ltr'>minimis</span> 
     </span>
    </p>
   </div>
   <div class='ocr_carea' id='block_1_81' title="bbox 2025 3524 3742 3600">
    <p class='ocr_par' dir='ltr' id='par_1_81' title="bbox 2025 3524 3742 3600">
     <span class='ocr_line' id='line_1_81' title="bbox 2025 3524 3742 3600; baseline -0.005 -12"><span class='ocrx_word' id='word_1_625' title='bbox 2025 3531 2631 3597; x_wconf 88' lang='lat' dir='ltr'>scandalizat,melius</span> <span class='ocrx_word' id='word_1_626' title='bbox 2666 3531 2748 3585; x_wconf 90' lang='lat' dir='ltr'>illi</span> <span class='ocrx_word' id='word_1_627' title='bbox 2782 3530 2988 3595; x_wconf 90' lang='lat' dir='ltr'>fuerat,</span> <span class='ocrx_word' id='word_1_628' title='bbox 3013 3531 3247 3600; x_wconf 86' lang='lat' dir='ltr'>alligata</span> <span class='ocrx_word' id='word_1_629' title='bbox 3266 3527 3413 3584; x_wconf 92' lang='lat' dir='ltr'>collo</span> <span class='ocrx_word' id='word_1_630' title='bbox 3439 3525 3592 3581; x_wconf 90' lang='lat' dir='ltr'>mola</span> <span class='ocrx_word' id='word_1_631' title='bbox 3622 3524 3742 3580; x_wconf 86' lang='lat' dir='ltr'>asi-</span> 
     </span>
    </p>
   </div>
   <div class='ocr_carea' id='block_1_82' title="bbox 2025 3615 3740 3692">
    <p class='ocr_par' dir='ltr' id='par_1_82' title="bbox 2025 3615 3740 3692">
     <span class='ocr_line' id='line_1_82' title="bbox 2025 3615 3740 3692; baseline -0.005 -15"><span class='ocrx_word' id='word_1_632' title='bbox 2025 3621 2208 3688; x_wconf 80' lang='lat' dir='ltr'>naria,</span> <span class='ocrx_word' id='word_1_633' title='bbox 2243 3622 2300 3675; x_wconf 91' lang='lat' dir='ltr'>in</span> <span class='ocrx_word' id='word_1_634' title='bbox 2326 3638 2486 3676; x_wconf 90' lang='lat' dir='ltr'>mare</span> <span class='ocrx_word' id='word_1_635' title='bbox 2518 3619 2745 3692; x_wconf 86' lang='lat' dir='ltr'>projici,</span> <span class='ocrx_word' id='word_1_636' title='bbox 2776 3620 2910 3690; x_wconf 91' lang='lat' dir='ltr'>quia</span> <span class='ocrx_word' id='word_1_637' title='bbox 2929 3619 3209 3673; x_wconf 92' lang='lat' dir='ltr'>nimirum</span> <span class='ocrx_word' id='word_1_638' title='bbox 3247 3633 3526 3688; x_wconf 66' lang='lat' dir='ltr'>perversae</span> <span class='ocrx_word' id='word_1_639' title='bbox 3557 3615 3740 3670; x_wconf 91' lang='lat' dir='ltr'>menti</span> 
     </span>
    </p>
   </div>
   <div class='ocr_carea' id='block_1_83' title="bbox 2025 3708 3737 3783">
    <p class='ocr_par' dir='ltr' id='par_1_83' title="bbox 2025 3708 3737 3783">
     <span class='ocr_line' id='line_1_83' title="bbox 2025 3708 3737 3783; baseline -0.004 -16"><span class='ocrx_word' id='word_1_640' title='bbox 2025 3711 2344 3783; x_wconf 85' lang='lat' dir='ltr'>expeditius</span> <span class='ocrx_word' id='word_1_641' title='bbox 2375 3727 2499 3766; x_wconf 82' lang='lat' dir='ltr'>esse</span> <span class='ocrx_word' id='word_1_642' title='bbox 2531 3711 2838 3782; x_wconf 88' lang='lat' dir='ltr'>potuisset,</span> <span class='ocrx_word' id='word_1_643' title='bbox 2872 3714 2936 3765; x_wconf 92' lang='lat' dir='ltr'>ut</span> <span class='ocrx_word' id='word_1_644' title='bbox 2967 3713 3248 3778; x_wconf 90' lang='lat' dir='ltr'>occupata</span> <span class='ocrx_word' id='word_1_645' title='bbox 3272 3708 3486 3763; x_wconf 89' lang='lat' dir='ltr'>mundo</span> <span class='ocrx_word' id='word_1_646' title='bbox 3511 3711 3737 3761; x_wconf 91' lang='lat' dir='ltr'>terrena</span> 
     </span>
    </p>
   </div>
   <div class='ocr_carea' id='block_1_84' title="bbox 2027 3796 3733 3872">
    <p class='ocr_par' dir='ltr' id='par_1_84' title="bbox 2027 3796 3733 3872">
     <span class='ocr_line' id='line_1_84' title="bbox 2027 3796 3733 3872; baseline -0.005 -14"><span class='ocrx_word' id='word_1_647' title='bbox 2027 3801 2256 3872; x_wconf 90' lang='lat' dir='ltr'>negotia</span> <span class='ocrx_word' id='word_1_648' title='bbox 2294 3805 2507 3872; x_wconf 87' lang='lat' dir='ltr'>ageret,</span> <span class='ocrx_word' id='word_1_649' title='bbox 2555 3817 2726 3872; x_wconf 89' lang='lat' dir='ltr'>quam</span> <span class='ocrx_word' id='word_1_650' title='bbox 2782 3816 2880 3871; x_wconf 91' lang='lat' dir='ltr'>per</span> <span class='ocrx_word' id='word_1_651' title='bbox 2903 3799 3412 3869; x_wconf 86' lang='lat' dir='ltr'>contemplationis</span> <span class='ocrx_word' id='word_1_652' title='bbox 3441 3797 3635 3853; x_wconf 89' lang='lat' dir='ltr'>studia</span> <span class='ocrx_word' id='word_1_653' title='bbox 3662 3796 3733 3850; x_wconf 88' lang='lat' dir='ltr'>ad</span> 
     </span>
    </p>
   </div>
   <div class='ocr_carea' id='block_1_85' title="bbox 2028 3887 3733 3961">
    <p class='ocr_par' dir='ltr' id='par_1_85' title="bbox 2028 3887 3733 3961">
     <span class='ocr_line' id='line_1_85' title="bbox 2028 3887 3733 3961; baseline -0.005 -13"><span class='ocrx_word' id='word_1_654' title='bbox 2028 3894 2346 3948; x_wconf 90' lang='lat' dir='ltr'>multorum</span> <span class='ocrx_word' id='word_1_655' title='bbox 2396 3891 2709 3961; x_wconf 90' lang='lat' dir='ltr'>perniciem</span> <span class='ocrx_word' id='word_1_656' title='bbox 2744 3894 2988 3946; x_wconf 89' lang='lat' dir='ltr'>vacaret.</span> <span class='ocrx_word' id='word_1_657' title='bbox 3025 3894 3294 3956; x_wconf 85' lang='lat' dir='ltr'>Rursum,</span> <span class='ocrx_word' id='word_1_658' title='bbox 3331 3889 3441 3942; x_wconf 93' lang='lat' dir='ltr'>nisi</span> <span class='ocrx_word' id='word_1_659' title='bbox 3477 3887 3733 3958; x_wconf 89' lang='lat' dir='ltr'>quibus-</span> 
     </span>
    </p>
   </div>
   <div class='ocr_carea' id='block_1_86' title="bbox 2025 3975 3733 4052">
    <p class='ocr_par' dir='ltr' id='par_1_86' title="bbox 2025 3975 3733 4052">
     <span class='ocr_line' id='line_1_86' title="bbox 2025 3975 3733 4052; baseline -0.005 -13"><span class='ocrx_word' id='word_1_660' title='bbox 2025 3983 2160 4039; x_wconf 91' lang='lat' dir='ltr'>dam</span> <span class='ocrx_word' id='word_1_661' title='bbox 2183 3982 2473 4038; x_wconf 87' lang='lat' dir='ltr'>mentibus</span> <span class='ocrx_word' id='word_1_662' title='bbox 2491 3981 2940 4052; x_wconf 88' lang='lat' dir='ltr'>contemplativa</span> <span class='ocrx_word' id='word_1_663' title='bbox 2970 3983 3082 4034; x_wconf 89' lang='lat' dir='ltr'>vita</span> <span class='ocrx_word' id='word_1_664' title='bbox 3115 3978 3306 4048; x_wconf 91' lang='lat' dir='ltr'>potius</span> <span class='ocrx_word' id='word_1_665' title='bbox 3335 3993 3512 4047; x_wconf 91' lang='lat' dir='ltr'>quam</span> <span class='ocrx_word' id='word_1_666' title='bbox 3546 3975 3733 4030; x_wconf 89' lang='lat' dir='ltr'>activa</span> 
     </span>
    </p>
   </div>
   <div class='ocr_carea' id='block_1_87' title="bbox 2025 4066 3734 4144">
    <p class='ocr_par' dir='ltr' id='par_1_87' title="bbox 2025 4066 3734 4144">
     <span class='ocr_line' id='line_1_87' title="bbox 2025 4066 3734 4144; baseline -0.005 -14"><span class='ocrx_word' id='word_1_667' title='bbox 2025 4078 2390 4144; x_wconf 89' lang='lat' dir='ltr'>congrueret,</span> <span class='ocrx_word' id='word_1_668' title='bbox 2443 4088 2816 4144; x_wconf 91' lang='lat' dir='ltr'>nequaquam</span> <span class='ocrx_word' id='word_1_669' title='bbox 2870 4087 2971 4143; x_wconf 91' lang='lat' dir='ltr'>per</span> <span class='ocrx_word' id='word_1_670' title='bbox 3018 4069 3391 4126; x_wconf 88' lang='lat' dir='ltr'>Psalmistam</span> <span class='ocrx_word' id='word_1_671' title='bbox 3449 4066 3734 4123; x_wconf 90' lang='lat' dir='ltr'>Dominus</span> 
     </span>
    </p>
   </div>
   <div class='ocr_carea' id='block_1_88' title="bbox 2026 4156 3734 4234">
    <p class='ocr_par' dir='ltr' id='par_1_88' title="bbox 2026 4156 3734 4234">
     <span class='ocr_line' id='line_1_88' title="bbox 2026 4156 3734 4234; baseline -0.004 -16"><span class='ocrx_word' id='word_1_672' title='bbox 2026 4162 2284 4218; x_wconf 83' lang='lat' dir='ltr'>diceret:</span> <span class='ocrx_word' id='word_1_673' title='bbox 2332 4165 2529 4220; x_wconf 86' lang='lat' dir='ltr'>Vacate</span> <span class='ocrx_word' id='word_1_674' title='bbox 2585 4169 2637 4218; x_wconf 87' lang='lat' dir='ltr'>et</span> <span class='ocrx_word' id='word_1_675' title='bbox 2693 4162 2886 4230; x_wconf 87' lang='lat' dir='ltr'>videte,</span> <span class='ocrx_word' id='word_1_676' title='bbox 2945 4161 3208 4234; x_wconf 85' lang='lat' dir='ltr'>quoniam</span> <span class='ocrx_word' id='word_1_677' title='bbox 3261 4173 3358 4229; x_wconf 90' lang='lat' dir='ltr'>ego</span> <span class='ocrx_word' id='word_1_678' title='bbox 3413 4173 3535 4212; x_wconf 89' lang='lat' dir='ltr'>sum</span> <span class='ocrx_word' id='word_1_679' title='bbox 3592 4156 3734 4212; x_wconf 89' lang='lat' dir='ltr'>Deus</span> 
     </span>
    </p>
   </div>
   <div class='ocr_carea' id='block_1_89' title="bbox 2023 4253 2489 4324">
    <p class='ocr_par' dir='ltr' id='par_1_89' title="bbox 2023 4253 2489 4324">
     <span class='ocr_line' id='line_1_89' title="bbox 2023 4253 2489 4324; baseline 0 -17"><span class='ocrx_word' id='word_1_680' title='bbox 2023 4253 2192 4323; x_wconf 88' lang='lat' dir='ltr'>(Psal.</span> <span class='ocrx_word' id='word_1_681' title='bbox 2227 4270 2352 4317; x_wconf 78' lang='lat' dir='ltr'>xnv,</span> <span class='ocrx_word' id='word_1_682' title='bbox 2381 4254 2489 4324; x_wconf 84' lang='lat' dir='ltr'>ll).</span> 
     </span>
    </p>
   </div>
   <div class='ocr_carea' id='block_1_90' title="bbox 2096 4337 3732 4412">
    <p class='ocr_par' dir='ltr' id='par_1_90' title="bbox 2096 4337 3732 4412">
     <span class='ocr_line' id='line_1_90' title="bbox 2096 4337 3732 4412; baseline -0.004 -15"><span class='ocrx_word' id='word_1_683' title='bbox 2096 4341 2246 4411; x_wconf 83' lang='lat' dir='ltr'>[Vet.</span> <span class='ocrx_word' id='word_1_684' title='bbox 2278 4343 2531 4412; x_wconf 82' lang='lat' dir='ltr'>XXVII.]</span> <span class='ocrx_word' id='word_1_685' title='bbox 2563 4343 2652 4397; x_wconf 88' lang='lat'>58.</span> <span class='ocrx_word' id='word_1_686' title='bbox 2704 4342 2846 4406; x_wconf 83' lang='lat' dir='ltr'>Quid</span> <span class='ocrx_word' id='word_1_687' title='bbox 2889 4341 3106 4396; x_wconf 74' lang='lat' dir='ltr'>valeant</span> <span class='ocrx_word' id='word_1_688' title='bbox 3150 4341 3312 4395; x_wconf 88' lang='lat' dir='ltr'>timor</span> <span class='ocrx_word' id='word_1_689' title='bbox 3362 4346 3414 4394; x_wconf 91' lang='lat' dir='ltr'>et</span> <span class='ocrx_word' id='word_1_690' title='bbox 3457 4354 3612 4393; x_wconf 84' lang='lat' dir='ltr'>amor</span> <span class='ocrx_word' id='word_1_691' title='bbox 3659 4337 3732 4392; x_wconf 86' lang='lat' dir='ltr'>ad</span> 
     </span>
    </p>
   </div>
   <div class='ocr_carea' id='block_1_91' title="bbox 195 4412 1959 4503">
    <p class='ocr_par' dir='ltr' id='par_1_91' title="bbox 195 4412 1959 4486">
     <span class='ocr_line' id='line_1_91' title="bbox 195 4412 1959 4486; baseline 0.002 -19"><span class='ocrx_word' id='word_1_692' title='bbox 195 4429 332 4467; x_wconf 90' lang='lat' dir='ltr'>nem</span> <span class='ocrx_word' id='word_1_693' title='bbox 369 4427 428 4467; x_wconf 85' lang='lat' dir='ltr'>se</span> <span class='ocrx_word' id='word_1_694' title='bbox 459 4412 826 4470; x_wconf 84' lang='lat' dir='ltr'>immoderati</span> <span class='ocrx_word' id='word_1_695' title='bbox 857 4414 1050 4484; x_wconf 89' lang='lat' dir='ltr'>operis</span> <span class='ocrx_word' id='word_1_696' title='bbox 1084 4415 1234 4471; x_wconf 75' lang='lat'>208</span> <span class='ocrx_word' id='word_1_697' title='bbox 1263 4415 1482 4484; x_wconf 87' lang='lat' dir='ltr'>dilatet,</span> <span class='ocrx_word' id='word_1_698' title='bbox 1519 4433 1620 4472; x_wconf 93' lang='lat' dir='ltr'>nec</span> <span class='ocrx_word' id='word_1_699' title='bbox 1651 4415 1912 4486; x_wconf 85' lang='lat' dir='ltr'>inquieta</span> <span class='ocrx_word' id='word_1_700' title='bbox 1947 4418 1959 4482; x_wconf 83' lang='lat'>)</span> 
     </span>
    </p>
   </div>
   <div class='ocr_carea' id='block_1_92' title="bbox 2030 4412 3732 4503">
    <p class='ocr_par' dir='ltr' id='par_1_92' title="bbox 2030 4430 3732 4503">
     <span class='ocr_line' id='line_1_92' title="bbox 2030 4430 3732 4503; baseline -0.001 -18"><span class='ocrx_word' id='word_1_701' title='bbox 2030 4433 2563 4503; x_wconf 78' lang='lat' dir='ltr'>contemplationem.</span> <span class='ocrx_word' id='word_1_702' title='bbox 2583 4463 2650 4474; x_wconf 96' lang='lat'><strong><em>—</em></strong></span> <span class='ocrx_word' id='word_1_703' title='bbox 2674 4434 2778 4488; x_wconf 92' lang='lat' dir='ltr'>Sed</span> <span class='ocrx_word' id='word_1_704' title='bbox 2809 4433 2960 4488; x_wconf 91' lang='lat' dir='ltr'>inter</span> <span class='ocrx_word' id='word_1_705' title='bbox 2989 4433 3109 4487; x_wconf 71' lang='lat' dir='ltr'>haec</span> <span class='ocrx_word' id='word_1_706' title='bbox 3136 4431 3439 4487; x_wconf 90' lang='lat' dir='ltr'>sciendum</span> <span class='ocrx_word' id='word_1_707' title='bbox 3474 4435 3562 4486; x_wconf 89' lang='lat' dir='ltr'>est</span> <span class='ocrx_word' id='word_1_708' title='bbox 3593 4430 3732 4502; x_wconf 90' lang='lat' dir='ltr'>quia</span> 
     </span>
    </p>
   </div>
   <div class='ocr_carea' id='block_1_93' title="bbox 191 4502 1915 4576">
    <p class='ocr_par' dir='ltr' id='par_1_93' title="bbox 191 4502 1915 4576">
     <span class='ocr_line' id='line_1_93' title="bbox 191 4502 1915 4576; baseline 0.002 -20"><span class='ocrx_word' id='word_1_709' title='bbox 191 4503 262 4556; x_wconf 86' lang='lat' dir='ltr'>ad</span> <span class='ocrx_word' id='word_1_710' title='bbox 285 4502 556 4557; x_wconf 82' lang='lat' dir='ltr'>studium</span> <span class='ocrx_word' id='word_1_711' title='bbox 581 4502 1091 4574; x_wconf 89' lang='lat' dir='ltr'>contemplationis</span> <span class='ocrx_word' id='word_1_712' title='bbox 1115 4509 1405 4574; x_wconf 86' lang='lat' dir='ltr'>angustet.</span> <span class='ocrx_word' id='word_1_713' title='bbox 1426 4506 1588 4576; x_wconf 73' lang='lat' dir='ltr'>Saepe</span> <span class='ocrx_word' id='word_1_714' title='bbox 1618 4506 1772 4560; x_wconf 90' lang='lat' dir='ltr'>enim</span> <span class='ocrx_word' id='word_1_715' title='bbox 1814 4505 1915 4575; x_wconf 93' lang='lat' dir='ltr'>qui</span> 
     </span>
    </p>
   </div>
   <div class='ocr_carea' id='block_1_94' title="bbox 191 4592 1917 4665">
    <p class='ocr_par' dir='ltr' id='par_1_94' title="bbox 191 4592 1917 4665">
     <span class='ocr_line' id='line_1_94' title="bbox 191 4592 1917 4665; baseline 0.002 -19"><span class='ocrx_word' id='word_1_716' title='bbox 191 4592 584 4662; x_wconf 87' lang='lat' dir='ltr'>contemplari</span> <span class='ocrx_word' id='word_1_717' title='bbox 644 4592 820 4649; x_wconf 91' lang='lat' dir='ltr'>Deum</span> <span class='ocrx_word' id='word_1_718' title='bbox 865 4593 1046 4664; x_wconf 90' lang='lat' dir='ltr'>quieti</span> <span class='ocrx_word' id='word_1_719' title='bbox 1100 4599 1386 4665; x_wconf 89' lang='lat' dir='ltr'>poterant,</span> <span class='ocrx_word' id='word_1_720' title='bbox 1436 4594 1917 4665; x_wconf 87' lang='lat' dir='ltr'>occupationibus</span> 
     </span>
    </p>
   </div>
   <div class='ocr_carea' id='block_1_95' title="bbox 194 4681 1916 4756">
    <p class='ocr_par' dir='ltr' id='par_1_95' title="bbox 194 4681 1916 4756">
     <span class='ocr_line' id='line_1_95' title="bbox 194 4681 1916 4756; baseline 0.003 -21"><span class='ocrx_word' id='word_1_721' title='bbox 194 4681 392 4753; x_wconf 84' lang='lat' dir='ltr'>pressi</span> <span class='ocrx_word' id='word_1_722' title='bbox 407 4681 742 4738; x_wconf 89' lang='lat' dir='ltr'>ceciderunt</span> <span class='ocrx_word' id='word_1_723' title='bbox 767 4701 780 4750; x_wconf 92' lang='lat'><strong>;</strong></span> <span class='ocrx_word' id='word_1_724' title='bbox 806 4688 862 4739; x_wconf 90' lang='lat' dir='ltr'>et</span> <span class='ocrx_word' id='word_1_725' title='bbox 893 4698 1044 4755; x_wconf 63' lang='lat' dir='ltr'>saepe</span> <span class='ocrx_word' id='word_1_726' title='bbox 1067 4686 1166 4755; x_wconf 90' lang='lat' dir='ltr'>qui</span> <span class='ocrx_word' id='word_1_727' title='bbox 1189 4685 1449 4756; x_wconf 90' lang='lat' dir='ltr'>occupati</span> <span class='ocrx_word' id='word_1_728' title='bbox 1474 4686 1618 4741; x_wconf 91' lang='lat' dir='ltr'>bene</span> <span class='ocrx_word' id='word_1_729' title='bbox 1642 4684 1916 4740; x_wconf 90' lang='lat' dir='ltr'>humanis</span> 
     </span>
    </p>
   </div>
   <div class='ocr_carea' id='block_1_96' title="bbox 196 4770 1917 4845">
    <p class='ocr_par' dir='ltr' id='par_1_96' title="bbox 196 4770 1917 4845">
     <span class='ocr_line' id='line_1_96' title="bbox 196 4770 1917 4845; baseline 0.003 -20"><span class='ocrx_word' id='word_1_730' title='bbox 196 4770 416 4826; x_wconf 88' lang='lat' dir='ltr'>usibus</span> <span class='ocrx_word' id='word_1_731' title='bbox 439 4771 710 4840; x_wconf 89' lang='lat' dir='ltr'>viverent,</span> <span class='ocrx_word' id='word_1_732' title='bbox 728 4771 921 4844; x_wconf 84' lang='lat' dir='ltr'>gladio</span> <span class='ocrx_word' id='word_1_733' title='bbox 935 4789 1053 4829; x_wconf 84' lang='lat' dir='ltr'>suae</span> <span class='ocrx_word' id='word_1_734' title='bbox 1076 4774 1286 4845; x_wconf 91' lang='lat' dir='ltr'>quietis</span> <span class='ocrx_word' id='word_1_735' title='bbox 1307 4775 1576 4832; x_wconf 84' lang='lat' dir='ltr'>exstincti</span> <span class='ocrx_word' id='word_1_736' title='bbox 1599 4779 1752 4830; x_wconf 89' lang='lat' dir='ltr'>sunt.</span> <span class='ocrx_word' id='word_1_737' title='bbox 1771 4774 1917 4831; x_wconf 89' lang='lat' dir='ltr'>Hinc</span> 
     </span>
    </p>
   </div>
   <div class='ocr_carea' id='block_1_97' title="bbox 198 4862 1914 4937">
    <p class='ocr_par' dir='ltr' id='par_1_97' title="bbox 198 4862 1914 4937">
     <span class='ocr_line' id='line_1_97' title="bbox 198 4862 1914 4937; baseline 0.003 -22"><span class='ocrx_word' id='word_1_738' title='bbox 198 4875 460 4931; x_wconf 88' lang='lat' dir='ltr'>namque</span> <span class='ocrx_word' id='word_1_739' title='bbox 486 4866 573 4917; x_wconf 89' lang='lat' dir='ltr'>est</span> <span class='ocrx_word' id='word_1_740' title='bbox 595 4862 752 4933; x_wconf 90' lang='lat' dir='ltr'>quod</span> <span class='ocrx_word' id='word_1_741' title='bbox 775 4862 1040 4918; x_wconf 90' lang='lat' dir='ltr'>nonnulli</span> <span class='ocrx_word' id='word_1_742' title='bbox 1067 4863 1307 4934; x_wconf 90' lang='lat' dir='ltr'>inquieti</span> <span class='ocrx_word' id='word_1_743' title='bbox 1327 4865 1590 4936; x_wconf 88' lang='lat' dir='ltr'>spiritus,</span> <span class='ocrx_word' id='word_1_744' title='bbox 1609 4866 1748 4920; x_wconf 92' lang='lat' dir='ltr'>dum</span> <span class='ocrx_word' id='word_1_745' title='bbox 1785 4866 1914 4937; x_wconf 88' lang='lat' dir='ltr'>plus</span> 
     </span>
    </p>
   </div>
   <div class='ocr_carea' id='block_1_98' title="bbox 196 4949 1912 5026">
    <p class='ocr_par' dir='ltr' id='par_1_98' title="bbox 196 4949 1912 5026">
     <span class='ocr_line' id='line_1_98' title="bbox 196 4949 1912 5026; baseline 0.003 -20"><span class='ocrx_word' id='word_1_746' title='bbox 196 4949 522 5021; x_wconf 83' lang='lat' dir='ltr'>exquirunt</span> <span class='ocrx_word' id='word_1_747' title='bbox 569 4951 1014 5024; x_wconf 89' lang='lat' dir='ltr'>contemplando</span> <span class='ocrx_word' id='word_1_748' title='bbox 1064 4970 1240 5024; x_wconf 89' lang='lat' dir='ltr'>quam</span> <span class='ocrx_word' id='word_1_749' title='bbox 1291 4957 1550 5026; x_wconf 88' lang='lat' dir='ltr'>capiunt,</span> <span class='ocrx_word' id='word_1_750' title='bbox 1599 4971 1786 5026; x_wconf 88' lang='lat' dir='ltr'>usque</span> <span class='ocrx_word' id='word_1_751' title='bbox 1843 4957 1912 5011; x_wconf 91' lang='lat' dir='ltr'>ad</span> 
     </span>
    </p>
   </div>
   <div class='ocr_carea' id='block_1_99' title="bbox 197 5042 1913 5115">
    <p class='ocr_par' dir='ltr' id='par_1_99' title="bbox 197 5042 1913 5115">
     <span class='ocr_line' id='line_1_99' title="bbox 197 5042 1913 5115; baseline 0.003 -20"><span class='ocrx_word' id='word_1_752' title='bbox 197 5057 478 5112; x_wconf 88' lang='lat' dir='ltr'>perversa</span> <span class='ocrx_word' id='word_1_753' title='bbox 516 5042 789 5112; x_wconf 89' lang='lat' dir='ltr'>dogmata</span> <span class='ocrx_word' id='word_1_754' title='bbox 827 5048 1176 5115; x_wconf 89' lang='lat' dir='ltr'>erumpunt;</span> <span class='ocrx_word' id='word_1_755' title='bbox 1209 5052 1260 5100; x_wconf 87' lang='lat' dir='ltr'>et</span> <span class='ocrx_word' id='word_1_756' title='bbox 1287 5045 1426 5100; x_wconf 91' lang='lat' dir='ltr'>dum</span> <span class='ocrx_word' id='word_1_757' title='bbox 1459 5045 1717 5102; x_wconf 88' lang='lat' dir='ltr'>veritatis</span> <span class='ocrx_word' id='word_1_758' title='bbox 1739 5047 1913 5102; x_wconf 87' lang='lat' dir='ltr'>disci-</span> 
     </span>
    </p>
   </div>
   <div class='ocr_carea' id='block_1_100' title="bbox 195 5130 1910 5208">
    <p class='ocr_par' dir='ltr' id='par_1_100' title="bbox 195 5130 1910 5208">
     <span class='ocr_line' id='line_1_100' title="bbox 195 5130 1910 5208; baseline 0.003 -22"><span class='ocrx_word' id='word_1_759' title='bbox 195 5130 328 5202; x_wconf 90' lang='lat' dir='ltr'>puli</span> <span class='ocrx_word' id='word_1_760' title='bbox 351 5147 478 5187; x_wconf 88' lang='lat' dir='ltr'>esse</span> <span class='ocrx_word' id='word_1_761' title='bbox 494 5131 787 5188; x_wconf 90' lang='lat' dir='ltr'>humiliter</span> <span class='ocrx_word' id='word_1_762' title='bbox 809 5134 1132 5205; x_wconf 75' lang='lat' dir='ltr'>negligunt,</span> <span class='ocrx_word' id='word_1_763' title='bbox 1156 5136 1422 5208; x_wconf 88' lang='lat' dir='ltr'>magistri</span> <span class='ocrx_word' id='word_1_764' title='bbox 1455 5152 1716 5193; x_wconf 91' lang='lat' dir='ltr'>errorum</span> <span class='ocrx_word' id='word_1_765' title='bbox 1740 5137 1910 5192; x_wconf 84' lang='lat' dir='ltr'>fiunt.</span> 
     </span>
    </p>
   </div>
   <div class='ocr_carea' id='block_1_101' title="bbox 198 5222 1916 5294">
    <p class='ocr_par' dir='ltr' id='par_1_101' title="bbox 198 5222 1916 5294">
     <span class='ocr_line' id='line_1_101' title="bbox 198 5222 1916 5294; baseline 0.005 -20"><span class='ocrx_word' id='word_1_766' title='bbox 198 5222 349 5275; x_wconf 81' lang='lat' dir='ltr'>llinc</span> <span class='ocrx_word' id='word_1_767' title='bbox 400 5237 500 5291; x_wconf 89' lang='lat' dir='ltr'>per</span> <span class='ocrx_word' id='word_1_768' title='bbox 548 5222 926 5294; x_wconf 87' lang='lat' dir='ltr'>semetipsam</span> <span class='ocrx_word' id='word_1_769' title='bbox 975 5223 1198 5281; x_wconf 85' lang='lat' dir='ltr'>Veritas</span> <span class='ocrx_word' id='word_1_770' title='bbox 1245 5226 1428 5282; x_wconf 89' lang='lat' dir='ltr'>dicit:</span> <span class='ocrx_word' id='word_1_771' title='bbox 1463 5227 1521 5282; x_wconf 84' lang='lat' dir='ltr'>Si</span> <span class='ocrx_word' id='word_1_772' title='bbox 1571 5228 1758 5283; x_wconf 82' lang='lat' dir='ltr'>oculus</span> <span class='ocrx_word' id='word_1_773' title='bbox 1787 5234 1916 5283; x_wconf 87' lang='lat' dir='ltr'>tuus</span> 
     </span>
    </p>
   </div>
   <div class='ocr_carea' id='block_1_102' title="bbox 193 5307 1914 5387">
    <p class='ocr_par' dir='ltr' id='par_1_102' title="bbox 193 5307 1914 5387">
     <span class='ocr_line' id='line_1_102' title="bbox 193 5307 1914 5387; baseline 0.005 -24"><span class='ocrx_word' id='word_1_774' title='bbox 193 5307 397 5364; x_wconf 76' lang='lat' dir='ltr'>dexter</span> <span class='ocrx_word' id='word_1_775' title='bbox 415 5309 758 5366; x_wconf 72' lang='lat' dir='ltr'>scandalizat</span> <span class='ocrx_word' id='word_1_776' title='bbox 783 5317 854 5378; x_wconf 89' lang='lat' dir='ltr'>te,</span> <span class='ocrx_word' id='word_1_777' title='bbox 880 5327 1013 5368; x_wconf 88' lang='lat' dir='ltr'>erue</span> <span class='ocrx_word' id='word_1_778' title='bbox 1031 5330 1180 5380; x_wconf 89' lang='lat' dir='ltr'>eum,</span> <span class='ocrx_word' id='word_1_779' title='bbox 1201 5323 1249 5370; x_wconf 92' lang='lat' dir='ltr'>et</span> <span class='ocrx_word' id='word_1_780' title='bbox 1262 5316 1474 5387; x_wconf 85' lang='lat' dir='ltr'>projice</span> <span class='ocrx_word' id='word_1_781' title='bbox 1498 5316 1592 5372; x_wconf 85' lang='lat' dir='ltr'>abs</span> <span class='ocrx_word' id='word_1_782' title='bbox 1610 5323 1678 5373; x_wconf 89' lang='lat' dir='ltr'>te.</span> <span class='ocrx_word' id='word_1_783' title='bbox 1705 5317 1914 5374; x_wconf 87' lang='lat' dir='ltr'>Bonum</span> 
     </span>
    </p>
   </div>
   <div class='ocr_carea' id='block_1_103' title="bbox 275 5522 1914 5601">
    <p class='ocr_par' dir='ltr' id='par_1_103' title="bbox 275 5522 1914 5601">
     <span class='ocr_line' id='line_1_103' title="bbox 275 5522 1914 5601; baseline 0.009 -29"><span class='ocrx_word' id='word_1_784' title='bbox 275 5522 359 5601; x_wconf 35' lang='lat' dir='ltr'>(.a)</span> <span class='ocrx_word' id='word_1_785' title='bbox 389 5522 657 5601; x_wconf 71' lang='lat' dir='ltr'>Vindoc.,</span> <span class='ocrx_word' id='word_1_786' title='bbox 675 5522 866 5591; x_wconf 89' lang='lat' dir='ltr'>Corb.,</span> <span class='ocrx_word' id='word_1_787' title='bbox 892 5523 1089 5580; x_wconf 87' lang='lat' dir='ltr'>Norm.</span> <span class='ocrx_word' id='word_1_788' title='bbox 1115 5531 1170 5581; x_wconf 91' lang='lat' dir='ltr'>et</span> <span class='ocrx_word' id='word_1_789' title='bbox 1190 5528 1471 5600; x_wconf 89' lang='lat' dir='ltr'>plerique,</span> <span class='ocrx_word' id='word_1_790' title='bbox 1497 5533 1914 5601; x_wconf 85' lang='lat' dir='ltr'>consparsiones</span> 
     </span>
    </p>
   </div>
   <div class='ocr_carea' id='block_1_104' title="bbox 191 5592 1227 5666">
    <p class='ocr_par' dir='ltr' id='par_1_104' title="bbox 191 5592 1227 5666">
     <span class='ocr_line' id='line_1_104' title="bbox 191 5592 1227 5666; baseline 0.009 -20"><span class='ocrx_word' id='word_1_791' title='bbox 191 5594 536 5666; x_wconf 76' lang='lat' dir='ltr'>animorum.</span> <span class='ocrx_word' id='word_1_792' title='bbox 571 5592 784 5663; x_wconf 87' lang='lat' dir='ltr'>Germ.,</span> <span class='ocrx_word' id='word_1_793' title='bbox 817 5592 1227 5666; x_wconf 72' lang='lat' dir='ltr'>compassiones.</span> 
     </span>
    </p>
   </div>
   <div class='ocr_carea' id='block_1_105' title="bbox 279 5661 1909 5745">
    <p class='ocr_par' dir='ltr' id='par_1_105' title="bbox 279 5661 1909 5745">
     <span class='ocr_line' id='line_1_105' title="bbox 279 5661 1909 5745; baseline 0.006 -25"><span class='ocrx_word' id='word_1_794' title='bbox 410 5665 488 5745; x_wconf 86' lang='lat' dir='ltr'>l_ta</span> <span class='ocrx_word' id='word_1_795' title='bbox 525 5661 825 5745; x_wconf 83' lang='lat' dir='ltr'>Norman.,</span> <span class='ocrx_word' id='word_1_796' title='bbox 859 5661 1254 5745; x_wconf 79' lang='lat' dir='ltr'>Corb._Germ.</span> <span class='ocrx_word' id='word_1_797' title='bbox 1289 5676 1345 5727; x_wconf 90' lang='lat' dir='ltr'>et</span> <span class='ocrx_word' id='word_1_798' title='bbox 1373 5672 1491 5741; x_wconf 89' lang='lat' dir='ltr'>alli,</span> <span class='ocrx_word' id='word_1_799' title='bbox 1524 5689 1629 5730; x_wconf 89' lang='lat' dir='ltr'>nec</span> <span class='ocrx_word' id='word_1_800' title='bbox 1653 5692 1765 5729; x_wconf 89' lang='lat' dir='ltr'>non</span> <span class='ocrx_word' id='word_1_801' title='bbox 1797 5677 1909 5730; x_wconf 85' lang='lat' dir='ltr'>vet.</span> 
     </span>
    </p>
   </div>
   <div class='ocr_carea' id='block_1_106' title="bbox 197 5734 1911 5817">
    <p class='ocr_par' dir='ltr' id='par_1_106' title="bbox 197 5734 1911 5817">
     <span class='ocr_line' id='line_1_106' title="bbox 197 5734 1911 5817; baseline 0.005 -25"><span class='ocrx_word' id='word_1_802' title='bbox 197 5734 364 5792; x_wconf 78' lang='lat' dir='ltr'>Edit.</span> <span class='ocrx_word' id='word_1_803' title='bbox 415 5736 474 5794; x_wconf 90' lang='lat' dir='ltr'>ln</span> <span class='ocrx_word' id='word_1_804' title='bbox 517 5747 751 5805; x_wconf 86' lang='lat' dir='ltr'>recent.,</span> <span class='ocrx_word' id='word_1_805' title='bbox 810 5734 964 5797; x_wconf 89' lang='lat' dir='ltr'>tanto</span> <span class='ocrx_word' id='word_1_806' title='bbox 1022 5741 1366 5799; x_wconf 86' lang='lat' dir='ltr'>deterius.....</span> <span class='ocrx_word' id='word_1_807' title='bbox 1432 5734 1667 5801; x_wconf 79' lang='lat' dir='ltr'>tolerant</span> <span class='ocrx_word' id='word_1_808' title='bbox 1708 5750 1911 5817; x_wconf 86' lang='lat' dir='ltr'>quanto</span> 
     </span>
    </p>
   </div>
   <div class='ocr_carea' id='block_1_107' title="bbox 2026 4520 3730 4594">
    <p class='ocr_par' dir='ltr' id='par_1_107' title="bbox 2026 4520 3730 4594">
     <span class='ocr_line' id='line_1_107' title="bbox 2026 4520 3730 4594; baseline -0.001 -19"><span class='ocrx_word' id='word_1_809' title='bbox 2026 4537 2179 4592; x_wconf 66' lang='lat' dir='ltr'>saepe</span> <span class='ocrx_word' id='word_1_810' title='bbox 2226 4527 2283 4577; x_wconf 92' lang='lat' dir='ltr'>et</span> <span class='ocrx_word' id='word_1_811' title='bbox 2334 4522 2526 4594; x_wconf 88' lang='lat' dir='ltr'>pigras</span> <span class='ocrx_word' id='word_1_812' title='bbox 2576 4529 2799 4579; x_wconf 87' lang='lat' dir='ltr'>mentes</span> <span class='ocrx_word' id='word_1_813' title='bbox 2831 4539 2992 4579; x_wconf 90' lang='lat' dir='ltr'>amor</span> <span class='ocrx_word' id='word_1_814' title='bbox 3014 4523 3083 4578; x_wconf 90' lang='lat' dir='ltr'>ad</span> <span class='ocrx_word' id='word_1_815' title='bbox 3120 4538 3266 4594; x_wconf 88' lang='lat' dir='ltr'>opus</span> <span class='ocrx_word' id='word_1_816' title='bbox 3298 4521 3525 4588; x_wconf 84' lang='lat' dir='ltr'>excitat,</span> <span class='ocrx_word' id='word_1_817' title='bbox 3559 4529 3608 4576; x_wconf 91' lang='lat' dir='ltr'>et</span> <span class='ocrx_word' id='word_1_818' title='bbox 3643 4520 3730 4574; x_wconf 89' lang='lat' dir='ltr'>in-</span> 
     </span>
    </p>
   </div>
   <div class='ocr_carea' id='block_1_108' title="bbox 2022 4610 3732 4685">
    <p class='ocr_par' dir='ltr' id='par_1_108' title="bbox 2022 4610 3732 4685">
     <span class='ocr_line' id='line_1_108' title="bbox 2022 4610 3732 4685; baseline -0.001 -19"><span class='ocrx_word' id='word_1_819' title='bbox 2022 4611 2250 4683; x_wconf 89' lang='lat' dir='ltr'>quietas</span> <span class='ocrx_word' id='word_1_820' title='bbox 2301 4612 2358 4667; x_wconf 87' lang='lat' dir='ltr'>in</span> <span class='ocrx_word' id='word_1_821' title='bbox 2403 4613 2893 4685; x_wconf 84' lang='lat' dir='ltr'>contemplatione</span> <span class='ocrx_word' id='word_1_822' title='bbox 2943 4613 3116 4669; x_wconf 90' lang='lat' dir='ltr'>timor</span> <span class='ocrx_word' id='word_1_823' title='bbox 3155 4612 3421 4668; x_wconf 86' lang='lat' dir='ltr'>refrenat.</span> <span class='ocrx_word' id='word_1_824' title='bbox 3462 4610 3732 4666; x_wconf 87' lang='lat' dir='ltr'>Anchora</span> 
     </span>
    </p>
   </div>
   <div class='ocr_carea' id='block_1_109' title="bbox 2021 4700 3728 4774">
    <p class='ocr_par' dir='ltr' id='par_1_109' title="bbox 2021 4700 3728 4774">
     <span class='ocr_line' id='line_1_109' title="bbox 2021 4700 3728 4774; baseline -0.002 -18"><span class='ocrx_word' id='word_1_825' title='bbox 2021 4702 2175 4757; x_wconf 90' lang='lat' dir='ltr'>enim</span> <span class='ocrx_word' id='word_1_826' title='bbox 2199 4703 2390 4758; x_wconf 89' lang='lat' dir='ltr'>cordis</span> <span class='ocrx_word' id='word_1_827' title='bbox 2416 4707 2504 4759; x_wconf 91' lang='lat' dir='ltr'>est</span> <span class='ocrx_word' id='word_1_828' title='bbox 2527 4704 2756 4774; x_wconf 89' lang='lat' dir='ltr'>pondus</span> <span class='ocrx_word' id='word_1_829' title='bbox 2787 4705 3016 4761; x_wconf 91' lang='lat' dir='ltr'>timoris</span> <span class='ocrx_word' id='word_1_830' title='bbox 3050 4725 3063 4772; x_wconf 85' lang='lat'><strong>;</strong></span> <span class='ocrx_word' id='word_1_831' title='bbox 3098 4707 3154 4759; x_wconf 89' lang='lat' dir='ltr'>et</span> <span class='ocrx_word' id='word_1_832' title='bbox 3183 4703 3527 4773; x_wconf 92' lang='lat' dir='ltr'>plerumque</span> <span class='ocrx_word' id='word_1_833' title='bbox 3549 4700 3728 4753; x_wconf 86' lang='lat' dir='ltr'>ﬂuctu</span> 
     </span>
    </p>
   </div>
   <div class='ocr_carea' id='block_1_110' title="bbox 2022 4786 3728 4866">
    <p class='ocr_par' dir='ltr' id='par_1_110' title="bbox 2022 4786 3728 4866">
     <span class='ocr_line' id='line_1_110' title="bbox 2022 4786 3728 4866; baseline -0.002 -20"><span class='ocrx_word' id='word_1_834' title='bbox 2022 4792 2446 4863; x_wconf 87' lang='lat' dir='ltr'>cogitationum</span> <span class='ocrx_word' id='word_1_835' title='bbox 2465 4793 2745 4865; x_wconf 88' lang='lat' dir='ltr'>quatitur,</span> <span class='ocrx_word' id='word_1_836' title='bbox 2770 4795 2865 4850; x_wconf 90' lang='lat' dir='ltr'>sed</span> <span class='ocrx_word' id='word_1_837' title='bbox 2889 4811 2989 4866; x_wconf 91' lang='lat' dir='ltr'>per</span> <span class='ocrx_word' id='word_1_838' title='bbox 3009 4792 3327 4864; x_wconf 69' lang='lat' dir='ltr'>disciplinae</span> <span class='ocrx_word' id='word_1_839' title='bbox 3351 4806 3470 4846; x_wconf 74' lang='lat' dir='ltr'>suae</span> <span class='ocrx_word' id='word_1_840' title='bbox 3498 4786 3728 4843; x_wconf 90' lang='lat' dir='ltr'>vincula</span> 
     </span>
    </p>
   </div>
   <div class='ocr_carea' id='block_1_111' title="bbox 2021 4876 3724 4956">
    <p class='ocr_par' dir='ltr' id='par_1_111' title="bbox 2021 4876 3724 4956">
     <span class='ocr_line' id='line_1_111' title="bbox 2021 4876 3724 4956; baseline -0.004 -20"><span class='ocrx_word' id='word_1_841' title='bbox 2021 4881 2305 4937; x_wconf 88' lang='lat' dir='ltr'>retinetur</span> <span class='ocrx_word' id='word_1_842' title='bbox 2339 4899 2352 4949; x_wconf 90' lang='lat'><strong>;</strong></span> <span class='ocrx_word' id='word_1_843' title='bbox 2389 4897 2578 4954; x_wconf 90' lang='lat' dir='ltr'>neque</span> <span class='ocrx_word' id='word_1_844' title='bbox 2605 4883 2712 4939; x_wconf 87' lang='lat' dir='ltr'>hoc</span> <span class='ocrx_word' id='word_1_845' title='bbox 2736 4889 3050 4956; x_wconf 88' lang='lat' dir='ltr'>tempestas</span> <span class='ocrx_word' id='word_1_846' title='bbox 3073 4899 3190 4939; x_wconf 76' lang='lat' dir='ltr'>suae</span> <span class='ocrx_word' id='word_1_847' title='bbox 3211 4877 3633 4951; x_wconf 88' lang='lat' dir='ltr'>inquietudinis</span> <span class='ocrx_word' id='word_1_848' title='bbox 3653 4876 3724 4930; x_wconf 90' lang='lat' dir='ltr'>ad</span> 
     </span>
    </p>
   </div>
   <div class='ocr_carea' id='block_1_112' title="bbox 2019 4967 3726 5046">
    <p class='ocr_par' dir='ltr' id='par_1_112' title="bbox 2019 4967 3726 5046">
     <span class='ocr_line' id='line_1_112' title="bbox 2019 4967 3726 5046; baseline -0.004 -18"><span class='ocrx_word' id='word_1_849' title='bbox 2019 4973 2392 5044; x_wconf 83' lang='lat' dir='ltr'>naufragium</span> <span class='ocrx_word' id='word_1_850' title='bbox 2443 4974 2746 5046; x_wconf 87' lang='lat' dir='ltr'>pertrablt,</span> <span class='ocrx_word' id='word_1_851' title='bbox 2797 4975 2930 5045; x_wconf 89' lang='lat' dir='ltr'>quia</span> <span class='ocrx_word' id='word_1_852' title='bbox 2962 4976 3019 5029; x_wconf 92' lang='lat' dir='ltr'>in</span> <span class='ocrx_word' id='word_1_853' title='bbox 3071 4970 3253 5028; x_wconf 89' lang='lat' dir='ltr'>divini</span> <span class='ocrx_word' id='word_1_854' title='bbox 3287 4968 3501 5025; x_wconf 90' lang='lat' dir='ltr'>amoris</span> <span class='ocrx_word' id='word_1_855' title='bbox 3533 4967 3726 5022; x_wconf 90' lang='lat' dir='ltr'>littore</span> 
     </span>
    </p>
   </div>
   <div class='ocr_carea' id='block_1_113' title="bbox 2019 5057 3721 5134">
    <p class='ocr_par' dir='ltr' id='par_1_113' title="bbox 2019 5057 3721 5134">
     <span class='ocr_line' id='line_1_113' title="bbox 2019 5057 3721 5134; baseline -0.004 -16"><span class='ocrx_word' id='word_1_856' title='bbox 2019 5063 2273 5134; x_wconf 88' lang='lat' dir='ltr'>perfecta</span> <span class='ocrx_word' id='word_1_857' title='bbox 2319 5065 2570 5120; x_wconf 90' lang='lat' dir='ltr'>charitas</span> <span class='ocrx_word' id='word_1_858' title='bbox 2613 5065 2900 5134; x_wconf 86' lang='lat' dir='ltr'>astringit.</span> <span class='ocrx_word' id='word_1_859' title='bbox 2963 5063 3123 5118; x_wconf 87' lang='lat' dir='ltr'>Unde</span> <span class='ocrx_word' id='word_1_860' title='bbox 3180 5075 3414 5116; x_wconf 92' lang='lat' dir='ltr'>necesse</span> <span class='ocrx_word' id='word_1_861' title='bbox 3451 5062 3540 5114; x_wconf 83' lang='lat' dir='ltr'>est</span> <span class='ocrx_word' id='word_1_862' title='bbox 3571 5057 3721 5114; x_wconf 71' lang='lat'>209</span> 
     </span>
    </p>
   </div>
   <div class='ocr_carea' id='block_1_114' title="bbox 2019 5150 3724 5225">
    <p class='ocr_par' dir='ltr' id='par_1_114' title="bbox 2019 5150 3724 5225">
     <span class='ocr_line' id='line_1_114' title="bbox 2019 5150 3724 5225; baseline -0.001 -17"><span class='ocrx_word' id='word_1_863' title='bbox 2019 5157 2082 5208; x_wconf 92' lang='lat' dir='ltr'>ut</span> <span class='ocrx_word' id='word_1_864' title='bbox 2131 5153 2394 5225; x_wconf 88' lang='lat' dir='ltr'>quisquis</span> <span class='ocrx_word' id='word_1_865' title='bbox 2433 5157 2502 5210; x_wconf 87' lang='lat' dir='ltr'>ad</span> <span class='ocrx_word' id='word_1_866' title='bbox 2550 5153 3057 5224; x_wconf 87' lang='lat' dir='ltr'>contemplationis</span> <span class='ocrx_word' id='word_1_867' title='bbox 3096 5150 3291 5206; x_wconf 89' lang='lat' dir='ltr'>studia</span> <span class='ocrx_word' id='word_1_868' title='bbox 3323 5152 3605 5218; x_wconf 84' lang='lat' dir='ltr'>prOperat,</span> <span class='ocrx_word' id='word_1_869' title='bbox 3638 5165 3724 5206; x_wconf 87' lang='lat' dir='ltr'>se-</span> 
     </span>
    </p>
   </div>
   <div class='ocr_carea' id='block_1_115' title="bbox 2019 5239 3717 5314">
    <p class='ocr_par' dir='ltr' id='par_1_115' title="bbox 2019 5239 3717 5314">
     <span class='ocr_line' id='line_1_115' title="bbox 2019 5239 3717 5314; baseline -0.005 -16"><span class='ocrx_word' id='word_1_870' title='bbox 2019 5245 2330 5314; x_wconf 91' lang='lat' dir='ltr'>metipsum</span> <span class='ocrx_word' id='word_1_871' title='bbox 2368 5244 2523 5312; x_wconf 91' lang='lat' dir='ltr'>prius</span> <span class='ocrx_word' id='word_1_872' title='bbox 2557 5242 3200 5310; x_wconf 88' lang='lat' dir='ltr'>subtiliterinterroget,</span> <span class='ocrx_word' id='word_1_873' title='bbox 3226 5242 3505 5308; x_wconf 90' lang='lat' dir='ltr'>quantum</span> <span class='ocrx_word' id='word_1_874' title='bbox 3539 5239 3717 5291; x_wconf 90' lang='lat' dir='ltr'>amat.</span> 
     </span>
    </p>
   </div>
   <div class='ocr_carea' id='block_1_116' title="bbox 2017 5329 3720 5406">
    <p class='ocr_par' dir='ltr' id='par_1_116' title="bbox 2017 5329 3720 5406">
     <span class='ocr_line' id='line_1_116' title="bbox 2017 5329 3720 5406; baseline -0.004 -18"><span class='ocrx_word' id='word_1_875' title='bbox 2017 5335 2280 5390; x_wconf 86' lang='lat' dir='ltr'>Machina</span> <span class='ocrx_word' id='word_1_876' title='bbox 2326 5335 2538 5406; x_wconf 88' lang='lat' dir='ltr'>quippe</span> <span class='ocrx_word' id='word_1_877' title='bbox 2589 5333 2800 5388; x_wconf 88' lang='lat' dir='ltr'>mentis</span> <span class='ocrx_word' id='word_1_878' title='bbox 2849 5337 2937 5388; x_wconf 90' lang='lat' dir='ltr'>est</span> <span class='ocrx_word' id='word_1_879' title='bbox 2986 5330 3070 5386; x_wconf 91' lang='lat' dir='ltr'>vis</span> <span class='ocrx_word' id='word_1_880' title='bbox 3111 5329 3347 5396; x_wconf 89' lang='lat' dir='ltr'>amoris,</span> <span class='ocrx_word' id='word_1_881' title='bbox 3395 5344 3523 5399; x_wconf 63' lang='lat' dir='ltr'>qua:</span> <span class='ocrx_word' id='word_1_882' title='bbox 3572 5329 3720 5383; x_wconf 88' lang='lat' dir='ltr'>hanc</span> 
     </span>
    </p>
   </div>
   <div class='ocr_carea' id='block_1_117' title="bbox 2019 5531 2991 5600">
    <p class='ocr_par' dir='ltr' id='par_1_117' title="bbox 2019 5531 2991 5600">
     <span class='ocr_line' id='line_1_117' title="bbox 2019 5531 2991 5600; baseline 0.002 -18"><span class='ocrx_word' id='word_1_883' title='bbox 2019 5531 2268 5584; x_wconf 85' lang='lat' dir='ltr'>licentius</span> <span class='ocrx_word' id='word_1_884' title='bbox 2299 5531 2372 5584; x_wconf 85' lang='lat' dir='ltr'>ad</span> <span class='ocrx_word' id='word_1_885' title='bbox 2399 5533 2752 5600; x_wconf 84' lang='lat' dir='ltr'>cogitationes</span> <span class='ocrx_word' id='word_1_886' title='bbox 2775 5539 2991 5586; x_wconf 84' lang='lat' dir='ltr'>vacant.</span> 
     </span>
    </p>
   </div>
   <div class='ocr_carea' id='block_1_118' title="bbox 2090 5602 3158 5672">
    <p class='ocr_par' dir='ltr' id='par_1_118' title="bbox 2090 5602 3158 5672">
     <span class='ocr_line' id='line_1_118' title="bbox 2090 5602 3158 5672; baseline 0.004 -18"><span class='ocrx_word' id='word_1_887' title='bbox 2090 5602 2167 5671; x_wconf 77' lang='grc' dir='ltr'>(ε)</span> <span class='ocrx_word' id='word_1_888' title='bbox 2198 5602 2406 5672; x_wconf 82' lang='lat' dir='ltr'>Aliqui,</span> <span class='ocrx_word' id='word_1_889' title='bbox 2442 5603 2714 5657; x_wconf 87' lang='lat' dir='ltr'>intellectu</span> <span class='ocrx_word' id='word_1_890' title='bbox 2743 5607 2908 5672; x_wconf 79' lang='lat' dir='ltr'>pravi</span> <span class='ocrx_word' id='word_1_891' title='bbox 2937 5607 3158 5661; x_wconf 85' lang='lat' dir='ltr'>erroris.</span> 
     </span>
    </p>
   </div>
   <div class='ocr_carea' id='block_1_119' title="bbox 2089 5671 3720 5745">
    <p class='ocr_par' dir='ltr' id='par_1_119' title="bbox 2089 5671 3720 5745">
     <span class='ocr_line' id='line_1_119' title="bbox 2089 5671 3720 5745; baseline 0 -19"><span class='ocrx_word' id='word_1_892' title='bbox 2089 5673 2163 5739; x_wconf 88' lang='lat' dir='ltr'>(d)</span> <span class='ocrx_word' id='word_1_893' title='bbox 2213 5671 2509 5741; x_wconf 84' lang='lat' dir='ltr'>Norman.,</span> <span class='ocrx_word' id='word_1_894' title='bbox 2561 5671 2899 5745; x_wconf 82' lang='lat' dir='ltr'>Compend.,</span> <span class='ocrx_word' id='word_1_895' title='bbox 2941 5676 3181 5732; x_wconf 90' lang='lat' dir='ltr'>Vindoc.</span> <span class='ocrx_word' id='word_1_896' title='bbox 3233 5674 3353 5730; x_wconf 92' lang='lat' dir='ltr'>Val.</span> <span class='ocrx_word' id='word_1_897' title='bbox 3410 5673 3515 5742; x_wconf 84' lang='lat' dir='ltr'>CL,</span> <span class='ocrx_word' id='word_1_898' title='bbox 3550 5671 3720 5728; x_wconf 88' lang='lat' dir='ltr'>Corb.</span> 
     </span>
    </p>
   </div>
   <div class='ocr_carea' id='block_1_120' title="bbox 2019 5744 3364 5820">
    <p class='ocr_par' dir='ltr' id='par_1_120' title="bbox 2019 5744 3364 5820">
     <span class='ocr_line' id='line_1_120' title="bbox 2019 5744 3364 5820; baseline 0.002 -19"><span class='ocrx_word' id='word_1_899' title='bbox 2019 5744 2234 5813; x_wconf 90' lang='lat' dir='ltr'>Germ.,</span> <span class='ocrx_word' id='word_1_900' title='bbox 2269 5749 2550 5816; x_wconf 86' lang='lat' dir='ltr'>incognita</span> <span class='ocrx_word' id='word_1_901' title='bbox 2579 5744 2806 5804; x_wconf 83' lang='lat' dir='ltr'>veritate</span> <span class='ocrx_word' id='word_1_902' title='bbox 2837 5749 3112 5820; x_wconf 80' lang='lat' dir='ltr'>compellit</span> <span class='ocrx_word' id='word_1_903' title='bbox 3149 5747 3364 5806; x_wconf 80' lang='lat' dir='ltr'>cadere.</span> 
     </span>
    </p>
   </div>
  </div>
