4134 6174
367 193 483 252 763
1609 185 1880 247 SANCTI
1929 185 2294 248 GREGORll
2345 188 2590 250 MAGNI
3761 202 3888 259 764

367 332 504 386 dum
541 347 573 385 a
597 329 812 385 mundo
862 327 1135 392 extrahit,
1178 327 1236 382 in
1270 326 1384 382 alta
1423 324 1698 381 sustollit.
1733 326 1901 380 Prius
1933 341 2068 396 ergo
2098 331 2153 394 A
2186 326 2327 382 Hinc
2350 331 2435 382 est
2455 326 2609 383 enim
2635 329 2785 396 quod
2817 330 2866 384 is
2897 347 3073 402 quem
3105 331 3253 404 legio
3276 334 3608 391 daemonum
3642 338 3892 394 Domino

369 419 665 486 discutiat,
717 419 768 474 si
812 434 1046 473 summa
1076 415 1377 487 inquirens
1408 414 1615 486 diligit,
1650 414 1966 485 sidiligens
1999 413 2068 468 ti-
2172 416 2411 485 jubente
2454 417 2779 488 dereliquit,
2804 420 2872 473 ad
2907 419 3218 476 Salvatoris
3249 423 3337 477 sui
3360 425 3530 492 pedes
3556 426 3632 494 (b)
3651 428 3889 492 residet,

371 516 506 575 met,
534 509 581 565 si
615 509 775 564 novit
813 508 1112 579 incognita
1152 515 1250 560 aut
1280 505 1530 560 amando
1563 504 2067 573 comprehendere,

369 609 464 656 aut
495 617 607 656 non
647 599 1065 669 comprehensa
1106 595 1360 650 timendo
1401 595 1680 649 venerari.
1719 594 1780 648 In
1814 597 2068 649 contem-

369 691 624 762 platione
673 691 882 744 etenim
935 691 1190 741 mentem
1243 686 1288 740 si
1324 701 1486 740 amor
1516 702 1626 740 non
1650 686 1879 750 excitat,
1914 697 2068 755 tepo-

371 781 450 835 ris
469 782 556 835 sui
583 785 778 850 torpor
796 779 1064 833 obscurat
1091 793 1103 841 ;
1130 777 1179 831 si
1201 776 1374 830 timor
1399 792 1512 830 non
1546 780 1838 846 aggravet,
1863 790 2072 829 sensus

370 871 521 926 hanc
580 888 678 942 per
723 869 920 925 inania
960 869 1030 923 ad
1084 867 1354 923 nebulam
1386 868 1597 924 erroris
1629 868 1777 922 levat
1811 885 1822 934 ;
1858 875 1911 922 et
1941 882 2070 921 cum

369 961 568 1018 clausa
613 961 664 1016 ei
713 968 1060 1016 secretorum
1101 961 1282 1029 janua
1330 959 1554 1014 tardius
1595 958 1873 1028 aperitur,
1905 957 1975 1011 ab
2007 971 2073 1012 ea

369 1051 736 1121 longiusipsa
759 1067 861 1105 sua
881 1049 1330 1122 praesumptione
1352 1048 1648 1121 repellitur
1671 1066 1683 1115 ;
1705 1048 1842 1118 quia
1866 1048 2075 1102 irrum-

370 1156 500 1209 pere
548 1141 765 1211 appetit
808 1140 935 1204 hoc,
967 1140 1116 1210 quod
1152 1155 1264 1195 non
1296 1139 1595 1195 inveniens
1629 1139 1836 1210 quaerit
1871 1154 2073 1206 ;cum-

370 1247 482 1301 que
530 1230 784 1302 superba
833 1247 998 1286 mens
1048 1246 1299 1285 errorem
1354 1247 1454 1301 pro
1513 1229 1747 1284 veritate
1808 1230 2071 1300 percipit,

369 1337 483 1390 quo
524 1321 689 1391 quasi
727 1321 885 1375 intus
917 1337 1177 1392 gressum
1215 1320 1473 1389 porrigit,
1509 1320 1658 1374 foras
1688 1319 1894 1374 tendit.
1929 1319 2076 1376 Hinc

370 1414 458 1465 est
501 1409 658 1465 enim
711 1410 863 1479 quod
907 1408 1094 1478 legem
1121 1410 1364 1464 daturus
1386 1407 1692 1472 Dominus,
1725 1407 1785 1463 in
1819 1407 1950 1478 igne
1985 1408 2074 1461 fu-

371 1515 582 1571 moque
629 1500 927 1555 descendit
976 1501 1172 1570 (Exod.
1225 1515 1340 1567 xxx,
1394 1499 1481 1562 18)
1525 1516 1539 1565 ;
1582 1498 1792 1568 quiaet
1825 1498 2074 1554 humiles

372 1607 474 1661 per
495 1591 819 1646 claritatem
851 1608 967 1646 suae
992 1589 1344 1646 ostensionis
1368 1589 1681 1658 illuminat,
1713 1594 1769 1644 et
1798 1589 2077 1660 superbo-

372 1697 499 1734 rum
553 1679 747 1735 oculos
797 1697 898 1751 per
937 1680 1244 1749 caliginem
1292 1679 1504 1734 erroris
1559 1680 1848 1735 obscurat.
1910 1679 2075 1734 Prius
2106 1708 2153 1774 B

372 1771 549 1842 igitur
583 1786 748 1825 mens
779 1771 848 1824 ab
877 1769 1128 1840 appetitu
1164 1769 1361 1839 glorize
1404 1769 1762 1840 temporalis,
1798 1777 1964 1840 atque
2003 1771 2074 1826 ab

373 1863 532 1919 omni
581 1862 829 1916 carnalis
873 1859 1354 1931 concupiscentiae
1395 1860 1774 1915 delectatione
1802 1862 2077 1932 tergenda

374 1958 480 2018 est,
513 1957 568 2007 et
624 1956 763 2006 tunc
811 1953 884 2021 (α)
929 1952 996 2004 ad
1030 1951 1209 2005 aciem
1244 1951 1748 2021 contemplationis
1782 1950 2076 2022 erigenda.

374 2042 536 2098 Unde
586 2046 643 2096 et
673 2057 803 2096 cum
837 2041 925 2096 lex
957 2041 1258 2110 accipitur,
1295 2041 1547 2111 populus
1578 2058 1611 2095 a
1645 2046 1842 2095 monte
1884 2040 2076 2111 prohi-

375 2133 566 2198 betur,
603 2136 664 2186 ut
711 2132 973 2186 videlicet
1009 2132 1104 2201 qui
1151 2131 1402 2186 infirmis
1442 2130 1632 2186 adhuc
1659 2131 1954 2186 mentibus
1979 2137 2084 2187 ter-

375 2240 514 2279 rena
535 2224 886 2290 desiderant,
904 2222 1269 2278 considerare
1283 2223 1560 2278 sublimia
1576 2239 1686 2278 non
1707 2228 2080 2294 praesumant.

375 2311 536 2368 Unde
577 2320 632 2368 et
682 2317 832 2369 recte
854 2312 1067 2368 dicitur
1102 2331 1113 2366 :
1148 2311 1205 2367 Si
1239 2313 1402 2368 bestia
1439 2315 1679 2380 tetigerit
1713 2321 1963 2380 montem,
2000 2313 2085 2366 la—

373 2402 668 2473 pidabitur
699 2401 898 2473 (Ibid,
932 2402 1018 2469 12,
1055 2401 1163 2470 13).
1194 2401 1379 2456 Bestia
1405 2401 1558 2455 enim
1587 2409 1838 2456 montem
1874 2402 2080 2471 tangit,

375 2509 507 2548 cum
542 2509 706 2546 men
734 2490 1230 2546 irrationabilibus
1255 2490 1554 2546 desideriis
1577 2490 1810 2546 subdita
1839 2489 1912 2545 ad
1943 2507 2084 2546 con-

375 2581 768 2653 templationis
809 2581 924 2635 alta
955 2596 1014 2635 se
1043 2581 1232 2651 erigit.
1282 2581 1392 2636 Sed
1417 2580 1711 2652 lapidibus
1746 2582 2084 2652 percutitur,

375 2673 516 2744 quia
565 2687 799 2727 summa
848 2687 960 2726 non
1015 2671 1332 2740 sustinens,
1368 2670 1512 2741 ipsis
1545 2670 1781 2742 superni
1816 2671 2085 2742 ponderis

375 2765 592 2821 ictibus
625 2767 888 2818 necatur.

445 2855 535 2910 59.
586 2857 718 2922 Qua:
767 2853 840 2905 ad
887 2867 1008 2906 eam
1050 2852 1440 2921 assequendam
1470 2854 1726 2922 perfectio
1758 2855 2083 2908 necessaria.

375 2977 443 2988 -
476 2943 581 3005 Qui
632 2943 810 3013 igitur
855 2941 1082 2996 culmen
1134 2941 1564 3011 apprehendere
1604 2942 1971 3012 perfectionis
2005 2943 2087 2997 ni-

2177 508 2354 562 verba
2398 506 2670 563 doctrinae
2719 510 2983 580 percipit,
3029 516 3084 567 et
3141 513 3212 568 de
3267 514 3498 583 regione
3546 533 3655 572 sua
3715 518 3894 572 simul

2180 595 2475 652 discedere
2495 613 2626 652 cum
2650 598 2854 654 salutis
2874 605 3108 656 auctore
3139 604 3535 675 concupiscit;
3565 606 3666 660 sed
3696 612 3892 662 tamen

2180 685 2228 739 ei
2263 685 2392 756 ipsa
2421 703 2539 757 quas
2572 687 2820 744 salutem
2853 691 3100 745 contulit
3131 691 3354 748 Veritas
3385 694 3528 750 dicit
3561 711 3573 749 :
3607 697 3897 752 Revertere

2179 777 2426 846 primum
2470 779 2528 830 in
2574 778 2792 834 domum
2847 779 3009 836 2I0
3055 789 3226 848 luam,
3255 788 3306 838 et
3348 801 3521 839 narra
3551 789 3764 855 quanta
3794 788 3893 841 tibi

2179 865 2368 936 fecerit
2409 869 2692 923 Dominus.
2743 870 2885 924 Cum
2927 871 3084 926 enim
3111 872 3431 943 quamlibet
3462 891 3673 944 parum
3705 877 3777 931 de
3810 877 3892 932 di~

2179 956 2315 1011 vina
2363 957 2692 1028 cognitione
2732 959 3106 1030 percipimus,
3159 962 3344 1018 redire
3373 964 3441 1018 ad
3477 964 3741 1020 humana
3773 966 3896 1035 jam

2181 1044 2476 1113 nolumus,
2526 1053 2582 1102 et
2622 1049 3018 1120 proximorum
3060 1052 3505 1110 necessitatibus
3555 1055 3786 1111 onerari
3817 1071 3902 1110 re-

2181 1152 2457 1193 cusamus
2490 1157 2504 1206 ;
2535 1139 2789 1209 quietem
2813 1143 3321 1212 contemplationis
3353 1145 3694 1214 quaerimus,
3715 1146 3904 1201 nihil-

2183 1243 2295 1298 que
2327 1225 2506 1296 aliud,
2542 1228 2650 1283 nisi
2675 1229 2783 1284 hoc
2813 1231 2967 1300 quod
2992 1230 3116 1286 sine
3146 1231 3343 1288 labore
3374 1233 3578 1301 reiicit,
3614 1251 3880 1290 amamus

2181 1318 2290 1373 Sed
2342 1323 2572 1374 sanatos
2621 1337 2725 1375 nos
2775 1320 2998 1376 Veritas
3044 1324 3113 1377 ad
3149 1324 3389 1379 domum
3423 1326 3620 1392 mittit,
3655 1341 3903 1381 narrare

2183 1424 2306 1478 quas
2344 1408 2644 1465 nobiscum
2689 1415 2817 1466 acta
2856 1421 2992 1467 sunt
3025 1413 3304 1484 praecipit,
3330 1420 3394 1470 ut
3423 1415 3692 1472 videlicet
3731 1418 3904 1487 prius

2184 1514 2352 1554 mens
2401 1501 2631 1555 exsudet
2681 1500 2740 1556 in
2787 1518 2978 1573 opere,
3013 1507 3067 1558 et
3098 1505 3467 1573 postmodum
3501 1505 3658 1563 refici
3689 1507 3908 1562 debeat

2183 1605 2284 1658 per
2313 1590 2884 1660 contemplationem.

2257 1682 2403 1751 [Rea
2437 1681 2666 1752 XVIII.)
2705 1683 2794 1736 61.
2841 1684 3330 1756 Contemplationis
3359 1688 3408 1741 et
3438 1689 3666 1743 actionis
3703 1688 3908 1758 ﬁgure

2186 1772 2382 1828 Rachel
2439 1779 2488 1828 et
2550 1774 2661 1840 Lia,
2714 1774 2884 1828 Maria
2915 1779 2965 1830 et
2997 1777 3236 1832 Martha.
3295 1780 3439 1834 Vitae
3479 1782 3654 1834 active
3694 1795 3907 1849 magna

2185 1865 2401 1928 merita,
2425 1863 2866 1933 contemplativa?
2893 1867 3127 1934 potiora.
3150 1897 3216 1906 ——-
3249 1867 3389 1922 Hinc
3420 1875 3505 1922 est
3536 1869 3689 1938 quod
3718 1869 3908 1923 Jacob

2190 1968 2288 2023 pro
2351 1951 2562 2007 Rachel
2611 1953 2805 2018 servit,
2855 1961 2908 2008 et
2941 1953 3101 2009 Liam
3163 1956 3388 2026 accipit,
3421 1957 3590 2028 eique
3636 1958 3910 2015 dicitur:

2189 2042 2305 2098 Non
2353 2051 2431 2097 est
2479 2043 2892 2098 consuetudinis
2938 2047 2995 2098 in
3029 2053 3177 2101 terra
3211 2055 3391 2102 nostra
3420 2052 3481 2102 ut
3513 2051 3741 2104 minores
3772 2054 3916 2104 ante

2189 2133 2474 2186 tradamus
2521 2132 2590 2187 ad
2630 2133 2856 2204 nuptias
2885 2151 3048 2205 quam
3085 2137 3320 2206 majores
3367 2137 3583 2207 (Genes.
3611 2154 3757 2201 xxix,
3786 2139 3915 2208 27)-

2192 2220 2405 2277 Rachel
2442 2223 2510 2292 (ο)
2535 2238 2809 2293 namque,
2837 2225 3023 2278 visum
3050 2225 3400 2295 principium
3445 2244 3458 2292 ;
3487 2228 3583 2283 Lia
3602 2232 3796 2281 autem
3832 2227 3925 2281 la-

2193 2309 2415 2366 boriosa
2460 2311 2691 2366 dicitur.
2741 2313 2808 2366 Et
2841 2312 2978 2382 quid
3013 2329 3113 2384 per
3136 2315 3463 2382 Rachelem,
3499 2315 3606 2370 nisi
3639 2320 3920 2370 contem-

2193 2399 2410 2471 plativa
2444 2419 2456 2470 ;
2493 2400 2631 2471 quid
2667 2416 2767 2470 per
2797 2401 2974 2466 Liam,
3011 2403 3126 2458 nisi
3173 2404 3355 2460 activa
3379 2404 3496 2460 vita
3527 2404 3929 2475 designatur?

2194 2491 2255 2544 In
2291 2491 2782 2561 contemplatione
2806 2493 3026 2565 quippe
3045 2494 3420 2565 principium,
3445 2496 3591 2563 quod
3616 2494 3769 2549 Deus
3799 2503 3896 2550 est
3917 2535 3936 2567 ,

2193 2579 2473 2650 quaeritur
2507 2597 2519 2645 ;
2562 2580 2619 2634 in
2652 2583 2986 2652 operatione
3027 2587 3220 2637 autem
3262 2583 3369 2637 sub
3400 2583 3558 2653 gravi
3591 2585 3927 2638 necessita-

2193 2673 2317 2724 tum
2370 2669 2525 2725 l'asce
2574 2669 2889 2726 laboratur.
2941 2671 3103 2728 Unde
3151 2677 3207 2728 et
3250 2672 3462 2727 Rachel
3506 2673 3762 2743 pulchra,
3808 2673 3926 2729 sed

2192 2759 2412 2815 sterilis
2447 2777 2458 2827 ;
2496 2761 2589 2814 Lia
2643 2769 2834 2816 autem
2879 2761 3040 2833 lippa
3071 2767 3180 2826 est,
3210 2763 3309 2817 sed
3343 2762 3607 2829 fecunda,
3639 2763 3780 2832 quia
3822 2763 3927 2816 ni-

2193 2850 2407 2905 mirum
2459 2865 2623 2905 mens
2671 2866 2805 2905 cum
2856 2850 3288 2922 contemplandi
3331 2853 3445 2906 otia
3495 2851 3729 2923 appetit,
3765 2851 3926 2922 plus

2193 2938 2368 3006 videt,
2420 2939 2519 2994 sed
2563 2940 2759 2994 minus
2809 2943 2920 2994 Deo
2971 2940 3124 2994 filios
3171 2944 3409 3010 generat
3439 2959 3452 3005 ;
3487 2956 3609 2994 cum
3654 2955 3793 2994 vero
3844 2942 3927 2996 ad

376 3040 601 3100 tuntur,
649 3048 784 3088 cum
830 3030 1339 3101 contemplationis
1390 3047 1582 3085 arcem
1632 3036 1827 3086 tenere
1867 3031 2085 3087 deside—
2115 3022 2162 3094 α
2202 3026 2458 3082 laborem
2495 3043 2557 3083 se
2607 3027 3034 3098 praedicationis
3084 3028 3303 3099 dirigit,
3355 3029 3548 3084 minus
3590 3028 3758 3094 videt,
3809 3031 3929 3085 sed

379 3133 530 3190 rant,
549 3123 706 3193 prius
726 3137 783 3175 se
810 3120 864 3173 in
895 3137 1097 3189 campo
1121 3120 1313 3190 operis
1337 3137 1437 3189 per
1457 3120 1792 3174 exercitium
1822 3121 2083 3191 probent,

378 3219 444 3270 ut
493 3212 739 3269 sollicite
782 3211 970 3266 sciant
1013 3211 1060 3265 si
1106 3209 1414 3280 nullajam
1449 3209 1600 3265 mala
1633 3211 1914 3281 proximis
1945 3211 2089 3265 irro-

377 3308 533 3374 gant,
586 3302 635 3357 si
677 3301 933 3372 irrogata
961 3317 991 3354 a
1025 3300 1301 3371 proximis
1322 3299 1726 3370 aequanimiter
1754 3304 2002 3371 portant,
2036 3301 2086 3356 si

379 3393 625 3462 objectis
658 3390 826 3446 bonis
853 3388 1276 3461 temporalibus
1302 3405 1668 3460 nequaquam
1695 3405 1860 3445 mens
1891 3389 2087 3445 laetitia

377 3484 640 3547 solvitur,
676 3482 724 3537 si
756 3482 1068 3537 subtractis
1113 3498 1223 3536 non
1263 3480 1441 3536 nimio
1475 3497 1720 3537 moerore
1750 3481 2078 3549 sauciatur;

376 3590 440 3630 ac
470 3573 680 3629 deinde
704 3574 1066 3643 perpendant
1087 3571 1135 3626 si
1168 3587 1300 3626 cum
1333 3571 1400 3627 ad
1426 3572 1769 3642 semetipsos
1801 3571 2087 3628 introrsus

381 3667 641 3729 redeunt,
686 3664 828 3718 ineo
861 3662 1013 3734 quod
1057 3661 1342 3733 spiritalia
1374 3662 1682 3727 rimantur,
1716 3677 2084 3734 nequaquam

381 3771 579 3811 secum
633 3769 825 3809 rerum
875 3751 1261 3824 corporalium
1305 3753 1826 3817 umbrastrahunt,
1859 3752 1947 3807 vel
1981 3753 2090 3808 for-

379 3849 537 3900 tasse
569 3849 780 3900 tractas
801 3859 974 3898 manu
999 3843 1364 3898 discretionis
1395 3842 1672 3913 abigunt;
1696 3843 1740 3898 si
1774 3841 2086 3897 incircum-

379 3934 659 4008 scriptum
679 3935 874 3990 lumen
888 3933 1081 3989 videre
1100 3932 1417 4001 cupientes,
1433 3948 1498 3986 cu
1511 3937 1671 3987 notas
1690 3931 2089 4003 circumscrip-

378 4026 552 4082 tionis
585 4043 701 4082 suae
734 4025 1018 4095 imagines
1053 4023 1389 4094 deprimunt
1423 4039 1435 4088 ;
1469 4022 1608 4076 etin
1639 4037 1704 4076 eo
1736 4023 1890 4092 quod
1916 4037 2088 4093 super

380 4133 442 4172 se
485 4116 821 4186 contingere
869 4117 1173 4184 appetunt,
1223 4111 1462 4166 vincunt
1527 4113 1677 4180 quod
1728 4115 1884 4166 sunt.
1948 4112 2085 4182 [νει.

378 4206 652 4275 XXVIII.)
713 4204 875 4259 Unde
933 4207 1086 4258 recte
1145 4218 1297 4257 nunc
1357 4202 1608 4256 dicitur:
1645 4200 1974 4269 Ingredieris
2030 4204 2088 4255 in

380 4296 724 4350 abundantia
771 4295 1100 4365 sepulcrum.
1155 4292 1250 4347 Vir
1292 4293 1508 4364 quippe
1556 4292 1840 4364 perfectus
1891 4292 2086 4363 sepul-

2197 3118 2450 3188 amplius
2509 3120 2676 3189 parit.
2729 3121 2865 3176 Post
2919 3119 3030 3174 Liae
3087 3136 3224 3191 ergo
3283 3121 3613 3191 complexus
3661 3120 3731 3176 ad
3800 3122 3932 3177 Ra-

2196 3208 2417 3264 chelem
2479 3210 2656 3265 Jacob
2722 3211 2999 3281 pervenit,
3078 3209 3213 3281 quia
3289 3210 3576 3282 perfectus
3641 3210 3928 3283 quisque

2197 3303 2328 3355 ante
2365 3301 2560 3356 activa:
2603 3299 2729 3355 vitae
2775 3302 2843 3355 ad
2898 3301 3308 3356 fecunditatem
3351 3301 3639 3373 jungitur,
3671 3305 3726 3355 et
3774 3307 3933 3372 post

2197 3391 2652 3462 contemplativa
2712 3392 2782 3446 ad
2849 3391 3106 3462 requiem
3165 3391 3492 3462 copulatur.
3541 3390 3682 3457 Quia
3737 3394 3926 3447 enim

2197 3481 2650 3553 contemplativa
2699 3483 2816 3537 vita
2849 3483 3034 3537 minor
3065 3482 3301 3553 quidem
3331 3485 3609 3553 tempore,
3641 3482 3738 3536 sed
3779 3498 3934 3537 me-

2198 3573 2306 3628 rito
2356 3573 2542 3643 major
2584 3576 2669 3628 est
2713 3588 2888 3643 quam
2939 3572 3144 3638 activa,
3195 3571 3340 3628 sacri
3391 3570 3678 3641 Evangelii
3708 3572 3924 3627 verbis

2197 3663 2545 3730 ostenditur,
2598 3664 2656 3718 in
2705 3679 2818 3733 quo
2863 3663 2989 3717 duae
3045 3661 3318 3716 mulieres
3347 3661 3570 3716 diversa
3601 3659 3792 3732 egisse
3827 3678 3926 3718 ﬁ:-

2199 3752 2485 3810 feruntur.
2538 3753 2716 3809 Maria
2765 3753 2980 3824 quippe
3031 3751 3435 3821 Redemptoris
3485 3751 3665 3806 nostri
3726 3752 3926 3808 verba

2197 3845 2464 3910 audiens,
2515 3843 2585 3898 ad
2638 3843 2810 3913 pedes
2861 3841 3018 3896 illius
3066 3841 3355 3896 residebat
3386 3861 3400 3909 ;
3430 3840 3653 3896 Martha
3701 3845 3918 3898 autem

2199 3934 2593 4007 corporalibus
2645 3933 2985 3988 ministeriis
3033 3933 3360 3988 insistebat.
3407 3933 3662 4002 Cumque
3701 3938 3922 3988 contra

2199 4027 2392 4082 Mariae
2437 4025 2620 4080 otium
2669 4023 2895 4079 Martha
2946 4027 3307 4094 quereretur,
3363 4023 3586 4077 audivit
3619 4023 3921 4091 :Marzha,

2198 4118 2439 4181 Martha,
2463 4116 2702 4170 sollicita
2741 4131 2811 4181 es,
2864 4122 2915 4170 et
2962 4113 3205 4169 turbaris
3253 4129 3385 4182 erga
3427 4112 3692 4183 plurima.
3725 4113 3926 4168 Porro

2199 4224 2368 4262 unum
2398 4211 2472 4260 est
2498 4208 2857 4260 necessarium
2931 4207 3109 4260 Maria
3143 4205 3407 4273 optimam
3457 4211 3672 4273 partem
3713 4203 3928 4272 elegit,

2199 4313 2318 4367 quae
2347 4313 2457 4350 non
2479 4298 2767 4363 auferetur
2796 4294 2864 4349 ab
2913 4311 2976 4349 ea
3007 4296 3156 4366 (Luc.
3204 4311 3261 4358 x,
3312 4294 3399 4358 41,
3429 4293 3535 4364 42).
3571 4291 3712 4357 Quid
3744 4292 3926 4347 enim

383 4399 544 4438 crum
587 4385 644 4437 in
697 4384 1049 4439 abundantia
1097 4383 1443 4454 ingreditur,
1492 4383 1630 4455 quia
1669 4384 1831 4455 prius
1891 4382 2088 4438 activa
2122 4398 2167 4463 Ι)
2202 4403 2301 4457 per
2348 4386 2609 4452 Mariam,
2659 4401 2786 4456 qua
2835 4384 3010 4439 verba
3049 4383 3276 4439 Domini
3323 4382 3585 4437 residens
3606 4379 3926 4448 audiebat,

382 4471 511 4526 vita:
545 4488 716 4541 opera
757 4477 1087 4544 congregat,
1128 4478 1182 4528 et
1214 4474 1585 4544 postmodum
1629 4473 1818 4530 carnis
1852 4490 2087 4530 sensum

381 4574 485 4631 per
507 4559 1055 4632 contemplationem
1081 4566 1401 4630 mortuum,
1427 4562 1562 4617 huic
1586 4563 1800 4618 mundo
1824 4561 2089 4617 tunditu

382 4649 653 4706 occultat.
685 4652 849 4706 Unde
884 4655 939 4706 et
970 4655 1100 4722 apte
1126 4652 1394 4709 subditur
1427 4669 1438 4706 :
1474 4653 1623 4709 Sicut
1664 4654 1908 4722 infertur
1935 4668 2090 4708 acer-

381 4757 478 4798 vus
506 4742 677 4796 tritici
703 4743 759 4796 in
791 4745 1030 4812 tempore
1052 4747 1143 4797 tuo
1173 4743 1377 4815 (Ibid).

451 4833 540 4889 60.
602 4834 748 4889 Actio
821 4832 1330 4904 contemplationem
1390 4833 1540 4889 debet
1606 4833 1949 4890 antecedere.
2020 4863 2088 4874 ——

379 4921 640 4978 Actionis
684 4937 938 4992 namque
986 4925 1219 4990 tempus
1251 4921 1482 4991 primun
1514 4927 1614 4984 est,
1648 4919 2089 4992 contemplatio-

382 5013 474 5069 nis
501 5018 846 5069 extremum.
871 5011 1032 5067 Unde
1053 5027 1289 5068 necesse
1320 5016 1406 5066 est
1436 5015 1496 5066 ut
1527 5011 1813 5082 perfectus
1845 5011 2091 5082 quisque

382 5103 546 5173 prius
597 5102 912 5159 virtutibus
955 5105 1207 5158 mentem
1239 5105 1518 5170 exerceat,
1552 5104 1727 5172 atque
1759 5100 1908 5156 hanc
1941 5107 2093 5172 post-

382 5194 620 5251 modum
669 5195 728 5249 in
786 5193 1058 5250 horreum
1095 5193 1306 5264 quietis
1354 5193 1563 5250 condat
1605 5193 1771 5264 (Luc.
1819 5208 1943 5261 vui,
1977 5191 2091 5262 35).

459 5409 646 5481 (a)_Ita
677 5407 982 5476 Bellovac.,
1015 5409 1355 5481 Compend.,
1389 5413 1612 5477 Norm.,
1644 5409 1765 5465 Val.
1797 5408 1859 5464 Cl
1893 5414 1944 5466 et
1975 5412 2087 5464 vet.

385 5478 490 5534 Ed.
525 5479 655 5534 Coc.
689 5483 746 5533 et
772 5482 1140 5548 recentiores,
1159 5478 1245 5536 'ad
1273 5498 1470 5538 arcem.

455 5550 537 5621 (b)
585 5554 860 5624 Norman.
907 5559 959 5604 et
997 5552 1183 5619 Corb.,
1217 5554 1377 5607 redit.
1413 5553 1642 5608 Primus
1664 5553 1978 5624 Compend.
2014 5553 2094 5606 ita

382 5622 573 5682 locum
613 5623 772 5696 hunc
819 5627 1212 5691 repraesentat,
1245 5626 1313 5678 ad
1343 5625 1647 5680 Saluatoris
1675 5622 1838 5696 pedes
1868 5625 2091 5694 discere,

386 5709 509 5751 cum
539 5693 734 5748 salutis
764 5699 988 5748 auctore
1017 5697 1423 5764 reconcupiscit.

2198 4477 2310 4532 nisi
2361 4474 2809 4546 contemplativa
2854 4473 2971 4528 vita
3020 4470 3584 4543 exprimitur?Quid
3625 4485 3724 4539 per
3749 4467 3930 4525 Mar-

2199 4565 2363 4620 tham
2418 4563 2797 4620 exterioribus
2836 4561 3134 4634 obsequiis
3174 4568 3534 4631 occupatam,
3579 4557 3691 4614 nisi
3721 4561 3926 4615 activa

2199 4655 2316 4709 vita
2346 4652 2658 4726 signatur?
2680 4653 2790 4709 Sed
2816 4651 3050 4708 Marthae
3091 4667 3232 4707 cura
3280 4666 3393 4705 non
3445 4647 3922 4720 reprehenditur,

2200 4746 2389 4802 Marias
2437 4761 2568 4801 vero
2603 4744 2778 4800 etiam
2812 4744 3099 4803 laudatur,
3150 4741 3286 4813 quia
3310 4755 3523 4811 magna
3545 4743 3680 4794 sunt
3702 4737 3919 4792 activae

2201 4835 2330 4891 vita:
2383 4836 2604 4895 merita,
2655 4834 2754 4889 sed
2807 4832 3258 4903 contemplativa:
3300 4831 3541 4902 potiora.
3603 4828 3760 4884 Unde
3806 4843 3928 4885 nec

2202 4925 2416 4982 auferri
2458 4939 2712 4996 unquam
2747 4922 2932 4978 Mariae
2963 4939 3094 4992 pars
3127 4921 3354 4990 dicitur,
3387 4920 3526 4991 quia
3557 4919 3744 4974 activa:
3775 4917 3923 4972 vitae

2202 5033 2376 5087 opera
2415 5032 2547 5071 cum
2594 5029 2832 5086 corpore
2866 5016 3195 5081 transeunt,
3218 5007 3679 5080 contemplativa
3710 5010 3920 5063 autem

2203 5107 2414 5179 gaudia
2438 5105 2645 5162 melius
2677 5121 2743 5160 ex
2792 5103 2906 5159 fine
2954 5101 3383 5158 convalescunt.
3437 5097 3599 5162 Quod
3655 5097 3798 5151 bene
3844 5114 3918 5153 ac

2201 5196 2451 5252 breviter
2494 5193 2752 5252 Ezechiel
2822 5192 3100 5266 propheta
3147 5190 3438 5263 exprimit,
3483 5203 3618 5245 cum
3655 5187 3922 5244 volantia

2271 5409 2340 5478 (ε)
2363 5408 2474 5463 Seu
2519 5407 2709 5478 potius
2739 5407 3012 5461 videntem
3028 5406 3388 5478 princip-ium.
3414 5403 3474 5478 ld
3507 5409 3676 5478 s_onat
3709 5403 3918 5478 Rachel

2199 5481 2249 5536 si
2272 5461 2657 5536 deriveturriex
2689 5461 2808 5538 t‘tm
2846 5496 2948 5532 raa
2978 5461 3044 5532 et‘
3072 5461 3228 5539 ζ’Ἴθνῖ
3259 5477 3465 5530 chalal.
3517 5475 3773 5532 Consule
3811 5475 3918 5530 lib.

2202 5553 2535 5623 Hieronymi
2581 5552 2649 5605 de
2696 5550 3045 5623 Nominibus
3087 5547 3423 5623 rilebraicis,
3468 5552 3525 5602 et
3569 5557 3735 5606 notas
3765 5563 3922 5605 nova

2199 5622 2488 5681 Editionis
2520 5622 2872 5679 Benedictin.
2906 5626 3044 5678 tom.
3083 5622 3150 5678 ll.
