4134 6174
230 247 343 308 765

1129 244 1542 308 MORALIUM
1591 243 1740 305 LIB.
1789 241 1918 304 VII.
1971 275 2043 286 --
2091 241 2169 301 IN
2217 241 2386 301 CAP.
2435 238 2513 299 VI
2559 238 2628 299 B.
2676 239 2842 302 JOB.

3634 238 3754 297 766

221 381 525 438 antimalia
547 386 968 457 contemplatus
1003 387 1122 442 ait:
1150 386 1210 438 Et
1248 379 1563 436 similitudo
1606 396 1802 434 manus
1832 377 1924 433 ho-
1957 378 2003 444 Α
2043 376 2276 446 quidem
2310 379 2565 445 tempore
2588 375 2990 446 percussiones
3017 376 3297 443 sentiunt,
3331 376 3430 430 sed
3465 375 3532 446 (c)
3565 374 3622 428 in
3643 390 3748 429 suo

219 476 385 528 minis
403 473 594 529 subtus
615 474 690 546 (a)
721 493 930 547 pennas
964 495 1154 536 eorum
1177 482 1293 531 erat
1323 473 1536 544 (Ezech.
1561 489 1615 538 x,
1640 472 1752 542 21).
1778 467 1922 534 Quid

218 564 370 620 enim
415 581 516 635 per
559 582 776 635 pennas
826 569 1190 634 animalium,
1243 564 1356 619 nisi
1405 560 1925 632 contemplationes

217 669 536 723 possumus
551 655 764 711 sentire
782 663 1140 725 sanctorum,
1165 658 1382 728 quibus
1403 654 1470 709 ad
1492 668 1715 708 summa
1733 655 1923 705 trans-

216 741 431 810 volant,
463 751 517 797 et
557 747 786 801 terrena
826 749 1183 812 deserentes,
1225 763 1353 802 sese
1387 745 1443 799 in
1486 741 1822 799 cmlestibus
1851 738 1924 793 1i-

215 830 385 885 brant
406 831 594 898 ?Quid
622 851 724 906 per
765 853 998 904 manus,
1031 837 1137 892 nisi
1170 835 1534 908 operationes
1566 829 1928 902 accipimus?

218 922 363 986 Quia
401 938 536 978 cum
574 925 629 979 in
672 928 926 996 proximi
969 944 1168 983 amore
1207 943 1265 982 se
1315 925 1580 990 dilatant,
1615 923 1769 977 bona
1801 936 1924 992 quae

217 1011 527 1080 praevalent
573 1014 746 1070 etiam
777 1015 1153 1088 corporaliter
1183 1014 1614 1071 administrant.
1655 1010 1766 1066 Sed
1801 1026 1924 1064 ma-

219 1115 331 1156 nus
361 1116 565 1157 eorum
597 1105 704 1160 sub
740 1106 943 1175 pennis
974 1110 1130 1172 sunt,
1163 1107 1300 1176 quia
1331 1104 1574 1160 actionis
1605 1117 1719 1158 suae
1751 1116 1927 1170 opera

218 1190 436 1245 virtute
467 1196 979 1265 contemplationis
1010 1196 1276 1252 vincunt.

287 1279 418 1352 [l’et.
482 1284 675 1354 XXIX]
714 1286 803 1339 62.
854 1286 1103 1358 Sepulcri
1167 1289 1387 1342 nomine
1450 1286 1660 1356 requies
1716 1288 1925 1338 aeterna

213 1376 390 1440 potest
408 1372 735 1442 intelligi.—
749 1376 939 1431 Potest
953 1376 1124 1430 etiam
1143 1393 1243 1447 per
1255 1374 1587 1447 sepulcrum
1604 1389 1718 1428 non
1732 1371 1924 1426 solum

217 1457 278 1512 in
304 1458 410 1514 hac
443 1461 556 1515 vita
598 1466 795 1518 nostra
825 1465 1258 1537 contemplatio,
1292 1465 1391 1521 sed
1434 1462 1657 1532 requies
1700 1467 1924 1516 aeternae

217 1552 272 1603 et
304 1547 520 1603 intimae
554 1552 953 1609 retributionis
990 1555 1236 1626 intelligi
1265 1573 1278 1622 ;
1305 1555 1362 1608 in
1395 1569 1511 1624 qua
1541 1556 1702 1607 tanto
1733 1551 1924 1606 verius

219 1636 561 1708 quiescitur,
595 1649 811 1711 quanto
851 1644 909 1697 in
953 1644 1122 1700 nobis
1158 1643 1550 1714 corruptionis
1584 1643 1696 1697 vita
1741 1641 1925 1711 perfe-

217 1727 374 1822 ctius
409 1730 782 1822 _necatur._ln
816 1733 1177 1790 abundantia
1219 1750 1354 1805 ergo
1386 1732 1717 1803 sepulcrum
1768 1732 1914 1786 2|]
1960 1759 2005 1822 Β

216 1816 568 1887 ingreditur,
611 1819 712 1890 qui
753 1827 886 1892 post
920 1829 1195 1896 congesta
1235 1823 1363 1879 vitre
1396 1823 1695 1895 praesentis
1735 1837 1926 1892 opera,

222 1906 606 1963 mutabilitati
640 1926 758 1964 suae
803 1910 970 1981 plene
999 1917 1286 1980 mortuus,
1330 1913 1388 1967 in
1421 1917 1641 1968 secreto
1683 1912 1799 1967 veri
1837 1911 1929 1965 lu-

220 1996 399 2052 minis
437 1998 779 2057 occultatur.
827 2001 989 2059 Unde
1019 2007 1075 2058 et
1123 2021 1227 2074 per
1265 2003 1633 2059 Psalmistam
1683 2001 1927 2056 dicitur:

221 2086 528 2144 Abscondes
577 2105 668 2146 eos
724 2089 784 2146 in
836 2093 1023 2149 abdito
1074 2095 1255 2149 vultus
1311 2095 1410 2161 tui,
1443 2110 1475 2148 a
1521 2092 1932 2150 conturbatione

217 2176 503 2234 hominum
544 2181 714 2250 (Psal.
758 2199 891 2251 xxx,
935 2184 1044 2254 21).
1080 2185 1235 2250 Quod
1285 2185 1429 2241 bene
1478 2184 1653 2239 etiam
1699 2200 1933 2252 compa-

215 2267 365 2323 ratio
413 2270 683 2340 adjuncta
721 2277 1107 2342 commendat,
1150 2292 1282 2331 cum
1327 2275 1797 2331 subditur:Sicut
1842 2277 1928 2328 in-

209 2357 399 2427 fertur
462 2375 687 2417 acervus
749 2363 931 2418 tritici
972 2367 1031 2419 in
1084 2372 1323 2437 tempore
1367 2381 1482 2422 suo.
1547 2365 1926 2420 Frumentum

212 2447 432 2520 quippe
462 2450 521 2505 in
554 2458 746 2523 segete
774 2454 892 2510 sole
925 2456 1204 2528 tangitur,
1241 2458 1377 2529 quia
1407 2458 1463 2511 in
1500 2456 1603 2511 hac
1635 2456 1772 2521 vita,
1817 2454 1929 2509 hu-

213 2553 395 2593 mana
441 2540 639 2597 anima
678 2550 943 2615 respectu
992 2548 1227 2617 superni
1271 2546 1514 2602 luminis
1558 2545 1926 2612 illustratur;

218 2628 456 2700 pluvias
495 2633 723 2704 accipit,
779 2639 916 2704 quia
971 2639 1231 2693 veritatis
1271 2637 1499 2707 eloquio
1560 2637 1928 2708 pinguescit;

219 2723 421 2776 ventis
468 2724 813 2796 concutitur,
845 2728 985 2797 quia
1033 2728 1459 2784 tentationibus
1508 2731 1930 2790 exercetur;et

219 2825 434 2867 secum
493 2818 814 2872 crescentes
873 2817 1062 2888 paleas
1134 2823 1344 2889 portat,
1396 2818 1533 2889 quia
1591 2817 1929 2888 nequiorem

211 2906 423 2957 contra
453 2919 511 2957 se
542 2906 804 2975 quotidie
835 2908 1008 2962 vitam
1064 2910 1432 2980 peccantium
1484 2909 1689 2964 tolerat
1715 2923 1728 2973 ;
1756 2911 1928 2977 atque

213 2991 284 3045 ad
315 3007 512 3046 aream
541 2993 857 3050 deductum
905 2996 1291 3053 triturationis
1335 3000 1587 3069 pondere
1622 2997 1924 3068 premitur,

201 3089 320 3135 uta.
341 3080 640 3150 palearum
665 3086 1021 3142 connexione
1044 3087 1298 3142 solvatur
1324 3089 1492 3159 ;quia
1523 3103 1687 3143 mens
1720 3091 1920 3142 nostra
1953 3122 2000 3186 C

205 3169 432 3225 caelesti
479 3172 801 3244 disciplinas
844 3177 1168 3248 supposita,
1223 3179 1358 3233 dum
1399 3179 1768 3234 correctionis
1813 3178 1921 3232 ﬂa-

205 3259 358 3331 gella
383 3261 650 3333 percipit,
683 3280 714 3318 a
744 3266 1014 3322 societate
1054 3268 1374 3323 carnalium
1412 3269 1486 3340 (b)
1524 3269 1799 3324 mundior
1832 3283 1922 3323 re-

204 3350 402 3418 cedit;
429 3355 484 3406 et
506 3351 720 3407 relictis
745 3354 1004 3424 paleisad
1044 3357 1311 3413 horreum
1335 3359 1589 3426 ducitur,
1623 3359 1756 3429 quia
1781 3358 1919 3415 foris

204 3441 654 3496 remanentibus
712 3445 995 3515 reprobis,
1058 3447 1240 3502 electa
1288 3447 1483 3502 anima
1533 3449 1604 3502 ad
1656 3465 1918 3520 supernae

200 3529 540 3586 mansionis
569 3537 784 3589 aeterna
814 3536 1025 3604 gaudia
1056 3537 1409 3593 sublevatur.
1445 3538 1594 3593 Bene
1617 3553 1751 3610 ergo
1772 3540 1918 3595 dici-

202 3623 301 3674 tur
330 3637 344 3674 :
369 3621 704 3690 Ingredieris
720 3622 779 3677 in
802 3625 1143 3681 abundantia
1163 3626 1500 3698 sepulcrum,
1525 3629 1664 3683 sicut
1680 3631 1922 3697 infertur

196 3727 433 3766 acervus
452 3711 624 3767 tritici
645 3716 701 3766 in
734 3719 970 3785 tempore
996 3733 1094 3772 suo
1119 3735 1136 3778 ;
1159 3719 1293 3787 quia
1323 3718 1463 3774 dum
1499 3726 1627 3789 post
1657 3719 1918 3776 afﬂictio-

201 3802 501 3870 nemjusti
519 3805 759 3875 praemia
774 3807 975 3877 patriae
989 3809 1238 3864 coelestis
1266 3809 1590 3876 inveniunt,
1610 3811 1776 3882 quasi
1794 3816 1925 3881 post

195 3911 522 3965 pressurae
544 3896 611 3951 ad
649 3896 919 3954 horreum
950 3915 1130 3970 grana
1155 3901 1534 3970 deferuntur;
1570 3910 1621 3957 et
1653 3902 1711 3956 in
1737 3901 1924 3958 alieno

269 4067 359 4149 (τι)
388 4067 448 4149 l‘n
498 4067 747 4149 Gem_et.,
805 4073 1048 4149 pinnas;
1073 4073 1328 4149 etinfra,
1361 4075 1470 4149 sed__
1506 4091 1702 4130 manus
1736 4090 1926 4149 eorum

197 4140 304 4213 sub
353 4141 574 4210 pinnas.
628 4142 691 4196 In
723 4143 1076 4213 quibusdam
1112 4147 1248 4201 Mss.
1294 4140 1499 4203 homil.
1552 4150 1609 4203 in
1655 4147 1929 4203 Ezechie-

200 4211 669 4336 Leer’rllnobservari
718 4211 867 4286 saepe
913 4215 1024 4288 legi
1059 4220 1273 4285 pinnae,
1307 4221 1520 4290 pinnis,
1568 4237 1668 4292 pro
1704 4236 1927 4291 penna,

368 4299 430 4336 is.

241 4299 430 4337 ennw.

201 4299 236 4354 Ρ
277 4354 363 4424 (b)
391 4354 631 4423 Turon.,
668 4358 808 4414 velut
833 4363 1174 4430 frumentum
1205 4363 1484 4419 mundior.

2037 485 2069 521 a
2120 465 2494 536 percussione
2542 466 2935 536 requiescunt.
2987 466 3199 520 Electis
3249 464 3462 534 quippe
3511 468 3744 534 tempus

2034 554 2290 610 alienum
2325 559 2411 610 est
2434 555 2551 609 vita
2585 572 2855 624 praesens,
2892 557 3043 610 unde
3075 560 3130 609 et
3160 552 3518 626 quibusdam
3553 551 3743 606 adhuc

2037 644 2376 700 inﬁdelibus
2426 644 2648 700 Veritas
2679 644 2817 698 dicit
2845 661 2856 698 :
2884 646 3104 714 Tempus
3152 660 3336 698 meum
3378 643 3620 698 nondum
3662 655 3750 695 ve-

2035 739 2139 803 nit,
2172 740 2388 803 tempus
2416 743 2600 790 autem
2638 740 2877 790 vestrum
2912 751 3125 806 semper
3167 742 3248 788 est
3287 737 3542 804 paratum
3570 733 3747 802 (toan.

2038 844 2138 894 vn,
2171 826 2247 896 6).
2301 827 2369 879 Et
2420 841 2651 880 rursum
2680 843 2691 880 :
2717 827 2842 881 [1.230
2871 831 2951 880 est
2989 826 3121 880 hora
3175 837 3372 890 vestra,
3425 827 3474 878 et
3514 827 3750 892 potestas

2033 917 2387 974 tenebrarum
2420 916 2568 985 (Luc.
2602 932 2741 980 xxn,
2783 916 2892 985 53).
2929 913 3270 985 Sepulcrum
3317 929 3450 984 ergo
3501 912 3560 966 in
3602 916 3748 966 tem-

2037 1025 2172 1079 pore
2203 1025 2308 1064 suo
2340 1008 2489 1063 sicut
2519 1007 2794 1062 frumenti
2828 1021 3068 1061 acervus
3107 1003 3446 1075 ingreditur,
3483 1003 3621 1072 quia
3649 1000 3747 1054 ille

2035 1102 2311 1153 aeternam
2363 1097 2623 1168 requiem
2672 1097 2824 1152 2l2
2877 1095 3140 1167 percipit,
3183 1093 3280 1164 qui
3331 1091 3494 1163 prius
3543 1089 3655 1158 hic,
3683 1092 3746 1143 ut

2034 1187 2106 1242 ab
2149 1187 2459 1242 exurendis
2514 1186 2692 1258 paleis
2741 1187 2887 1240 liber
2935 1185 3030 1249 sit,
3084 1183 3403 1253 disciplinae
3442 1195 3744 1251 pressurae

2036 1278 2237 1334 sentit.
2283 1277 2516 1349 Eliphaz
2548 1294 2703 1343 vero,
2753 1277 2891 1346 quia
2921 1280 2976 1330 et
3010 1276 3066 1329 in
3103 1271 3414 1328 locutionis
3445 1287 3563 1325 sua:
3596 1268 3744 1323 serie

2036 1369 2491 1435 tabernaculum,
2544 1368 2789 1438 lapides,
2841 1367 3083 1431 bestias,
3132 1379 3352 1427 semen,
3394 1361 3626 1426 herbas,
3659 1375 3748 1414 se-

2036 1459 2424 1530 pulcrumque
2455 1459 2798 1526 nominavit,
2831 1457 2983 1528 quod
3012 1471 3126 1510 non
3152 1453 3459 1522 haacjuxta
3489 1450 3742 1503 litteram

2037 1549 2267 1618 dixerit,
2304 1550 2428 1619 ipse
2459 1549 2672 1616 innuit,
2699 1548 2794 1616 qui
2829 1552 2957 1616 post
2991 1549 3203 1601 cuncta
3235 1543 3389 1597 illico
3413 1536 3742 1608 subjungit.

2597 1636 2830 1692 CAPUT
2869 1634 3167 1690 XXXVIII.

2108 1731 2277 1784 Vens.
2310 1730 2396 1783 27.
2433 1761 2501 1768 —
2534 1731 2663 1783 Ecce
2692 1728 2808 1794 hoc,
2841 1733 2899 1780 ut
2920 1723 3390 1793 investigavimus,
3416 1722 3497 1774 ita
3529 1723 3630 1772 est.

2108 1819 2197 1873 63.
2237 1820 2419 1874 Verba
2449 1817 2687 1888 Eliphaz
2723 1813 3065 1885 spiritaliter
3101 1807 3466 1879 intelligenda
3502 1811 3652 1861 sunt.
3676 1837 3744 1846 -—

2041 1910 2246 1980 Liquet
2284 1910 2540 1980 profecto
2571 1908 2722 1977 quod
2761 1907 2818 1960 in
2855 1905 2945 1960 his
2977 1903 3166 1959 verbis
3207 1899 3353 1956 nihil
3385 1898 3454 1953 ab
3487 1913 3552 1951 eo
3578 1897 3750 1967 juxta

2041 2000 2404 2071 superficiem
2457 2000 2693 2066 dicitur,
2729 1999 2867 2069 quia
2908 1996 3182 2051 nimirum
3226 1995 3358 2048 ante
3390 1990 3596 2045 faciem
3632 2005 3750 2045 non

2033 2094 2190 2164 jacet
2240 2093 2393 2162 quod
2431 2091 2834 2161 investigatur.
2887 2088 2991 2154 Qui
3032 2102 3166 2157 ergo
3217 2085 3338 2139 haec
3371 2081 3751 2150 investigasse

2041 2200 2102 2238 se
2125 2183 2363 2248 indicat,
2391 2181 2529 2252 quia
2562 2181 2620 2235 in
2654 2180 2842 2235 verbis
2875 2176 3261 2235 exterioribus
3293 2174 3573 2228 interiora
3605 2186 3755 2240 quie-

2042 2273 2206 2330 sierit
2230 2275 2612 2328 demonstrat.
2643 2273 2747 2325 Sed
2802 2273 2932 2340 post
2971 2269 3178 2322 cuncta
3213 2265 3285 2319 ad
3319 2261 3627 2318 stultitiam
3656 2262 3750 2329 ja-

2040 2363 2276 2418 ctantiae
2308 2362 2591 2434 pervenit,
2625 2361 2761 2433 quia
2793 2359 3062 2430 protinus
3086 2355 3318 2411 subdit:

2634 2450 2864 2507 CAPUT
2904 2446 3148 2503 XXXIX.

2114 2548 2254 2601 lem.
2279 2575 2346 2583 -—
2376 2543 2534 2608 Quod
2551 2541 2826 2605 auditum,
2869 2546 3047 2594 mente
3074 2541 3378 2608 pertracto.

2111 2640 2198 2693 64.
2231 2636 2420 2691 Gravis
2462 2634 2578 2705 ejus
2621 2633 2903 2703 imperitia
2933 2632 3006 2686 est
3037 2629 3170 2684 velle
3216 2627 3406 2682 docere
3446 2621 3747 2676 meliorem.

2039 2761 2106 2770 —-
2142 2726 2510 2793 Quantalibet
2557 2724 2816 2779 doctrina
2861 2737 3028 2776 mens
3087 2717 3322 2791 polleat,
3362 2713 3551 2784 gravis
3618 2711 3748 2780 ejus

2040 2819 2330 2890 imperitia
2367 2821 2455 2873 est
2484 2815 2630 2871 velle
2661 2815 2866 2868 docere
2890 2810 3209 2866 meliorem.
3245 2805 3407 2861 Unde
3438 2806 3495 2858 et
3524 2817 3591 2856 ea
3618 2815 3744 2872 quae

2038 2912 2109 2966 ab
2154 2910 2351 2966 amicis
2383 2914 2535 2964 recte
2586 2904 2809 2977 prolata
2859 2911 3013 2970 sunt,
3056 2902 3125 2955 ab
3158 2901 3382 2953 interno
3415 2895 3493 2961 (ά)
3527 2892 3745 2947 arbitro

2037 3020 2152 3059 non
2185 3005 2341 3057 recta
2362 2999 2724 3070 judicantur.
2752 2996 2817 3050 In
2840 3010 2906 3050 eo
2944 3006 3200 3061 namque
3223 2991 3340 3043 vim
3363 3001 3479 3040 suae
3503 2981 3742 3037 rectitu-

2036 3092 2187 3148 dinis
2218 3069 2522 3158 amittunt,
2555 3087 2711 3160 quod
2763 3084 3014 3141 auditori
3049 3097 3164 3136 non
3205 3077 3575 3148 congruunt;
3601 3069 3741 3142 quia

2030 3189 2087 3239 ct
2137 3182 2520 3239 medicamina
2565 3179 2716 3233 vires
2767 3176 3040 3248 perdunt,
3082 3186 3216 3227 cum
3268 3166 3426 3224 sanis
3460 3161 3741 3220 membris

2031 3280 2423 3348 apponuntur.
2452 3276 2513 3328 In
2557 3271 2715 3326 omni
2747 3284 2882 3338 ergo
2926 3263 3083 3336 quod
3115 3261 3626 3348 dicitur,necesse
3655 3255 3744 3307 est

2028 3345 2090 3421 ut
2111 3345 2314 3432 causa,
2349 3369 2582 3434 tempus
2612 3365 2670 3417 et
2701 3373 2949 3431 persona
2982 3356 3296 3425 pensatur;
3325 3347 3375 3403 si
3403 3345 3576 3401 verba
3607 3358 3742 3398 sen—

2030 3456 2225 3513 tentiae
2269 3455 2482 3510 veritas
2532 3453 2786 3517 roborat,
2831 3449 2879 3504 si
2926 3447 3076 3501 hanc
3125 3448 3358 3512 tempus
3419 3448 3743 3506 congruum

2030 3545 2307 3618 postulat,
2348 3543 2396 3598 si
2429 3547 2486 3597 et
2509 3542 2812 3596 veritatem
2847 3535 3168 3602 sententiae,
3221 3534 3276 3586 et
3306 3524 3748 3618 congruentiam

2031 3614 2306 3707 temporis
2339 3649 2598 3705 personae
2640 3629 2897 3701 qualitas
2930 3643 3044 3681 non
3078 3625 3411 3693 impugnat.
3459 3618 3558 3672 Ille
3590 3614 3745 3670 enim

2029 3724 2403 3782 laudabiliter
2447 3720 2670 3792 spicula
2712 3717 2945 3785 emittit,
2979 3714 3079 3786 qui
3111 3713 3271 3783 prius
3303 3711 3530 3765 hostem
3575 3719 3747 3775 quem

2031 3816 2195 3871 feriat
2240 3811 2546 3883 conspicit.
2602 3809 2746 3866 Male
2779 3821 3030 3874 namque
3070 3818 3242 3858 arcus
3297 3799 3473 3855 validi
3529 3811 3748 3852 cornua

2032 3904 2273 3976 subigit,
2308 3903 2408 3975 qui
2439 3899 2713 3972 sagittam
2748 3896 2979 3953 fortiter
3010 3893 3269 3963 dirigens
3303 3891 3485 3944 civem
3519 3887 3670 3942 ferit.

2113 4076 2180 4147 (c)
2210 4073 2481 4134 Vindoc.,
2512 4066 2857 4140 Compend.,
2886 4063 3082 4129 Corb.,
3123 4064 3260 4124 etc.,
3293 4059 3350 4113 in
3396 4072 3499 4110 sua
3528 4068 3748 4125 parcus-

2033 4150 2186 4204 sione
2218 4147 2586 4216 requiescunt.

2218 4196 2390 4273 iis;
2409 4196 2686 4289 vvetust.,_
2713 4221 3261 4289 magnoconsensu,
3311 4196 3746 4289 arbitrehqunoqd

2037 4269 2249 4362 eaipilus
2295 4269 3062 4362 occurrit,ii_nvfra_u‘iaxime,
3086 4279 3122 4333 Ι.
3159 4269 3279 4342 vui,
3327 4289 3454 4344 cap.
3489 4270 3627 4326 olim
3656 4269 3746 4336 27,

2036 4357 2134 4428 29,-
2158 4364 2248 4431 30,
2283 4377 2438 4417 nunc
2470 4361 2557 4427 45,
2595 4359 2684 4426 47,
2711 4357 2800 4411 48.

221 4539 3747 4572 _____________________________________________________.

1495 4703 1816 4788 LIBER
1879 4699 2462 4791 SEPTIMUS.

757 4892 957 4954 Totum
990 4907 1168 4977 caput
1188 4908 1435 4971 sextum,
1475 4898 1666 4960 tribus
1690 4900 2000 4980 postremis
2032 4901 2292 4962 versibus
2321 4899 2598 4980 exceptis,
2625 4896 2850 4979 partim
2881 4897 3223 4976 allegorice,

1519 5001 1748 5078 partim
1778 4999 2096 5060 moraliter
2123 5000 2408 5081 explicat.

790 5291 1028 5348 CAPUT
1068 5292 1381 5349 PRIMUM.

1967 5299 2012 5362 Ι)
2046 5311 2193 5365 sape
2227 5303 2426 5352 contra
2474 5309 2580 5349 nos
2612 5289 2960 5362 quibuslibet
2992 5286 3178 5360 poenis
3220 5285 3428 5341 durius
3457 5284 3750 5340 tormenta

291 5374 442 5430 211
487 5378 535 5431 1.
564 5379 665 5433 Job
722 5381 957 5451 ﬂagellis
988 5393 1042 5437 et
1082 5383 1349 5438 conviciis
1387 5382 1668 5455 probatus.
1716 5383 1774 5439 Si
1819 5401 1929 5454 qua
2039 5385 2347 5438 verborum
2381 5381 2662 5446 saeviunt;
2687 5394 2936 5448 cumque
2967 5393 3072 5432 nos
3103 5377 3172 5430 ad
3204 5372 3601 5430 defensionem
3634 5370 3748 5426 eri-

213 5461 477 5534 loquitur
532 5483 651 5538 qua:
683 5470 1092 5541 impatientiam
1123 5481 1344 5543 sonant,
1391 5473 1508 5530 hac
1547 5489 1655 5528 non
1688 5474 1928 5530 humano

203 5555 500 5624 pensanda
521 5557 761 5627 judicio,
794 5561 885 5615 sed
914 5562 1124 5620 divino.
1160 5595 1223 5604 —
1274 5564 1669 5630 Quorumdam
1705 5569 1930 5620 mentes

2041 5477 2206 5545 gunt,
2238 5475 2295 5528 in
2347 5471 2770 5544 impatientiam
2806 5473 3095 5525 sternunt.
3131 5466 3295 5523 Unde
3336 5465 3501 5520 beato
3538 5462 3647 5518 Job
3679 5477 3751 5517 ne

2042 5565 2241 5618 deesse
2303 5563 2544 5617 tentatio
2577 5561 2697 5616 ulla
2743 5561 3046 5631 potuisset,
3081 5574 3191 5613 non
3240 5557 3432 5614 solum
3476 5555 3628 5610 hunc
3658 5556 3758 5607 ﬂa-

211 5641 363 5712 plue
403 5643 650 5717 ﬂagella,
701 5665 876 5720 quam
909 5653 1172 5710 convicia
1211 5654 1473 5710 cruciant
1502 5674 1516 5722 ;
1541 5656 1930 5724 quorumdam
2043 5650 2191 5724 gella
2229 5652 2478 5722 desuper
2532 5651 2747 5706 feriunt
2778 5650 2877 5706 sed
2911 5648 3172 5721 graviora
3207 5645 3393 5719 plagis
3430 5643 3752 5701 amicorum

213 5746 368 5790 vero
416 5734 549 5806 plus
592 5739 852 5797 convicia
918 5759 1093 5813 quam
1151 5744 1380 5815 ﬂagella
1427 5746 1738 5816 castigant.
1790 5748 1934 5799 Nam

2045 5743 2338 5816 colloquia
2386 5745 2690 5816 afﬂigunt;
2717 5747 2781 5800 ut
2819 5743 3007 5799 sancti
3043 5741 3153 5798 viri
3194 5741 3394 5798 anima
3439 5737 3578 5795 hinc
3619 5733 3756 5790 inde
