4134 6174
426 229 542 284 767

424 360 671 430 pulsata,
705 359 775 414 ad
810 362 1032 414 motum
1064 356 1380 413 iracundia
1413 361 1471 413 et
1492 357 1757 414 elationis
1794 361 2124 428 erumperet
2153 358 2205 425 Α

423 454 477 505 et
509 451 582 520 (a)
635 449 914 520 quidquid
950 450 1237 504 mundum
1286 448 1522 514 vixerat,
1559 464 1659 518 per
1695 447 2129 503 contumaciam

419 539 685 610 superba
714 538 1022 593 locutionis
1053 538 1404 609 inquinaret.
1440 537 1545 592 Sed
1578 541 1769 592 tactus
1791 537 1976 608 plagis
1999 553 2134 608 gra—

420 630 530 686 tias
563 630 794 697 retulit,
822 629 1128 684 lacessitus
1162 627 1348 683 verbis
1386 632 1538 684 recta
1567 629 1970 700 respondit;et
2005 646 2131 700 per-

420 719 978 785 cussusinnotescit,
1013 734 1188 788 quam
1224 734 1325 788 pro
1365 718 1606 774 minimo
1639 719 1883 774 salutem
1915 720 2129 785 carnis,

422 809 708 866 habuerit.
745 810 1006 877 Loquens
1044 823 1276 878 quoque
1302 808 1542 876 indicat,
1577 824 1750 879 quam
1775 809 2012 880 sapiens
2046 815 2133 864 ta-

419 899 603 955 cebat.
649 898 757 953 Sed
792 898 1059 967 quadam
1104 898 1233 967 ejus
1289 897 1480 952 verbis
1512 897 1766 952 admista
1816 907 1971 965 sunt,
2006 915 2129 970 qua

419 989 569 1057 apud
608 988 864 1042 humana
889 987 1117 1056 judicia
1148 986 1438 1057 patientia
1483 987 1729 1043 limitem
1766 988 2016 1044 transire
2044 989 2127 1043 vi-

415 1077 662 1131 deantur
687 1094 698 1129 :
724 1093 853 1147 qua
911 1092 1017 1132 nos
1048 1091 1176 1132 vere
1221 1075 1618 1148 intelligimus,
1653 1077 1701 1132 si
1732 1079 1962 1148 superni
1996 1094 2131 1133 sen-

416 1166 656 1222 tentiam
689 1166 907 1237 judicia
959 1168 1017 1221 in
1077 1182 1277 1222 eorum
1328 1167 1744 1223 examinatione
1799 1184 2126 1238 pensamus.

414 1254 546 1326 Ipse
567 1255 781 1327 quippe
812 1256 1046 1311 beatum
1077 1256 1185 1311 Job
1217 1261 1272 1311 et
1313 1257 1472 1327 prius
1501 1265 1700 1312 contra
1731 1258 2126 1313 adversarium

413 1344 688 1415 pratulit,
738 1345 977 1400 dicens:
1006 1345 1204 1400 Vidisti
1238 1363 1459 1400 servum
1493 1363 1677 1401 meum
1713 1347 1829 1413 Job,
1852 1347 1991 1417 quod
2018 1362 2127 1402 non

411 1436 464 1488 ei
487 1434 689 1489 similis
718 1445 798 1490 est
821 1451 984 1506 super
1005 1439 1207 1490 terram
1228 1453 1247 1500 ;
1270 1439 1359 1491 vir
1401 1437 1638 1506 simplex
1660 1436 1733 1506 (b)
1756 1440 1810 1492 et
1842 1441 2042 1505 rectus,
2066 1454 2130 1492 ac

413 1525 608 1579 timens
641 1525 827 1592 Deum,
863 1532 918 1578 et
967 1526 1226 1581 recedens
1254 1543 1286 1580 a
1313 1527 1457 1580 malo
1485 1527 1622 1594 (Job.
1658 1543 1696 1592 ι,
1729 1527 1824 1596 8)?
1846 1526 1969 1598 Ipse
2000 1530 2131 1598 post

415 1613 815 1685 probationem
879 1616 1098 1670 amicos
1163 1617 1291 1686 ejus
1343 1616 1657 1687 redarguit,
1710 1617 2126 1673 dicensz2l2

413 1703 530 1757 Non
575 1705 702 1758 estis
743 1705 911 1758 locuti
943 1720 1124 1759 coram
1155 1720 1239 1759 me
1279 1711 1509 1770 rectum,
1559 1707 1700 1760 sicut
1747 1721 1937 1760 servus
1974 1722 2127 1760 meus

411 1793 507 1847 Job
539 1792 684 1860 (Job.
717 1811 852 1863 XLII,
883 1795 962 1865 7).
998 1795 1195 1850 Restat
1227 1811 1363 1866 ergo
1406 1800 1470 1850 ut
1511 1811 1644 1851 cum
1690 1811 1855 1851 mens
1887 1796 1946 1851 in
1981 1797 2131 1852 beati

412 1883 520 1938 Job
554 1885 917 1939 sermonibus
965 1885 1227 1952 ﬂuctuat,
1279 1902 1478 1941 eorum
1513 1887 1739 1957 pondus
1770 1902 1834 1941 ex
1865 1887 2125 1956 ejusdem

413 1971 675 2027 historia
718 1973 884 2029 initio
938 1991 1003 2030 ac
1037 1975 1151 2029 ﬁne
1202 1977 1537 2046 perpendat.
1590 1977 1674 2031 Ab
1707 1981 1924 2031 aeterno
1965 1976 2125 2033 enim

405 2063 605 2132 judice
663 2079 766 2119 nec
816 2080 1059 2120 casurus
1109 2064 1336 2119 laudari
1372 2065 1575 2134 potuit,
1611 2081 1716 2121 nec
1745 2065 1945 2136 lapsus
1981 2083 2127 2138 pra-

412 2153 570 2207 ferri.
618 2153 676 2208 Si
735 2154 914 2224 igitur
960 2154 1021 2209 in
1071 2155 1472 2225 ambiguitatis
1527 2161 1865 2227 tempestate
1919 2143 2127 2228 dep-re-

413 2240 597 2308 bensi,
616 2242 799 2313 prima
823 2243 998 2312 hujus
1023 2244 1274 2300 historia
1297 2248 1354 2300 et
1390 2249 1682 2315 postrema
1704 2245 2126 2316 conspicimus,

411 2332 573 2386 navis
589 2333 778 2388 cordis
794 2335 1274 2390 considerationis
1297 2353 1414 2391 sua
1441 2336 1696 2404 funibus,
1728 2337 1894 2407 quasi
1913 2355 1943 2391 a
1960 2354 2125 2408 prora

410 2427 466 2476 et
499 2423 698 2494 puppi,
733 2425 1122 2496 restringitur,
1157 2442 1227 2481 ne
1258 2425 1315 2481 in
1342 2427 1554 2482 erroris
1581 2444 1718 2482 saxa
1748 2429 2119 2498 perducatur.

408 2511 590 2567 Nullis
612 2529 747 2584 ergo
781 2515 1120 2586 ignorantia
1165 2519 1372 2572 nostra
1408 2517 1676 2587 procellis
1720 2517 2034 2583 obruimur,
2073 2517 2119 2572 si

407 2603 792 2673 tranquillum
827 2621 1086 2676 superna
1112 2606 1410 2661 sententia
1442 2606 1606 2661 littus
1647 2611 1940 2662 tenemus.
1977 2609 2116 2662 Ecce

405 2693 560 2748 enim
594 2693 732 2749 dicit
764 2711 914 2766 quoc
958 2697 1278 2767 quastione
1316 2713 1432 2752 non
1464 2697 1692 2752 modica
1725 2697 1956 2752 lectoris
1989 2697 2116 2752 ani-

405 2799 565 2839 mum
616 2795 858 2842 moveat.
891 2788 1000 2842 Sed
1035 2788 1163 2858 quis
1214 2788 1320 2843 hoc
1364 2806 1478 2844 non
1513 2793 1734 2845 rectum
1785 2788 1976 2844 dicere
2011 2805 2120 2844 au—

404 2874 557 2942 deat,
591 2877 746 2946 quod
780 2877 836 2929 in
871 2876 971 2930 Dei
1002 2877 1242 2932 auribus
1277 2881 1500 2932 rectum
1533 2878 1747 2934 sonat?

943 2966 1170 3022 CAPUT
1211 2966 1259 3021 11
1295 2968 1438 3034 (ηδε.
1474 2968 1571 3038 IIJ.

479 3053 613 3108 CAP.
638 3054 733 3109 VI.
766 3055 940 3112 Vens.
963 3057 1017 3123 2,
1051 3057 1104 3111 3.
1129 3087 1197 3097 —-
1220 3058 1436 3113 Utinam
1461 3058 1900 3128 appenderentnr
1924 3074 2112 3130 pecca-
2147 3043 2196 3107 C

405 3149 458 3196 ta
493 3159 638 3210 mea,
669 3145 864 3214 quibus
896 3148 1039 3200 iram
1070 3146 1268 3212 merui,
1302 3150 1354 3201 et
1385 3147 1678 3202 calamitas
1719 3165 1882 3218 quam
1911 3148 2118 3218 patior,

409 3232 467 3286 in
517 3242 726 3288 statera
755 3252 772 3288 :
809 3251 965 3305 quas:
998 3252 1171 3292 arena
1203 3240 1372 3291 maris
1406 3238 1522 3292 hac
1549 3240 1778 3306 gravior
1804 3241 2116 3308 appareret.

475 3321 697 3378 Saxsus
726 3340 970 3379 TYPICUS.
1007 3325 1060 3378 2.
1097 3325 1342 3380 Christus
1376 3326 1518 3380 libra
1547 3336 1626 3382 est
1664 3327 1725 3380 in
1770 3343 1879 3398 qua
1898 3331 1948 3381 et
1979 3327 2120 3397 quod

401 3426 704 3483 meremur,
756 3424 810 3469 et
858 3416 1000 3486 quod
1053 3432 1155 3488 pro
1207 3418 1363 3472 nobis
1410 3434 1599 3490 passus
1645 3426 1743 3487 est,
1791 3425 2116 3489 pensantur.

401 3502 580 3557 Poena
627 3509 830 3561 nostra
882 3507 1206 3574 gravitatem
1247 3508 1402 3562 nobis
1450 3512 1636 3562 notam
1683 3508 1838 3581 feeit.
1874 3539 1942 3549 -ο
1976 3509 2118 3572 Quis

403 3595 551 3652 alius
583 3601 809 3652 statera
843 3599 1098 3667 nomine,
1125 3599 1236 3654 nisi
1272 3601 1368 3655 Dei
1402 3604 1458 3654 et
1491 3600 1800 3655 hominum
1836 3601 2118 3657 mediator

2162 1669 2204 1734 Β

403 3686 748 3758 exprimitur
773 3686 914 3757 ?qui
949 3687 1022 3742 ad
1053 3689 1418 3758 pensandum
1437 3689 1563 3744 vita
1597 3694 1807 3745 nostra
1841 3690 2114 3746 meritum

398 3775 578 3843 venit,
611 3790 676 3830 ac
706 3776 1207 3847 sccumjustitiam
1234 3775 1412 3832 simul
1438 3780 1494 3832 et
1522 3777 1979 3833 misericordiam
2013 3779 2118 3833 de-

400 3860 568 3930 tulit;
598 3864 698 3918 sed
745 3864 1158 3921 misericordia
1204 3864 1370 3921 lance
1401 3867 1876 3936 praponderans,
1913 3865 2116 3937 culpas

398 3959 628 4008 nostras
660 3955 949 4024 parcendo
995 3953 1286 4026 levigavit.
1321 3954 1382 4010 In
1427 3971 1606 4010 manu
1653 3957 1867 4010 etenim
1903 3956 2113 4025 Patris,

396 4046 558 4112 quasi
591 4046 806 4098 statera
837 4043 969 4098 miri
1021 4043 1354 4099 libraminis
1385 4044 1590 4107 factus,
1617 4044 1752 4100 hinc
1783 4045 1839 4099 in
1874 4060 1935 4100 se
1965 4045 2117 4101 cala-

399 4129 658 4186 mitatem
692 4135 973 4197 nostram,
1021 4132 1172 4186 213
1223 4135 1278 4186 et
1308 4130 1470 4186 illinc
1513 4137 1747 4202 peccata
1779 4134 2109 4202 suspendit.

394 4220 504 4275 Sed
539 4222 732 4292 gravis
771 4221 1044 4292 ponderis
1077 4221 1469 4278 calamitatem
1509 4222 1810 4278 moriendo
1834 4224 2112 4294 innotuit,

393 4315 450 4365 et
482 4313 635 4380 apud
671 4313 1130 4369 misericordiam
1168 4314 1285 4370 leve
1317 4329 1441 4368 esse
1475 4322 1774 4385 peccatum
1800 4313 2112 4370 relaxando

393 4400 758 4453 monstravit.
780 4402 851 4471 (e)
883 4402 986 4466 Qui
1019 4403 1124 4457 hoc
1149 4404 1404 4474 primum
1435 4403 1634 4474 gratia
1668 4404 1934 4465 contulit,
1971 4404 2109 4476 quia
2143 4393 2187 4456 D

394 4503 620 4557 poenam
683 4495 941 4545 nostram
1003 4492 1172 4548 nobis
1217 4493 1667 4565 coguoscibilem
1717 4495 1868 4550 fecit.
1924 4495 2107 4552 Homo

392 4592 647 4648 namque
679 4581 748 4634 ad
779 4581 1292 4654 contemplandum
1328 4588 1625 4640 auctorem
1659 4586 1951 4652 conditus,
1999 4585 2104 4640 sed

391 4665 758 4738 exigentibus
797 4670 1021 4726 meritis
1065 4672 1134 4726 ad
1165 4672 1414 4728 internis
1443 4674 1678 4745 gaudiis
1727 4675 2010 4745 dejectus,
2045 4675 2103 4729 in

391 4771 706 4813 arumnam
733 4760 1117 4832 corruptionis
1145 4776 1340 4831 ruens,
1365 4763 1683 4820 caecitatem
1702 4763 1890 4820 exsilii
1925 4763 2103 4820 susti-

459 4981 541 5053 (a)
564 4986 803 5037 Recent.
838 4977 1029 5049 Vulg.,
1062 4989 1110 5036 et
1133 4980 1396 5053 quidquid
1425 4983 1626 5040 munde
1655 4987 1885 5044 vixerat.

459 5052 535 5128 (b)
567 5054 819 5128 Deest_et
849 5067 1030 5128 rectus
1061 5054 1123 5128 in
1161 5052 1424 5122 Vindoc.,
1456 5054 1629 5128 Corb.
1655 5066 1708 5112 et
1734 5058 1886 5128 plur.

463 5127 532 5197 (e)
566 5126 627 5181 In
675 5126 941 5197 vulgatis,
978 5125 1123 5196 apud
1164 5126 1594 5181 misericordiam
1623 5125 1780 5184 suam
1813 5132 1952 5185 Deus
1991 5132 2103 5188 leve

388 5212 500 5249 esse
526 5204 816 5272 peccatum
849 5198 1152 5253 relaxando
1190 5199 1534 5272 monstravit.
1581 5201 1720 5269 Ergo
1752 5217 1858 5272 per
1911 5219 2098 5260 veram

385 5270 786 5344 paenitentiam,
819 5273 1066 5340 quamvis
1096 5271 1269 5324 multa
1282 5277 1342 5344 et
1362 5274 1686 5339 gravissima
1715 5270 1824 5328 sint
1853 5283 2096 5344 peccata,

385 5353 482 5405 per
525 5337 964 5396 misericordiam
1005 5344 1109 5396 Dei
1131 5343 1320 5466 dfacile
1351 5337 1565 5412 (Barth.
1616 5355 1666 5399 et
1704 5337 1924 5414 Remb.,
1965 5337 2100 5417 foci;

388 5408 516 5466 lius)
547 5409 877 5465 relaxantur
897 5429 915 5466 .'
934 5423 985 5466 et
1021 5430 1128 5466 anu
1193 5415 1626 5466 misericordiam
1654 5433 1812 5466 suam
1841 5418 1956 5466 leve
1984 5435 2099 5466 esse

388 5408 516 5476 lius)
547 5409 915 5473 relaxantur;
934 5423 985 5467 et
1021 5408 1165 5482 apud
1193 5408 1626 5470 misericordiam
1654 5433 1812 5472 suam
1841 5408 2099 5475 leve'esse

380 5484 671 5560 peccatum
699 5484 844 5560 quod
892 5484 1181 5560 relaxatur
1208 5486 1425 5560 (Barth.
1464 5496 1516 5542 et
1556 5491 1780 5558 Remb.,
1820 5495 2099 5560 peccatum

386 5550 1112 5630 relaaathumlmonstravit,
1135 5550 1235 5625 qui
1262 5559 1617 5630 hocprimum
1647 5550 1844 5628 gratia:
1874 5562 2008 5630 (vel,
2036 5567 2100 5618 ut

387 5623 542 5704 apud
602 5621 797 5704 Barth.
820 5627 887 5704 et
917 5621 1158 5704 Re_mb.,'
1195 5621 1383 5704 grave)
1428 5621 1684 5704 contulit,
1725 5649 1834 5703 qua
1880 5621 2098 5704 poenam

384 5691 655 5758 nostram,
676 5699 785 5748 etc.
820 5691 1212 5748 Manifestum
1229 5691 1540 5771 glossema,
1574 5691 1942 5772 Gregoriana
1973 5721 2098 5763 ora-

1671 219 1948 284 SANCTI
1996 219 2368 284 GREGORII
2413 221 2660 282 MAGNI

3774 243 3868 305 668

2236 373 2401 424 nens,
2435 358 2618 430 culpa
2662 375 2780 413 sua
2844 358 3128 430 supplicia
3172 365 3228 416 et
3278 361 3562 436 tolerabat,
3607 375 3657 426 et
3695 376 3869 433 nescie-

2244 447 2377 515 bat;
2407 448 2488 502 ita
2518 453 2582 502 ut
2603 447 2867 503 exsilium
2895 451 3140 520 patriam
3179 451 3447 523 crederet,
3478 461 3530 512 et
3560 460 3636 515 sic
3667 462 3756 518 sub
3781 480 3876 520 cor-

2243 535 2527 604 ruptionis
2556 537 2810 605 pondere
2842 537 3009 608 quasi
3037 538 3096 592 in
3127 540 3336 596 salutis
3364 540 3610 602 libertate
3629 552 3871 620 gauderet.

2241 625 2346 679 Sed
2371 625 2441 692 is,
2477 640 2646 696 quem
2680 624 2837 680 intus
2868 626 3044 682 homo
3069 628 3396 700 reliquerat,
3420 641 3699 706 assumpta
3723 655 3875 710 carne,

2241 712 2380 769 foris
2426 715 2691 784 apparuit
2724 714 2915 783 Deus;
2948 733 3200 788 cumque
3272 735 3331 773 se
3379 723 3612 780 exterius
3657 729 3874 797 praebuit,

2240 801 2547 872 expulsum
2580 803 2736 858 foras
2789 804 3080 861 hominem
3116 808 3185 862 ad
3219 807 3490 866 interiora
3533 817 3801 882 revocavit,
3835 826 3878 872 ut

2233 892 2355 960 jam
2389 892 2602 947 damna
2633 909 2740 948 sua
2769 893 2982 961 videat,
3007 895 3086 966 (d)
3110 897 3234 966 jam
3260 913 3484 968 poenam
3517 918 3621 956 sua
3650 906 3878 961 caecitatis

2241 981 2608 1052 ingemiscat.
2633 982 2946 1039 Calamitas
2975 1001 3108 1056 ergo
3143 987 3399 1044 hominis
3431 989 3486 1044 in
3511 995 3698 1048 statera
3729 995 3878 1064 gravis

2240 1069 2530 1140 apparuit,
2565 1070 2704 1141 quia
2725 1072 2944 1127 malum
2979 1074 3128 1144 quod
3155 1075 3395 1146 pertulit
3433 1079 3652 1134 nonnisi
3688 1080 3738 1135 in
3768 1097 3878 1153 pra-

2239 1160 2427 1215 sentia
2459 1161 2859 1232 Redemptoris
2905 1164 3172 1234 agnovit;
3203 1167 3389 1222 lucem
3413 1169 3618 1241 quippe
3645 1173 3880 1238 nesciens,

2238 1251 2636 1306 damnationis
2661 1269 2775 1307 sua
2810 1254 3082 1310 tenebras
3113 1255 3458 1329 voluptuose
3492 1260 3765 1317 tolerabat.
3791 1263 3879 1318 Sed

2238 1345 2554 1411 postquam
2584 1342 2721 1396 vidit
2753 1345 2906 1413 quod
2946 1344 3236 1415 diligeret,
3274 1347 3552 1404 intellexit
3580 1351 3730 1406 etiam
3754 1354 3876 1422 quod

2239 1428 2495 1497 doleret;
2540 1435 2596 1486 et
2627 1447 2799 1502 grave
2852 1434 3034 1488 sensit
3085 1436 3238 1506 quod
3286 1439 3540 1507 pertulit,
3594 1440 3712 1511 quia
3752 1440 3883 1496 dulce

2240 1517 2496 1574 innotuit
2526 1521 2679 1590 quod
2714 1522 2928 1578 amisit.
2965 1523 3261 1595 Virigitur
3282 1532 3523 1582 sanctus
3555 1528 3877 1600 colloquentis

2239 1607 2410 1662 amici
2443 1609 2750 1665 sententiis
2782 1627 2814 1665 a
2845 1611 3120 1668 claustris
3147 1614 3361 1669 silentii
3393 1633 3681 1684 excussus,
3707 1624 3756 1674 et
3782 1636 3884 1689 pro-

2241 1695 2449 1765 phetici
2483 1697 2727 1768 spiritus
2768 1699 3069 1757 afﬂuentia
3119 1703 3398 1774 repletus,
3447 1706 3598 1762 dicat
3633 1724 3744 1776 sua,
3771 1708 3884 1762 dicat

2241 1783 2490 1841 humani
2523 1789 2750 1857 generis
2781 1806 2953 1845 voce:
2986 1791 3208 1847 Utinam
3254 1796 3689 1866 appenderentur
3715 1805 3883 1868 peccata

2241 1890 2378 1941 mea,
2415 1877 2611 1946 quibus
2638 1881 2779 1933 iram
2811 1883 3011 1947 merui,
3052 1890 3104 1936 ct
3125 1883 3418 1939 calamitas
3458 1902 3615 1956 quam
3641 1889 3808 1957 patior,
3842 1885 3885 1939 in

2237 1974 2462 2034 statera,
2506 1970 2664 2037 quasi
2691 1985 2864 2025 arena
2905 1975 3080 2026 maris
3110 1973 3224 2030 hac
3259 1977 3492 2043 gravior
3516 1979 3787 2048 appareret.
3825 1983 3884 2032 Ac

2238 2057 2282 2110 si
2333 2059 2530 2126 aperte
2579 2057 2794 2113 diceret
2834 2077 2845 2113 :
2886 2060 3293 2118 Damnationis
3327 2068 3544 2120 nostra
3575 2065 3768 2120 malum
3794 2064 3885 2121 leve

2237 2145 2516 2212 creditur,
2543 2147 2680 2218 quia
2699 2150 2948 2205 necdum
2980 2153 3207 2220 cognita
3239 2152 3640 2226 Redemptoris
3667 2155 3885 2226 aequitate

2237 2241 2539 2306 pensatur.
2564 2238 2677 2294 Sed
2700 2239 2924 2294 utinam
2951 2242 3166 2309 veniat,
3187 2245 3246 2296 et
3271 2260 3590 2300 arumnam
3619 2244 3744 2300 tanti
3771 2242 3885 2298 exsi-

2237 2324 2300 2378 lii
2338 2326 2747 2382 misericordia
2781 2344 2895 2383 sua
2939 2328 3102 2386 lance
3150 2333 3493 2402 suspendat,
3541 2338 3594 2388 et
3620 2333 3741 2404 quid
3785 2334 3882 2404 post

2238 2415 2509 2471 exsilium
2537 2418 2902 2487 requiramus
2926 2420 3182 2476 edoceat.
3207 2420 3265 2475 Si
3290 2423 3452 2477 enim
3479 2423 3762 2479 innotescit
3781 2422 3883 2492 quid

2235 2505 2559 2572 amisimus,
2629 2522 2801 2578 grave
2873 2524 2998 2565 esse
3066 2509 3327 2566 insinuat
3399 2514 3554 2584 quod
3602 2515 3882 2568 toleramus.

2233 2595 2380 2665 (Yet.
2435 2598 2533 2666 II.)
2581 2601 2730 2653 Bene
2778 2603 2972 2654 autem
3023 2600 3142 2656 hac
3201 2602 3404 2659 eadem
3467 2603 3887 2676 peregrinationis

2232 2689 2442 2740 nostra
2488 2685 2789 2743 calamitas
2845 2689 3025 2745 maris
3066 2707 3252 2746 arena
3324 2697 3707 2764 comparatur.
3747 2694 3888 2746 Arena

2231 2776 2445 2831 etenim
2481 2779 2677 2847 maris,
2711 2781 3003 2836 undarum
3049 2786 3190 2838 astu
3239 2784 3500 2839 exterius
3528 2783 3760 2855 pellitur,
3785 2781 3889 2850 quia

2229 2869 2285 2919 et.
2308 2865 2652 2938 delinquens
2684 2868 2875 2935 homo,
2903 2868 2974 2940 (e)
3008 2870 3286 2940 quoniam
3312 2873 3688 2928 tentationum
3716 2871 3888 2925 ﬂuctus

2232 2954 2526 3012 mobiliter
2556 2956 2813 3028 pertulit,
2846 2963 3007 3014 extra
3039 2976 3099 3016 se
3129 2960 3202 3015 ab
3233 2961 3464 3018 intimis
3510 2961 3694 3019 exivit.
3733 2957 3886 3029 Magni

2235 3051 2429 3103 autem
2464 3063 2639 3104 arena
2667 3049 2845 3104 maris
2863 3055 2951 3105 est
2969 3051 3242 3120 ponderis
3266 3071 3280 3120 ;
3299 3053 3404 3106 sed
3429 3052 3715 3108 calamitas
3734 3047 3884 3104 homi-

2233 3138 2325 3193 nis
2351 3154 2527 3194 arena
2554 3139 2734 3194 maris
2756 3140 3232 3212 graviordicitur,
3255 3142 3401 3213 quia
3419 3144 3564 3199 dura
3577 3142 3737 3198 fuisse
3759 3153 3888 3211 pana

2232 3226 2581 3295 ostenditur,
2614 3228 2753 3283 dum
2790 3246 2890 3300 per
2920 3230 3359 3287 misericordem
3387 3233 3643 3303 judicem
3663 3230 3731 3301 (Γ)
3750 3227 3884 3297 culpa

2231 3315 2536 3387 levigatur.
2597 3317 2663 3372 Et
2715 3318 2851 3389 quia
2902 3321 3173 3391 quisquis
3241 3324 3496 3392 gratiam
3540 3316 3889 3391 Redemptoris

2228 3408 2516 3479 agnoscit,
2550 3408 2825 3480 quisquis
2858 3411 3106 3466 reditum
3140 3414 3209 3467 ad
3234 3414 3485 3483 patriam
3517 3413 3714 3481 diligit,
3734 3405 3885 3465 erudi-

2227 3500 2324 3552 tus
2366 3499 2476 3553 sub
2509 3501 2760 3570 pondere
2792 3500 3273 3571 peregrinationis
3306 3505 3530 3574 gemit,
3563 3505 3684 3574 post
3709 3502 3890 3555 statere

2229 3587 2584 3644 desiderium
2620 3592 2773 3644 recte
2813 3589 3230 3660 subjungitur:

2916 3680 3141 3736 CAPUT
3182 3683 3280 3737 IIl.

2297 3768 2474 3824 Vens.
2506 3769 2560 3825 2.
2593 3801 2661 3810 —
2690 3770 2838 3828 Unde
2865 3778 2916 3827 et
2945 3771 3108 3826 verba
3129 3789 3253 3828 mea
3281 3771 3473 3830 dolore
3500 3781 3625 3830 sunt
3648 3772 3807 3844 plena.

2299 3861 2351 3914 3.
2395 3861 2615 3916 Gemere
2651 3861 2742 3916 hic
2789 3879 2901 3917 non
2943 3866 3114 3918 cessat
3153 3865 3250 3935 qui
3294 3879 3353 3919 se
3385 3865 3636 3921 exsulem
3673 3861 3815 3916 novit.
3839 3881 3887 3893 ο·-

2225 3949 2334 4010 Qui
2359 3952 2888 4022 peregrinationem
2942 3970 3044 4025 pro
3075 3953 3259 4024 patria
3287 3953 3505 4027 diligit,
3539 3954 3719 4010 dolere
3754 3947 3888 4004 etiam

2225 4039 2382 4094 inter
2412 4040 2637 4097 dolores
2691 4043 2898 4099 nescit.
2932 4044 3081 4099 Justi
3113 4047 3301 4100 autem
3345 4046 3523 4101 verba
3549 4043 3733 4100 dolore
3759 4036 3890 4110 plena

2225 4133 2381 4197 sunt,
2425 4131 2560 4202 quia
2610 4148 2724 4202 quo
2773 4148 2959 4204 usque
3020 4134 3328 4204 praesentia
3382 4133 3611 4200 tolerat,
3668 4132 3731 4186 ad
3769 4122 3891 4182 aliud

2223 4219 2516 4292 loquendo
2591 4223 2887 4294 suspirat;
2928 4241 3099 4280 omne
3148 4226 3296 4296 quod
3375 4241 3623 4297 peccans
3678 4214 3890 4293 pertulit.

2224 4311 2552 4380 conspicit;
2598 4317 2769 4382 atque
2824 4318 2886 4368 ut
2924 4317 2993 4369 ad
3039 4320 3252 4370 statum
3295 4314 3675 4372 beatitudinis
3718 4305 3892 4374 redeat,

2219 4398 2465 4455 sollicite
2498 4401 2726 4471 judicia
2765 4403 2978 4474 quibus
3011 4404 3289 4475 allligitur
3336 4410 3567 4476 pensat.
3601 4401 3749 4457 Unde
3775 4394 3892 4451 sub-

2217 4489 2414 4546 ditur:

2898 4582 3129 4639 CAPUT
3172 4583 3265 4638 IV.

2287 4669 2457 4725 Vrsas.
2491 4671 2545 4725 4.
2581 4702 2646 4712 -
2680 4671 2818 4741 Quia
2848 4673 3066 4743 sagitta
3097 4675 3316 4730 Domini
3346 4675 3407 4730 in
3446 4691 3537 4731 me
3562 4679 3700 4729 sunt.

2285 4760 2335 4815 4.
2374 4760 2601 4831 Sagittis
2629 4762 2956 4833 praedicatio
2989 4764 3074 4821 vel
3093 4781 3253 4836 pasna
3274 4767 3554 4835 signatur.
3593 4794 3656 4805 —
3686 4758 3891 4829 Sagitta-

2213 4992 2392 5066 tionﬁis
2421 5007 2636 5066 nexum
2667 4992 2923 5058 solvens,
2958 4997 3015 5048 et
3059 4994 3217 5066 quod
3250 5011 3320 5050 ne
3361 4994 3415 5049 in
3457 5009 3572 5049 uno
3605 4989 3810 5062 quidem
3829 4978 3891 5035 of-

2214 5065 2510 5120 fendimus
2544 5065 2645 5120 Ms.

2283 5136 2359 5206 (ά)
2382 5136 2630 5202 Ebroic.,
2661 5138 2786 5190 Jam
2816 5152 2975 5206 pana
2991 5151 3108 5194 sua
3138 5138 3406 5195 caecitatis
3438 5134 3766 5206 ingemiscat:

2283 5199 2357 5278 (e)
2388 5199 2688 5264 'l‘uron.'et
2719 5199 2888 5262 Cord.
2935 5207 3151 5274 Germ.,
3193 5226 3296 5280 quo
3329 5199 3684 5264 tentationum
3712 5199 3888 5280 ﬁttdfl‘

2209 5266 2473 5350 mobilius
2536 5280 2794 5350 pertulit,
2843 5296 2904 5334 eo
2955 5266 3216 5335 extra'se'
3264 5282 3330 5336 ab
3375 5281 3589 5333 intimis
3634 5266 3808 5350 exiuit:
3843 5266 3887 5344 IP

2212 5339 2546 5431 Vindocin...
2583 5367 2685 5422 pro
2733 5339 2799 5405 ab
2831 5353 3045 5407 intimis
3078 5352 3277 5420 exivit,
3337 5351 3550 5423 legitur
3597 5350 3660 5403 ab
3716 5339 3886 5398 intimi!

2211 5426 2482 5563 “lg/ltiti:
2525 5509 2728 5568 omnes
2754 5493 2939 5568 _Mss.,
2988 5495 3096 5549 nisi
3134 5495 3285 5568 quod
3328 5494 3380 5547 in
3417 5507 3532 5568 uno
3557 5483 3888 5568 _Re‘g.,r'culpa

2208 5554 2712 5636 quaé'agnoscitur,
2747 5554 3017 5636 levigatur
3037 5554 3230 5622 :un'de
3273 5568 3415 5622 forte
3461 5563 3518 5617 in
3557 5554 3789 5630 Vulgatis
3815 5554 3884 5606 ia-

2209 5642 2392 5706 ctum,
2415 5637 2578 5709 culpa
2607 5653 2726 5709 qua:
2767 5637 3034 5708 levigatur
3054 5641 3392 5708 agnoscitur.
