4134 6174
222 316 333 375 769

1118 304 1542 369 MORALIUM
1590 303 1733 364 LIB.
1785 302 1913 363 Vll.
1962 334 2038 344 —
2084 300 2157 359 IN
2204 302 2379 362 CAP.
2427 301 2504 362 VI
2548 304 2617 362 B.
2666 300 2827 362 JOB.

3615 308 3739 372 770

218 471 351 511 rum
383 454 599 527 quippe
632 452 869 509 nomine
900 450 1216 525 aliquando
1250 449 1675 521 praedicationis
1724 445 1918 508 verba,
1951 444 2007 511 Α
2036 442 2170 514 quia
2192 444 2249 499 in
2270 444 2446 516 hujus
2470 445 2739 503 cecilatis
2769 446 2971 504 exsilio
3006 465 3038 504 a
3060 448 3311 521 paradisi
3332 451 3562 521 gaudiis
3586 457 3736 512 ceci-

217 546 538 618 aliquando
590 542 1117 599 animadversionis
1168 539 1472 597 sententiis
1523 538 1920 610 designantur.

217 636 661 692 Pradicationis
696 650 951 704 namque
981 632 1214 704 eloquia
1236 631 1464 703 sagittis
1495 630 1923 701 exprimuntur,

218 728 361 799 quia
392 727 449 780 in
483 742 550 780 eo
580 725 730 796 quod
765 723 906 777 vitia
940 723 1175 789 feriunt,
1211 720 1377 777 2I4
1416 721 1566 775 male
1605 717 1925 773 viventium

215 816 392 872 corda
421 814 800 885 transfigant.
840 814 914 867 De
961 811 1052 867 his
1094 811 1325 881 sagittis
1375 808 1629 864 venienti
1682 807 1925 862 Redem-

220 904 373 976 ptori
415 905 631 959 dicitur
664 919 677 957 :
711 902 929 973 Sagittae
952 908 1057 955 tuae
1087 908 1277 969 acutae,
1307 897 1709 971 potentissime;
1737 893 1928 967 populi

215 994 317 1048 sub
350 1000 397 1047 te
423 991 619 1047 cadent
650 993 710 1045 in
740 989 899 1044 corde
932 989 1103 1060 (Psat.
1143 1004 1291 1055 xuv,
1329 988 1409 1057 6).
1461 986 1540 1041 De
1588 1000 1699 1056 quo
1749 984 1929 1039 Isaias

220 1083 369 1137 dicit
402 1098 415 1136 :
450 1081 666 1136 Mittam
696 1096 766 1135 ex
794 1082 871 1135 eis
900 1080 1001 1149 qui
1038 1079 1240 1134 satvati
1276 1076 1487 1146 fuerint
1536 1076 1605 1131 ad
1643 1080 1829 1145 gentes
1869 1075 1928 1129 in

219 1186 397 1235 mare,
430 1173 488 1224 in
509 1171 779 1234 Africam,
805 1168 946 1240 (a)et
962 1170 1018 1221 in
1034 1166 1290 1238 Lydiam,
1308 1169 1552 1220 tenentes
1563 1164 1845 1236 sagittam,
1865 1164 1930 1218 in

217 1261 474 1328 Italiam,
502 1261 562 1314 in
595 1258 858 1314 Graeciam
890 1258 1045 1329 (Isai.
1082 1273 1231 1320 LXVI,
1265 1256 1369 1326 19).
1398 1256 1649 1310 Rursum
1674 1253 1927 1326 sagittis,

219 1346 751 1404 animadversionis
783 1345 1076 1417 percussio
1107 1344 1627 1413 designatur,sicut
1645 1343 1785 1398 Joas
1808 1343 1929 1412 regi

218 1455 331 1511 per
354 1438 618 1492 Eliszsum
639 1436 889 1492 dicitur:
912 1437 1038 1491 lace
1065 1434 1348 1502 sagittam.
1384 1436 1505 1498 Quo
1522 1435 1776 1503 jaciente
1807 1433 1923 1489 ait:

217 1528 505 1583 Percuties
534 1525 779 1598 Syriam,
824 1524 992 1580 donec
1027 1541 1316 1580 consumas
1364 1539 1483 1579 eam
1514 1524 1620 1595 (IV
1649 1524 1770 1595 Reg.
1808 1540 1925 1590 xm,

218 1617 331 1685 17).
355 1615 457 1671 Vir
472 1614 652 1686 igitur
672 1618 915 1669 sanctus
934 1613 1072 1685 quia
1087 1612 1571 1684 peregrinationis
1584 1630 1704 1667 suae
1718 1628 1925 1668 aerum-

218 1720 361 1761 nam
385 1703 645 1774 respicit,
663 1702 799 1774 quia
822 1704 932 1758 sub
954 1701 1433 1773 percussionibus
1455 1702 1767 1758 Dominica
1799 1700 1927 1758 ani-

2038 533 2155 602 dit;
2200 534 2363 590 timet
2406 551 2477 591 ne
2521 540 2577 592 et
2633 552 2766 591 cum
2827 538 3097 594 exsilium
3160 540 3542 613 relinquetur,
3578 562 3734 603 more

2034 631 2244 679 aeterna
2276 626 2681 696 subsequatur.
2715 626 2846 683 Jam
2878 644 3014 700 ergo
3045 633 3391 687 sententiam
3425 634 3635 691 tolerat
3675 638 3733 692 in

2037 729 2244 784 pinna;
2280 716 2379 769 sed
2424 716 2609 771 minas
2638 717 2826 773 adhuc
2857 720 3084 774 venturi
3119 722 3335 789 judicis
3367 724 3642 781 formidat
3671 744 3740 783 ex

2037 802 2227 875 culpa.
2259 804 2403 859 Hinc
2435 805 2744 861 Psalmista
2776 808 2853 861 ait
2888 826 2899 862 :
2932 810 2999 862 In
3030 826 3116 865 me
3158 814 3604 882 pertransierunt
3644 820 3741 873 ire

2037 896 2170 962 tuae,
2202 902 2249 948 et
2279 898 2516 949 terrores
2550 894 2636 950 tui
2666 897 3131 953 conturbauerunt
3162 916 3244 955 me
3272 902 3444 971 (Psat.
3482 921 3729 975 Lxxxvu,

2040 983 2148 1051 17).
2167 983 2385 1037 Interni
2409 984 2622 1055 quippe
2638 985 2853 1054 judicis
2870 992 3175 1059 postquam
3193 989 3737 1065 iraspertrenseunt,

2037 1072 2213 1126 etiam
2247 1076 2495 1127 terrores
2527 1076 2897 1145 conturbant,
2930 1076 3067 1146 quia
3090 1078 3214 1147 jam
3244 1078 3400 1134 aliud
3454 1082 3525 1137 de
3572 1084 3739 1139 dam-

2039 1160 2273 1217 natione
2306 1162 2575 1233 patimur,
2601 1168 2655 1217 et
2704 1163 2896 1220 adhuc
2944 1166 3101 1220 aliud
3152 1167 3223 1223 de
3259 1174 3472 1225 interna
3522 1173 3740 1229 ultione

2040 1250 2446 1306 formidamus.
2499 1253 2597 1307 Vir
2648 1253 2827 1324 igitur
2866 1260 3124 1316 sanctus,
3178 1260 3539 1328 perpendens
3591 1266 3741 1321 mala

2039 1355 2164 1410 qua:
2186 1340 2416 1408 tolerat,
2446 1342 2602 1396 dicat
2631 1358 2642 1395 :
2679 1343 2914 1413 Sagitta:
2952 1346 3173 1399 Domini
3202 1349 3257 1401 in
3289 1365 3375 1403 me
3421 1360 3572 1420 sunt,
3606 1371 3742 1425 qua-

2038 1446 2163 1484 rum
2194 1432 2507 1499 indignatio
2537 1432 2709 1487 ebibit
2758 1432 3023 1499 spiritum
3056 1452 3254 1490 meum.
3305 1438 3441 1507 Sed,
3472 1445 3739 1512 graviora

2035 1521 2095 1577 in
2125 1527 2472 1593 perpetuum
2508 1526 2790 1589 metuens,
2817 1526 3099 1597 adjungat
3120 1542 3132 1581 :
3154 1529 3217 1582 Et
3246 1534 3477 1585 terrores
3492 1534 3745 1589 militans

2035 1615 2228 1667 contra
2260 1628 2365 1667 me.
2396 1616 2475 1667 Ac
2506 1613 2555 1668 si
2588 1618 2783 1683 aperte
2834 1615 3049 1670 diceret
3082 1634 3095 1671 :
3130 1617 3446 1675 Percussus
3497 1625 3734 1693 quidem

2038 1700 2107 1757 de
2139 1702 2527 1771 praesentibus
2561 1702 2764 1771 doleo;
2802 1702 2977 1761 2l5
3012 1707 3114 1760 sed
3150 1706 3253 1762 hoc
3314 1710 3372 1763 in
3432 1710 3629 1768 dolore
3681 1715 3744 1769 fit

217 1792 649 1850 madversionis
680 1792 1035 1863 ingemiscit,
1078 1792 1276 1847 dicat:
1316 1791 1463 1847 Unde
1500 1802 1556 1847 et
1600 1792 1761 1847 verba
1802 1807 1928 1845 mea
1960 1816 2007 1881 B
2037 1792 2289 1863 gravius,
2325 1793 2463 1863 quia
2493 1800 2547 1847 et
2595 1793 2652 1847 in
2708 1810 2877 1864 pinna
2926 1798 3170 1865 positus,
3222 1799 3408 1855 adhuc
3456 1803 3744 1873 supplicia

215 1885 409 1941 dolore
436 1892 562 1938 sunt
590 1884 779 1955 plena,
838 1884 968 1953 quia
997 1884 1217 1953 sagittae
1266 1883 1489 1938 Domini
1543 1885 1602 1938 in
1660 1898 1746 1937 me
1799 1889 1929 1937 sunt

219 1976 375 2047 [Rec.
398 1974 523 2045 Ill].
559 1979 637 2028 Ac
660 1972 707 2029 si
734 1977 930 2043 aperte
950 1973 1169 2027 diceret
1194 1990 1205 2027 :
1231 1972 1349 2043 Ego
1372 1971 1431 2027 in
1451 1971 1639 2027 exsilii
1680 1972 1929 2027 damna-

216 2063 385 2121 tione
406 2078 522 2118 non
546 2062 796 2134 gaudeo,
816 2062 916 2117 sed
942 2062 1053 2118 sub
1074 2060 1294 2131 iudicio
1327 2061 1549 2134 positus
1578 2063 1764 2129 doleo,
1793 2062 1932 2135 quia

214 2155 343 2209 vim
376 2152 770 2224 percussionis
800 2168 1068 2224 agnosco.
1106 2150 1372 2223 Plerique
1401 2156 1589 2208 autem
1624 2157 1764 2208 sunt
1784 2170 1930 2225 quos

217 2247 519 2301 tormenta
536 2242 821 2308 cruciant,
837 2242 937 2298 sed
954 2258 1070 2297 non
1093 2241 1424 2297 emendant.
1441 2243 1562 2307 Quo
1586 2247 1788 2297 contra
1802 2252 1932 2315 apte

218 2332 655 2405 subjungitur:

759 2423 987 2479 CAPUT
1023 2422 1070 2476 v
1106 2424 1249 2495 [Vet.
1285 2424 1407 2495 Ill].

297 2515 438 2572 Isto.
475 2544 543 2556 —
575 2516 819 2583 Quarum
850 2515 1170 2584 indignatio
1202 2514 1369 2570 ebibit
1398 2516 1651 2585 spiritum
1684 2530 1886 2571 meum.

297 2607 352 2661 5.
385 2607 532 2661 Iusti
560 2607 737 2676 panis
778 2621 911 2675 quas
939 2606 1209 2660 sustinent
1260 2606 1654 2660 emendantur.
1689 2637 1756 2647 —
1787 2606 1935 2670 Quid

219 2697 392 2753 enim
418 2705 499 2751 est
530 2696 773 2766 spiritus
813 2695 1093 2763 hominis,
1136 2695 1248 2751 nisi
1302 2695 1551 2766 spiritus
1616 2694 1938 2752 elationis?

216 2787 461 2857 Sagitta
486 2789 672 2841 autem
698 2784 927 2840 Domini
951 2784 1215 2853 spiritum
1240 2785 1491 2841 hominis
1508 2784 1771 2853 abibunt,
1803 2802 1935 2842 cum

216 2891 498 2946 supernas
513 2874 1030 2930 animadversionis
1050 2874 1352 2930 sententiae
1376 2874 1650 2930 afﬂictam
1676 2882 1929 2931 mentem

220 2968 303 3022 ab
334 2966 586 3022 elatione
616 2965 1263 3037 compescunt.Sagittm
1291 2966 1515 3021 Domini
1538 2966 1810 3037 spiritum
1836 2968 1940 3022 ho-

221 3054 412 3111 minis
441 3055 706 3122 abibunt,
740 3054 877 3125 quia
904 3054 1194 3110 intentum
1227 3054 1614 3111 exterioribus
1645 3056 1937 3112 introrsus

227 3106 1203 3217 aggesta;salsissime;
1232 3106 1934 3216 aliisaliis—{£55,
1972 3106 2023 3175 C

224 3251 371 3291 cum
408 3234 636 3290 dicebat
669 3252 682 3290 :
717 3238 778 3291 In
806 3235 1121 3306 deﬁciendo
1152 3237 1209 3289 in
1237 3251 1322 3290 me
1349 3236 1611 3307 spiritum
1652 3252 1857 3305 meum,
1890 3246 1945 3294 et

225 3335 289 3381 tu
321 3325 620 3395 cognovisti
648 3326 876 3380 semitas
906 3338 1053 3379 meas
1084 3325 1255 3396 (Psat.
1289 3341 1435 3395 chi,
1470 3327 1543 3397 4).
1580 3330 1646 3381 Et
1668 3343 1901 3382 rursum
1930 3345 1942 3383 :

230 3415 454 3485 Negavi
483 3415 757 3469 consolari
815 3415 1065 3469 animam
1116 3430 1313 3482 meam,
1346 3430 1554 3471 memor
1606 3419 1694 3485 fui
1722 3417 1841 3486 Dei,
1893 3424 1945 3472 et

230 3506 541 3561 delectatus
598 3521 743 3571 sum,
796 3506 1109 3560 exercitatis
1129 3520 1273 3570 sum,
1296 3512 1351 3559 et
1407 3505 1606 3574 defecit
1662 3507 1949 3577 paulisper

230 3594 482 3668 spiritus
510 3609 663 3649 meus
691 3595 863 3665 (Psal.
900 3611 1087 3663 Lxxw,
1121 3596 1191 3661 4).
1229 3594 1578 3666 Sagittarum
1621 3611 1758 3667 ergo
1792 3597 1946 3651 indi-

229 3684 436 3757 gnatio
459 3684 610 3753 justi
641 3685 909 3755 spiritum
944 3684 1143 3749 ebibit,
1178 3685 1316 3754 quia
1356 3700 1621 3755 supernae
1649 3685 1946 3741 sententias

230 3775 479 3834 electos,
514 3789 660 3843 quos
692 3774 751 3829 in
786 3774 1038 3843 peccatis
1071 3772 1395 3833 inveniunt,
1430 3775 1571 3827 dum
1614 3776 1945 3844 vulnerant,

230 3863 590 3928 immutant;
623 3866 680 3916 et
712 3862 989 3915 duritiam
1022 3876 1190 3915 suam
1210 3861 1489 3916 transﬁxa
1511 3877 1677 3917 mens
1697 3862 1945 3930 deserat,

227 3958 413 4021 atque
441 3967 506 4005 ex
566 3950 863 4005 salutifero
897 3951 1128 4005 vulnere
1158 3950 1229 4021 (c)
1262 3950 1505 4020 sanguis
1563 3952 1949 4007 confessionis

229 4045 460 4097 currat.
496 4040 744 4096 Pensant
776 4057 1025 4112 namque
1058 4042 1233 4107 unde,
1266 4057 1377 4111 quo
1425 4041 1573 4112 lapsi
1622 4047 1777 4109 sunt,
1813 4059 1947 4114 pen-

229 4136 377 4187 sant
405 4146 439 4184 a
469 4134 690 4201 quanta
712 4129 1073 4185 beatitudine
1103 4130 1173 4185 ad
1211 4147 1338 4201 quae
1389 4132 1779 4203 corruptionis
1829 4149 1946 4188 suae

228 4226 535 4278 tormenta
568 4221 944 4288 ceciderunt;
988 4224 1045 4275 et
1076 4236 1190 4275 non
1225 4220 1415 4276 solum
1451 4227 1696 4292 gemunt
1745 4225 1803 4278 in
1856 4223 1948 4279 his

231 4326 372 4382 qua
400 4311 708 4377 sustinent,
743 4310 841 4365 sed
876 4310 1115 4381 insuper
1148 4314 1412 4365 metuunt
1446 4312 1550 4366 hoc
1568 4314 1723 4384 quod
1748 4314 1947 4369 distri-

231 4398 575 4471 ctusjudex
602 4399 1072 4470 relinquentibus
1094 4400 1165 4455 de
1184 4400 1465 4471 gehennae
1491 4402 1722 4473 ignibus
1750 4406 1947 4459 mina-

230 4495 357 4545 tur.
393 4488 553 4545 Unde
584 4493 737 4545 recte
768 4487 1154 4560 subjungitur
1188 4505 1200 4543 :

911 4576 1139 4632 CAPUT
1178 4575 1271 4633 VI.

317 4667 461 4724 Isto.
496 4697 562 4707 —
593 4668 656 4722 Et
687 4673 921 4723 terrores
951 4666 1174 4724 Domini
1193 4670 1434 4723 militant
1465 4673 1659 4725 contra
1682 4686 1787 4726 me.

314 4760 369 4812 6.
406 4762 586 4813 Deum
633 4764 928 4828 praesentes
980 4775 1169 4829 poenas
1225 4758 1429 4825 dolent,
1462 4763 1660 4830 pavent
1704 4763 1948 4828 futuras.

233 4877 309 4891 —
331 4847 636 4903 Justorum
664 4863 831 4902 mens
854 4862 966 4901 non
998 4846 1187 4902 solum
1214 4849 1516 4919 perpendit
1540 4850 1693 4921 quod
1718 4850 1948 4919 tolerat,

238 4938 346 4995 sed
371 4936 548 4992 etiam
574 4940 741 5007 pavet
765 4936 921 5008 quod
946 4940 1153 5003 restat;
1189 4938 1343 4995 videt
1374 4936 1568 5009 qualia
1599 4940 1657 4993 in
1690 4939 1797 4994 hac
1838 4942 1953 4996 vita

238 5029 498 5101 patitur;
534 5028 737 5082 metuit
771 5043 841 5083 ne
873 5034 1001 5099 post
1032 5028 1182 5083 hanc
1197 5029 1456 5098 graviora
1474 5030 1746 5100 patiatur.
1774 5032 1953 5105 Luget

316 5206 589 5335 (a)dApud
610 5210 719 5263 vet.
744 5206 914 5271 Edit.,
937 5206 1159 5271 Barth.,
1183 5206 1406 5273 Remb.,
1426 5207 1581 5275 Coc.,
1604 5208 1663 5263 in
1688 5210 1949 5283 Libyam:

316 5295 384 5335 en
433 5294 549 5335 ose.

242 5294 549 5336 1118110088.

320 5352 397 5422 (b)
429 5350 767 5427 Compend,
802 5350 1020 5427 Turon.
1048 5354 1112 5427 et
1154 5348 1277 5419 alii,
1308 5349 1395 5427 [iis
1442 5367 1686 5427 namque
1730 5358 1953 5427 sagittis

238 5420 496 5495 epotatus
529 5420 705 5495 David
742 5425 973 5495 spiritus
1030 5425 1242 5490 fuerat.
1307 5421 1559 5478 Barthol.
1589 5420 1677 5480 'et
1725 5420 1952 5495 Reinb.,

240 5492 385 5552 eum
419 5494 557 5549 Mss.
592 5492 777 5562 Colb.,
806 5496 855 5548 et
878 5493 973 5548 hoc
1003 5499 1243 5563 potatus.

322 5567 394 5636 (c)
425 5566 559 5641 Mss.
579 5564 801 5641 Norm_.,
821 5568 1052 5641 sanguis
1082 5565 1420 5641 confusionis
1442 5576 1668 5641 currat;
1692 5585 1805 5625 non
1824 5586 1953 5641 pro-

240 5638 485 5713 bantur.
512 5637 907 5713 Confessionis
934 5642 1132 5692 autem
1169 5637 1403 5713 nomine
1438 5639 1711 5713 intelligit
1741 5637 1957 5713 Grego-

241 5710 381 5780 rius
400 5708 796 5780 pmnitentiam
822 5723 953 5763 cum
978 5710 1353 5765 conversione
1368 5708 1768 5778 coniunctam;
1795 5708 1953 5771 na'm.

245 5784 323 5837 ut
371 5778 627 5852 loquitur
682 5780 937 5839 Hilarius
995 5781 1055 5837 in
1114 5796 1199 5853 ps.
1244 5795 1566 5851 cxxxvn,n.
1600 5782 1652 5847 3,
1688 5782 1875 5841 nullus
1901 5784 1957 5841 id

2041 1885 2252 1936 interna
2283 1881 2649 1951 pertimesco.
2686 1883 2791 1938 Sed
2840 1884 2971 1954 quia
3008 1886 3131 1954 jam
3179 1891 3407 1943 staterae
3456 1890 3742 1949 interven-

2040 1975 2164 2026 tum
2199 1970 2511 2035 desiderat,
2540 1972 2664 2041 jam
2695 1972 2849 2028 mala
2878 1974 2936 2028 in
2970 1974 3183 2045 quibus
3205 1976 3535 2035 humanum
3559 1998 3746 2054 genus

2041 2059 2248 2115 cecidit
2279 2068 2503 2131 pensat,
2537 2064 2806 2132 quamvis
2833 2063 2889 2117 in
2945 2064 3146 2134 gentili
3207 2070 3441 2124 natione
3491 2074 3744 2141 positus,

2041 2164 2281 2203 munere
2299 2153 2491 2205 tamen
2512 2151 2831 2221 prophetici
2853 2152 3095 2223 spiritus
3119 2155 3360 2226 plenus;
3394 2176 3505 2228 quo
3538 2162 3743 2217 ardore

2043 2239 2445 2311 Redemptoris
2467 2242 2777 2297 adventum
2809 2243 2898 2297 vel
2939 2244 3252 2316 gentilitas,
3284 2247 3368 2303 vel
3418 2250 3617 2307 Judaea
3665 2253 3748 2308 si-

2042 2327 2169 2398 tiat,
2204 2329 2392 2384 verbis
2425 2331 2812 2400 sequentibus
2843 2332 3226 2404 demonstrat,
3260 2336 3460 2393 dicens
3492 2356 3505 2394 :

2546 2420 2777 2477 CAPUT
2811 2421 2913 2477 v11
2956 2424 3100 2495 [aea
3133 2426 3250 2496 Il’J.

2117 2506 2290 2563 Vsas.
2322 2510 2374 2564 5.
2411 2541 2475 2550 —
2527 2510 2785 2582 Nunquid
2842 2512 2992 2581 rugit
3050 2530 3257 2585 onager
3310 2533 3438 2573 cum
3492 2521 3750 2579 habuerit

2048 2598 2323 2653 herbam?
2358 2610 2454 2655 aut
2483 2606 2691 2671 mugiet
2754 2603 2840 2657 bos
2894 2619 3017 2658 cum
3065 2608 3195 2660 ante
3244 2622 3482 2681 praesepe
3519 2610 3753 2682 plenum

2045 2695 2254 2751 steterit
2271 2694 2304 2749 ?

2116 2787 2171 2838 7.
2208 2784 2553 2840 Gentititatis
2588 2790 2641 2839 et
2670 2785 2877 2842 Iudaeae
2927 2787 2985 2840 in
3036 2788 3405 2860 Redemptoris
3454 2792 3753 2850 adventum

2047 2874 2337 2930 desideria.
2374 2906 2437 2915 —
2470 2875 2617 2941 Quid
2645 2892 2898 2945 namque
2923 2892 3023 2946 per
3044 2893 3351 2948 onagrum,
3375 2881 3431 2936 id
3454 2890 3561 2949 est,
3584 2900 3753 2955 agre-

2051 2971 2197 3021 stem
2221 2966 2473 3035 asinum,
2504 2965 2616 3021 nisi
2640 2966 2875 3037 gentilis
2905 2968 3152 3038 populus
3175 2970 3557 3042 designatur?
3578 2992 3749 3043 quem

2053 3059 2207 3114 sicut
2230 3065 2438 3112 natura
2462 3062 2617 3112 extra
2638 3056 2864 3112 stabula
2886 3058 3207 3130 disciplinas
3231 3062 3429 3131 edidit,
3454 3063 3533 3120 ita
3575 3082 3757 3138 vagus

2056 3146 2115 3202 in
2147 3146 2511 3217 voluptatum
2554 3163 2794 3201 suarum
2845 3163 3046 3218 campo
3096 3152 3437 3219 permansit.
3470 3154 3617 3219 Quid
3652 3172 3754 3227 per

2057 3235 2261 3290 bovem
2294 3234 2381 3304 (α)
2410 3234 2521 3289 nisi
2556 3234 2713 3304 plebs
2747 3235 2988 3289 Judaica
3006 3236 3305 3307 figuratur,
3329 3242 3632 3313 quaa,jugo
3656 3244 3759 3299 do-

2060 3324 2402 3379 minationis
2434 3340 2701 3395 supernas
2748 3325 3071 3395 supposita,
3104 3327 3173 3380 ad
3224 3344 3384 3398 spem
3434 3331 3757 3403 proselytos

2060 3414 2360 3486 colligens,
2395 3430 2496 3485 per
2527 3414 2703 3468 corda
2733 3430 2855 3484 qua:
2875 3413 3053 3469 valuit
3074 3431 3363 3471 vomerem
3390 3416 3533 3490 legis
3559 3422 3755 3477 traxit.

2060 3502 2171 3558 Sed
2198 3503 2344 3557 beati
2365 3503 2473 3558 Job
2499 3502 2614 3556 vita
2635 3506 2945 3557 attestante
2975 3506 3405 3575 cognoscimus,
3442 3513 3505 3563 ut
3553 3526 3761 3582 exspe-

2060 3597 2249 3647 ctasse
2274 3592 2675 3663 Redemptoris
2696 3593 3006 3646 adventum
3036 3594 3255 3649 multos
3279 3597 3453 3651 etiam
3482 3614 3547 3651 ex
3570 3602 3761 3668 genti-

2060 3682 2169 3736 bus
2190 3682 2517 3735 credamus.
2545 3681 2611 3734 Et
2635 3686 2907 3735 nascente
2949 3680 3215 3751 Domino,
3239 3685 3502 3742 Simeone
3528 3688 3585 3742 in
3640 3689 3761 3761 spi-

2060 3772 2174 3826 ritu
2196 3772 2253 3826 in
2276 3771 2555 3841 templum
2579 3770 2866 3835 veniente,
2887 3770 3205 3827 didicimus
3227 3780 3444 3843 quanto
3476 3778 3758 3835 desiderio

2059 3876 2126 3916 ex
2142 3860 2303 3931 plebe
2321 3859 2632 3915 Israelitica
2650 3860 2834 3914 sancti
2848 3860 2951 3914 viri
2968 3861 3387 3919 incarnationis
3400 3866 3528 3935 ejus
3544 3878 3760 3939 myste-

2060 3952 2210 4004 rium
2236 3951 2429 4003 videre
2452 3948 2963 4019 cupierunt.Unde
2998 3953 3053 4003 et
3078 3966 3176 4019 per
3207 3954 3478 4008 eumdem
3514 3956 3762 4014 Redem-

2060 4046 2287 4112 ptorem
2311 4039 2610 4110 discipulis
2651 4040 2861 4094 dicitur
2895 4057 2906 4093 :
2952 4041 3129 4106 Multi,
3172 4042 3295 4098 dico
3335 4045 3682 4115 vobis,justi
3707 4058 3758 4104 et

2056 4132 2342 4202 prophetae
2372 4128 2820 4184 desideraverunt
2852 4129 3033 4186 videre
3054 4145 3179 4201 quae
3208 4131 3421 4199 videtis,
3453 4142 3506 4189 et
3536 4152 3643 4191 non
3676 4140 3764 4192 vi-

2060 4222 2259 4275 derunt
2291 4221 2441 4289 (Luc.
2464 4220 2655 4289 x,2li).
2692 4219 2834 4289 [γει.
2882 4219 2993 4289 1V].
3025 4220 3214 4276 Herba
3260 4237 3395 4292 ergo
3447 4225 3673 4295 onagri,
3706 4231 3763 4282 et

2059 4312 2252 4366 fenum
2283 4310 2444 4364 bovis
2475 4314 2561 4365 est
2590 4309 2711 4364 haec
2742 4309 2873 4380 ipsa
2903 4310 3237 4366 Mediatoris
3278 4311 3623 4381 incarnatio,
3659 4333 3761 4387 per

2061 4416 2236 4471 quam
2268 4398 2442 4454 simul
2476 4398 2770 4470 gentilitas
2802 4402 2859 4453 et
2887 4398 3087 4454 Judaza
3118 4400 3381 4457 satiatur.
3418 4404 3562 4469 Quia
3600 4408 3759 4462 enim

1981 4495 2030 4564 ι)
2065 4506 2163 4559 per
2195 4488 2533 4559 prophetam
2563 4486 2778 4542 dicitur
2810 4504 2821 4541 :
2860 4488 3047 4543 Omnis
3090 4505 3216 4545 caro
3259 4490 3457 4562 fenum
3506 4495 3636 4564 (Isa.
3670 4514 3761 4564 xL,

2060 4579 2138 4650 6),
2175 4576 2569 4633 universitatis
2592 4576 2877 4644 conditor,
2910 4594 2978 4633 ex
3018 4583 3217 4634 nostra
3266 4580 3602 4639 substantia
3632 4602 3764 4641 car-

2060 4686 2193 4725 nem
2227 4684 2487 4733 sumens,
2515 4669 2710 4722 fenum
2745 4668 2862 4723 fieri
2896 4668 3101 4735 voluit,
3138 4686 3208 4724 ne
3243 4679 3437 4727 nostra
3473 4675 3530 4728 in
3566 4690 3767 4747 perpe-

2060 4768 2225 4814 tuum
2278 4775 2409 4813 caro
2472 4758 2665 4812 fenum
2727 4764 3068 4813 remaneret.
3116 4760 3281 4815 Tunc
3329 4778 3461 4831 ergo
3520 4762 3761 4819 herbam

2059 4864 2275 4919 onager
2300 4846 2534 4913 invenit,
2567 4862 2699 4900 cum
2734 4848 2967 4916 gentilis
3002 4848 3253 4919 populus
3277 4849 3521 4920 gratiam
3555 4852 3761 4907 divinas

2062 4937 2477 4994 incarnationis
2506 4937 2926 5007 accepit.Tunc
2954 4938 3057 4992 bos
3088 4953 3333 4992 vacuum
3368 4955 3621 5011 praesepe
3646 4958 3761 4999 non

2064 5028 2284 5093 habuit,
2319 5044 2450 5083 cum
2482 5027 2634 5098 plebi
2685 5026 2940 5081 Judaicas
2988 5026 3111 5095 ejus
3149 5041 3381 5081 carnem
3406 5031 3761 5097 exspectanti

2066 5210 2203 5282 quod
2232 5209 2510 5282 peccatum
2540 5220 2649 5282 esse
2688 5207 3105 5282 con/essusJest,
3156 5202 3403 5282 deinceps
3452 5205 3603 5282 debet
3659 5212 3763 5265 ad.

2062 5272 2303 5348 mittere,
2336 5277 2770 5350 quiaconfessio
2784 5272 2999 5350 peccati
3043 5276 3304 5350 professio
3344 5272 3759 5350 estdesinentli.

2134 5354 2216 5423 (α)
2246 5345 2721 5423 [ιἰιίτθειίιυίιιιυε
2741 5346 2911 5423 hunc
2940 5348 3132 5423 locum
3158 5361 3226 5423 ex
3251 5345 3386 5401 Mss.
3414 5348 3757 5423 Compend.,

2062 5416 2395 5493 Vindooin.,
2428 5424 2649 5493 No_rm.,
2700 5421 2808 5472 etc.
2860 5418 3027 5493 Prius
3072 5416 3396 5486 legebatur,
3456 5416 3575 5476 nisi
3606 5416 3763 5493 plebs

2062 5496 2291 5555 Judaica
2347 5490 2715 5562 signiﬁcatur,
2774 5504 2893 5561 quae
2962 5489 3087 5560 iugo
3143 5506 3391 5560 supernae
3448 5489 3764 5553 damnatio-

2064 5569 2173 5635 nis,
2210 5573 2355 5623 etc.:
2390 5561 2689 5635 mendose,
2726 5565 2787 5635 ut
2834 5576 3042 5615 censeo
3069 5578 3085 5635 :_
3110 5562 3325 5635 erroris
3372 5566 3598 5621 occasio
3647 5568 3765 5623 for-

2066 5632 2218 5695 tasse
2277 5636 2385 5691 fuit
2442 5649 2567 5697 vox,
2599 5632 3010 5697 dominationis,
3044 5632 3125 5688 sio
3175 5633 3509 5690 abbreviata
3546 5638 3606 5693 in
3645 5644 3763 5696 vet.

2067 5712 2239 5778 Edit.,
2271 5707 2564 5775 dnationis,
2598 5719 2774 5783 quam
2804 5703 3069 5778 legerunt
3112 5705 3513 5763 damnationis.
