4134 6174
478 278 589 342 7³11

1729 257 2008 318 SANCTI
2054 257 2419 319 GREGORll
2467 256 2728 320 MAGNI

3815 280 3911 337 ’Πῖ

474 417 565 474 lex
595 410 877 483 exhibuit,
910 424 1082 481 quem
1116 404 1215 461 diu
1247 402 1322 473 (a)
1372 395 1733 470 exspectanti
1784 394 2173 467 prophetavit.
2208 412 2263 481 Α
2292 395 2633 468 verbalegis
2653 394 2945 471 intelligit,
2976 404 3282 472 angustata
3330 400 3622 463 desideriis
3656 408 3781 477 suis,
3806 428 3911 471 eum

474 507 639 564 Unde
656 509 711 561 et
732 506 907 557 natus
932 493 1289 554 Dominusin
1324 503 1579 561 prasepe
1618 484 1877 557 ponitur,
1910 488 1975 539 ut
2017 483 2175 539 vide-

475 596 609 653 licet
631 594 960 666 signaretur
984 585 1116 657 quia
1144 584 1347 638 sancta
1369 574 1669 666 animalia,
1685 573 2175 666 quajejunadiu

475 687 629 758 apud
662 664 848 751 legem
900 679 1138 733 inventa
1196 678 1351 735 sunt,
1385 665 1806 758 incarnationis
1861 665 1984 758 ejus
2013 664 2175 758 “feno

473 753 786 833 satiantur.
820 771 1083 837 Prasepe
1110 761 1265 818 enim
1298 762 1469 813 natus
1512 753 1795 827 implevit,
1830 754 1928 825 qui
1977 753 2175 808 cibum

475 864 861 933 semetipsum
892 853 1185 911 mentibus
1235 846 1579 904 mortalium
1626 843 1890 916 prabuit,
1924 842 2125 897 dicens
2160 858 2173 899 :

475 956 579 1024 Qui
607 950 837 1009 comedit
865 960 1081 1002 carnem
1115 956 1323 1008 meam,
1356 942 1409 992 et
1442 938 1581 992 bibit
1613 936 1938 1004 sanguinem
1967 948 2176 1024 meum,

470 1022 532 1100 in
555 1060 641 1098 me
665 1041 874 1103 manet,
916 1038 964 1091 et
1022 1047 1115 1104 ego
1174 1032 1234 1084 in
1289 1044 1348 1083 eo
1397 1028 1582 1095 (Joan.
1618 1041 1694 1093 v1,
1726 1024 1838 1094 57).
1872 1023 1982 1078 Sed
2038 1022 2177 1094 quia

473 1136 573 1191 diu
602 1138 659 1189 et
686 1131 1000 1187 electorum
1050 1120 1346 1195 gentilium
1388 1125 1517 1172 vota
1573 1114 1753 1170 dilata
1805 1117 1964 1179 sunt,
1997 1116 2053 1168 et
2109 1128 2177 1168 ex

471 1221 752 1280 Hebraico
784 1214 995 1290 populo
1018 1210 1200 1267 sancti
1227 1208 1444 1280 quique
1467 1206 1632 1277 longo
1656 1208 1913 1274 tempore
1950 1202 2175 1257 redem-

474 1314 733 1388 ptionem
767 1321 935 1364 suam
965 1298 1352 1373 exspectando
1385 1301 1749 1369 gemuerunt,
1798 1293 2005 1348 beatus
2046 1292 2176 1357 Job,

475 1406 623 1461 bene
655 1395 968 1474 prophetia
1012 1390 1287 1461 mysteria
1331 1402 1631 1454 enarrans,
1665 1388 1721 1440 et
1770 1390 2014 1454 utraque
2064 1398 2177 1474 ιλιι-ἶ

472 1494 633 1551 tione
656 1471 887 1545 ‘causas
937 1480 1271 1538 afﬂictionis
1320 1477 1604 1543 insinuat,
1637 1474 1839 1528 dicens
1868 1490 1887 1526 :
1918 1471 2180 1545 Nunquid

475 1584 659 1653 rugiet
687 1591 893 1647 onager
922 1588 1046 1628 cum
1087 1568 1339 1624 habuerit
1389 1565 1611 1620 herbam
1633 1565 1661 1615 ?
1690 1566 1788 1653 aut
1834 1562 2047 1653 mugiet
2091 1561 2180 1615 bos

473 1650 595 1729 curn
632 1677 757 1724 ante
779 1663 1045 1734 praseipe
1074 1661 1300 1731 plenum
1328 1654 1583 1711 steterit?
1603 1653 1686 1707 Ac
1710 1652 1757 1706 si
1776 1655 1970 1721 aperte
1993 1650 2180 1706 dicat:

479 1759 694 1818 Idcirco
727 1752 1025 1827 gentilitas
1055 1746 1254 1819 gemit,
1286 1745 1425 1815 quia
1461 1759 1589 1798 eam
1627 1741 1879 1796 necdum
1928 1739 2174 1794 Redem-

474 1848 657 1923 ptoris
684 1844 775 1901 sui
808 1840 994 1915 gratia
1027 1837 1241 1902 reﬁcit;
1276 1841 1449 1905 atque
1498 1833 1652 1923 ideo
1676 1830 1874 1885 Judaa
1924 1828 2177 1898 mugitus

472 1920 699 2002 dilatat,
736 1933 897 2005 quia,
930 1931 1111 1997 legem
1144 1931 1373 1990 tenens,
1397 1923 1497 1977 sed
1544 1920 1687 1989 legis
1730 1925 2025 1975 auctorem
2059 1933 2177 1973 non

477 2030 703 2091 videns,
737 2028 900 2079 stans
931 2025 1064 2075 ante
1107 2030 1363 2087 prasepe
1404 2014 1656 2083 jejunat.
1710 2012 1844 2077 Qua
1898 2008 2176 2064 nimirum

474 2120 586 2188 lex,
646 2116 787 2189 quia
833 2116 965 2168 ante
1024 2105 1356 2163 Mediatoris
1415 2102 1744 2159 advendum
1805 2115 2175 2189 nequaquam

476 2188 840 2281 spiritaliter,
872 2201 972 2257 sed
1001 2196 1310 2254 carnaliter
1357 2194 1685 2258 tenebatur,
1719 2195 1872 2246 recte
1919 2188 2176 2260 subjun-

476 2298 629 2370 gitur
662 2311 675 2350 :

976 2375 1207 2434 CAPUT
1244 2374 1376 2429 VIII
1416 2373 1562 2444 meo.
1600 2371 1677 2442 η.

544 2476 721 2531 Vuae.
747 2474 803 2527 6.
827 2501 894 2511 —
916 2470 1022 2525 Aut
1051 2468 1246 2539 poterit
1281 2463 1487 2519 comedi
1544 2462 1838 2527 insulsum,
1872 2458 2017 2531 quod
2067 2473 2178 2514 non

476 2570 552 2623 est
582 2564 695 2621 sale
723 2559 1043 2618 conditum?

546 2657 598 2709 8.
635 2657 746 2709 Lex
773 2647 1089 2705 carnaliter
1119 2644 1392 2699 intellecta
1446 2642 1680 2705 insulsa,
1712 2658 1744 2695 a
1798 2639 2010 2695 Christo
2066 2638 2180 2693 sale

474 2744 715 2802 condita.
750 2772 817 2781 —
852 2740 912 2795 In
947 2738 1071 2809 lege
1102 2733 1185 2789 sal
1217 2734 1417 2789 littera
1450 2737 1537 2787 est
1558 2731 1740 2785 virtus
1783 2728 2177 2801 intelligentia

479 2836 736 2891 occulta.
754 2828 1031 2899 Quisquis
1049 2842 1208 2896 ergo,
1227 2822 1516 2892 obsequiis
1534 2820 1863 2876 carnalibus
1894 2819 2178 2887 intentus,

480 2924 634 2980 hanc
665 2919 988 2990 intelligere
1019 2913 1356 2986 spiritaliter
1396 2910 1604 2977 noluit,
1638 2908 1781 2980 quid
1812 2908 1969 2962 aliud
2003 2922 2179 2978 quam

483 3011 775 3068 insulsum
808 3008 1003 3062 cibum
1039 3001 1334 3059 comedit?
1362 2999 1473 3054 Sed
1505 3000 1611 3053 hoc
1660 2998 1716 3052 in
1751 2998 1903 3053 216
1932 2997 2059 3052 cibo
2092 2995 2180 3051 sal

484 3099 713 3170 cognita
740 3096 969 3151 Veritas
1003 3091 1179 3157 misit,
1214 3105 1346 3143 cum
1400 3089 1575 3143 latere
1630 3087 1685 3140 in
1736 3085 1861 3157 lege
1910 3100 2179 3156 saporem

488 3188 729 3246 occulta
787 3179 1181 3253 intelligentia
1241 3178 1439 3234 docuit
1495 3178 1744 3233 dicens:
1787 3176 1845 3230 Si
1890 3175 2183 3230 crederetis

482 3279 674 3350 Moysi,
707 3273 1002 3331 crederetis
1030 3272 1265 3341 forsitan
1321 3274 1371 3323 et
1431 3267 1594 3333 mihi,
1626 3266 1700 3320 de
1758 3281 1843 3318 me
1891 3266 2041 3320 enim
2089 3265 2185 3319 ille

479 3370 701 3439 scripsit
730 3367 907 3439 (Joan.
938 3380 994 3428 v,
1020 3362 1130 3431 46).
1166 3360 1235 3413 Et
1272 3374 1502 3413 rursum
1542 3374 1553 3410 :
1586 3355 1786 3411 Habete
1816 3355 1898 3409 sal
1929 3358 1987 3409 in
2012 3356 2182 3423 vobis,

483 3468 533 3516 et
563 3436 749 3530 pacem
806 3436 998 3509 habete
1056 3452 1192 3505 inter
1247 3464 1336 3502 vos
1394 3447 1579 3517 (Marc.
1610 3462 1665 3513 v,
1708 3444 1818 3516 49).
1880 3444 1987 3499 Sed
2046 3443 2184 3515 quia

481 3553 616 3606 ante
638 3543 972 3603 Mediatoris
993 3541 1308 3595 adventum
1331 3536 1525 3592 Judaa
1557 3535 1743 3606 legem
1768 3531 2078 3589 carnaliter
2101 3537 2182 3587 te-

482 3640 631 3706 nuit,
658 3633 961 3708 praceptis
984 3632 1111 3701 ejus
1133 3627 1642 3699 durajubentibus
1664 3623 1955 3696 gentilitas
2008 3620 2183 3678 subdi

482 3728 790 3785 recusavit.
827 3721 1123 3778 lnsulsum
1157 3733 1294 3788 ergo
1353 3718 1549 3772 cibum
1609 3715 1914 3770 comedere
1971 3712 2177 3777 noluit,

479 3818 617 3891 quia
644 3815 798 3887 prius
829 3828 1005 3884 quam
1065 3808 1312 3879 Spiritus
1364 3806 1806 3861 condimentum
1866 3802 2184 3873 perciperet

487 3922 717 3966 servare
739 3905 854 3960 vim
885 3903 1086 3957 littera
1110 3898 1358 3970 expavit.
1394 3897 1532 3962 Quis
1577 3911 1831 3966 namque
1874 3891 2178 3965 gentilium

480 4000 587 4056 hoc
621 3996 775 4070 quod
800 3992 917 4048 illic
942 3990 1275 4063 pracipitur
1298 3989 1493 4056 ferret,
1526 3986 1780 4041 ﬁliorum
1814 4000 2043 4039 carnem
2078 3998 2180 4053 pro

480 4085 760 4157 obsequio
792 4079 1088 4150 religionis
1120 4078 1394 4142 incidere,
1428 4076 1733 4131 verborum
1765 4074 1968 4145 culpas
2000 4074 2181 4128 morte

478 4173 787 4235 resecare?
820 4171 983 4227 Unde
1013 4173 1070 4225 et
1102 4170 1246 4224 bene
1278 4166 1468 4221 adhuc
1500 4165 1770 4220 subditur
1804 4180 1815 4218 :

1140 4255 1374 4312 CAPUT
1416 4256 1512 4309 IX.

549 4356 693 4409 Isin.
712 4384 779 4393 —
802 4353 905 4406 Aut
928 4356 1148 4421 gustare
1177 4348 1380 4417 aliquis
1408 4347 1577 4415 potest
1608 4343 1751 4415 quod
1780 4349 2063 4412 gustatum
2085 4347 2174 4416 af-

475 4446 585 4513 fert
616 4442 885 4495 mortem!

546 4535 603 4588 9.
629 4536 742 4586 Lex
769 4527 1078 4584 carnaliter
1107 4526 1418 4598 degustato,
1450 4526 1609 4595 prius
1628 4534 1747 4579 erat
1778 4524 2089 4592 morti/era.
2109 4556 2178 4566 -—-

477 4625 588 4680 Lex
610 4634 859 4689 namque
879 4615 1188 4672 carnaliter
1209 4616 1511 4684 degustata
1531 4618 1773 4669 mortem
1792 4614 2017 4679 detulit,
2039 4616 2179 4685 quia

476 4711 791 4769 commissa
832 4704 1299 4776 delinquentium
1350 4703 1494 4758 dura
1541 4702 2046 4759 animadversione
2095 4703 2177 4759 di-

476 4800 710 4861 strinxit
730 4826 744 4869 ;
764 4801 1012 4853 mortem
1033 4793 1261 4862 detulit,
1286 4793 1423 4865 quia
1442 4797 1497 4847 et
1520 4809 1621 4865 per
1644 4797 1995 4864 praceptum
2046 4793 2179 4849 ραι-

476 4909 609 4965 pam
634 4886 912 4952 innotuit,
936 4890 992 4941 et
1014 4884 1165 4940 hanc
1191 4898 1291 4953 per
1311 4881 1557 4954 gratiam
1584 4898 1698 4936 non
1724 4882 1956 4948 delevit,
1998 4881 2175 4939 Paulo

470 4981 804 5045 attestante,
828 4973 928 5046 qui
957 4972 1039 5028 ait
1071 4989 1082 5026 :
1116 4969 1269 5026 Nihil
1309 4968 1380 5024 ad
1407 4969 1710 5039 perfectum
1765 4968 2027 5039 perduxit
2086 4969 2178 5026 lea:

474 5072 635 5143 (Heb.
679 5085 777 5137 vn,
836 5066 947 5134 19).
994 5063 1065 5118 Et
1124 5076 1356 5117 rursum
1392 5076 1403 5114 :
1436 5062 1549 5115 Lex
1605 5058 1823 5131 quidem
1881 5067 2091 5127 sancta,
2125 5065 2177 5115 et

473 5162 797 5216 mandatum
832 5160 1082 5211 sanctum
1110 5156 1158 5208 et
1180 5152 1395 5223 justum
1417 5154 1466 5205 et
1490 5150 1706 5206 bonum.
1732 5148 1799 5203 Et
1822 5148 1995 5220 paulo
2019 5154 2173 5219 post:

478 5252 784 5315 Peccatum,
843 5253 901 5301 ut
960 5250 1228 5316 appareat
1278 5251 1579 5314 peccatum,
1625 5256 1721 5310 per
1781 5240 1978 5295 bonum
2036 5240 2178 5296 mihi

477 5348 759 5407 operatum
786 5344 867 5390 est
898 5340 1126 5390 mortem
1158 5336 1330 5404 (Rom.
1364 5342 1461 5399 vti,
1496 5332 1586 5398 12,
1629 5331 1739 5401 13).
1774 5330 1858 5384 Ad
1883 5329 2178 5388 Christum

474 5440 610 5482 vero
643 5440 919 5479 conversa
962 5422 1277 5494 gentilitas,
1311 5422 1449 5495 quia
1510 5421 1669 5476 hunc
1700 5420 1775 5491 (b)
1806 5435 2015 5475 sonare
2073 5434 2177 5492 per

546 5606 621 5674 (a)
663 5598 891 5674 Excusi,
922 5604 1319 5674 egspeclatum,
1363 5600 1749 5674 renitentibus
1766 5604 1902 5656 Mss.

546 5669 615 5743 (ὁ)
648 5676 735 5727 Ita
768 5669 1135 5745 MsssCorb”
1176 5671 1629 5745 Germ.,_C_o_lb.,
1658 5673 1900 5745 _Germ.,
1931 5674 2173 5745 Turon.,

477 5738 743 5807 Vindoc.,
778 5738 1047 5806 Floriac.,
1081 5738 1280 5795 Norm.
1318 5746 1386 5796 At
1415 5741 1588 5810 Editi,
1619 5741 1854 5812 signari.

2209 1788 2256 1852 Β

2211 4446 2257 4512 D

2285 498 2459 554 quem
2505 484 2880 542 vehementer
2935 486 3125 558 diligit
3188 488 3341 546 inter
3395 500 3664 565 pracepta
3707 501 3914 557 carnalia

2285 574 2623 643 spiritaliter
2680 575 2943 647 requirit.
3003 578 3142 647 [Vet.
3210 579 3262 646 V,
3325 581 3442 638 Rec.
3506 583 3603 654 VL]
3677 584 3816 644 Unde
3873 595 3915 647 et

2284 679 2352 719 ex
2382 680 2518 721 voce
2548 681 2680 722 mox
2710 665 2973 723 Ecclesia
3005 684 3106 739 per
3149 669 3461 741 prophetia
3514 673 3765 744 spiritum
3808 681 3916 736 sub-

2286 754 2442 809 ditur
2470 770 2484 810 :

2972 846 3202 904 CAPUT
3240 849 3305 905 X.

2357 933 2529 989 Vaas.
2559 936 2611 993 7.
2638 967 2705 975 —
2738 937 2873 1004 Quae
2898 938 3049 1007 prius
3080 944 3312 1010 tangere
3344 942 3557 997 nolebat
3599 946 3771 1001 anima
3807 965 3916 1023 mea,

2284 1040 2451 1094 nunc,
2484 1039 2601 1096 prae
2631 1026 2913 1097 angustia,
2944 1027 3055 1083 cibi
3086 1030 3193 1083 mei
3220 1038 3368 1086 sunt.

2358 1116 2443 1170 10.
2479 1116 2646 1171 Verba
2671 1118 2773 1174 Job
2803 1118 3060 1188 spiritali
3090 1121 3373 1177 intellectu
3394 1139 3508 1178 esse
3520 1128 3753 1192 gravida.
3775 1127 3921 1187 Gentes

2285 1205 2421 1273 legis
2451 1205 2632 1261 cibum
2660 1209 2999 1279 quasiturae,
3030 1214 3081 1265 et
3136 1210 3310 1266 Judaei
3346 1215 3593 1283 gentium
3662 1219 3921 1275 societatem

2284 1309 2395 1348 non
2433 1294 2817 1366 dedignatum:
2861 1298 3265 1368 praedicuntur.
3305 1330 3369 1342 —
3401 1301 3579 1358 Valde
3634 1321 3848 1378 namque
3873 1309 3918 1364 in

2287 1399 2543 1441 errorem
2577 1386 2793 1441 labitur
2815 1388 2911 1458 qui
2947 1388 3102 1445 beati
3125 1390 3235 1447 Joh
3258 1392 3434 1447 verba
3460 1394 3529 1449 ad
3549 1394 3722 1451 solam
3745 1397 3923 1468 prolata

2287 1474 2595 1530 historiam
2628 1476 2981 1547 suspicatur.
3014 1478 3117 1532 Vir
3146 1480 3305 1536 enim
3328 1487 3660 1551 sanctus,et
3682 1488 3925 1543 totcondi-

2288 1563 2430 1619 toris
2460 1565 2549 1620 sui
2579 1568 2882 1637 praconiis
2914 1567 3115 1639 fultus,
3150 1570 3288 1643 quid
3331 1588 3628 1645 magnum,
3653 1576 3733 1633 vel
3774 1578 3923 1649 potius

2290 1654 2431 1725 quid
2463 1670 2656 1710 verum
2689 1656 2925 1727 diceret,
2961 1659 3013 1714 si
3041 1658 3334 1717 insulsum
3365 1662 3561 1718 cibum
3592 1666 3790 1721 comedi
3838 1683 3922 1723 non

2291 1758 2462 1814 posse
2493 1743 2782 1801 dixisset?
2807 1748 2913 1801 Aut
2934 1747 3063 1817 quis
3085 1749 3212 1819 ejus
3244 1750 3371 1807 esui
3394 1753 3683 1810 mortifera
3700 1754 3923 1810 alimenta

2289 1832 2600 1900 obtulerat,
2656 1844 2719 1888 ut
2784 1836 3105 1909 subjungat
3139 1855 3151 1892 :
3185 1841 3286 1895 Aut
3317 1844 3493 1907 potest
3523 1843 3714 1915 aliquis
3748 1848 3924 1913 gustare

2288 1923 2429 1992 quod
2456 1932 2740 1993 gustatum
2768 1926 2927 1997 affert
2973 1938 3201 1983 mortem
3220 1936 3247 1983 Ρ
3266 1929 3403 1993 Qua
3434 1931 3484 1987 si
3540 1933 3610 1988 de
3662 1932 3922 1989 amicorum

2288 2013 2595 2086 colloquiis
2618 2016 2770 2071 dicta
2800 2017 3109 2083 sentimus,
3133 2019 3205 2074 ab
3228 2020 3531 2077 intellectu
3564 2022 3664 2080 hoc
3693 2023 3923 2079 sententis

2290 2103 2601 2173 subiuncta
2631 2108 3082 2177 compescimur,
3107 2124 3221 2181 qua
3251 2110 3331 2165 ait
3366 2126 3380 2165 :
3418 2113 3553 2181 Qua
3576 2117 3721 2185 prius
3746 2118 3923 2184 tangere

2289 2194 2507 2252 nolebat
2535 2196 2725 2251 anima
2748 2212 2890 2265 mea,
2922 2214 3093 2265 nunc,
3115 2215 3236 2269 pra
3265 2204 3553 2269 angustia,
3573 2202 3677 2258 cibi
3703 2205 3795 2258 mei
3808 2208 3919 2256 sunt.

2288 2283 2451 2339 Absit
2471 2285 2625 2340 enim
2650 2301 2721 2341 ne
2744 2286 2830 2341 vir
2859 2292 3121 2355 sanctus,
3146 2287 3206 2343 in
3231 2293 3427 2347 status
3448 2291 3540 2346 sui
3584 2291 3921 2348 incolumitate

2289 2376 2656 2443 constitutus,
2689 2377 3010 2432 amicorum
3043 2393 3273 2433 suorum
3309 2379 3626 2453 aliquando
3674 2382 3811 2437 dicta
3856 2381 3922 2435 de-

2290 2466 2558 2535 spexerit,
2594 2464 2712 2538 qui,
2747 2466 2902 2521 sicut
2934 2467 3058 2536 ipso
3085 2472 3407 2526 attestunte
3433 2475 3561 2541 post
3579 2471 3865 2538 didicimus,
3882 2473 3923 2524 et

2289 2554 2474 2610 servis
2504 2552 2743 2609 humilis
2774 2554 2901 2611 fuit.
2930 2554 3113 2612 Verba
3144 2572 3279 2629 ergo
3311 2558 3446 2629 ejus
3477 2576 3511 2616 a
3555 2560 3814 2632 mysteriis
3839 2575 3920 2614 non

2288 2648 2515 2710 vocant,
2535 2660 2682 2716 qua,
2706 2645 2855 2700 sicut
2876 2662 2944 2701 ex
2965 2646 3078 2702 ﬁne
3106 2645 3361 2703 historia
3390 2649 3686 2717 discimus,
3714 2655 3763 2706 et
3789 2649 3924 2703 inter-

2291 2751 2401 2790 nus
2433 2735 2647 2791 arbiter
2677 2736 2897 2792 laudat.
2922 2738 3056 2804 Qua
3078 2753 3458 2810 nequaquam
3478 2740 3646 2797 etiam
3667 2757 3783 2797 cum
3803 2740 3925 2795 tanta

2289 2826 2657 2881 veneratione
2691 2841 2872 2897 usque
2896 2828 2962 2881 ad
2997 2827 3197 2881 mundi
3224 2834 3490 2886 extrema
3519 2831 3866 2897 decurrerent,
3888 2827 3921 2881 si

2289 2914 2587 2971 intellectu
2619 2918 2862 2989 mystico
2885 2916 3128 2988 gravida
3160 2933 3274 2973 non
3311 2919 3589 2976 fuissent.

2365 3008 2448 3061 11.
2476 3006 2886 3080 Beatusigitur
2905 3007 3034 3076 Joh,
3055 3008 3192 3079 quia
3241 3011 3578 3066 membrum
3633 3014 3819 3067 sancta
3861 3008 3927 3063 est

2296 3096 2583 3163 Ecclesia,
2606 3098 2735 3165 ejus
2764 3098 2939 3152 etiam
2972 3096 3247 3168 loquatur
3276 3113 3343 3154 ex
3395 3116 3553 3170 voce,
3584 3100 3763 3156 dicens
3790 3116 3800 3155 :
3828 3098 3926 3167 Quae

2295 3185 2450 3257 prius
2480 3195 2705 3255 tangere
2734 3186 2946 3243 nolebat
2976 3186 3169 3242 anima
3200 3203 3341 3255 mea,
3384 3207 3531 3245 nunc
3558 3206 3664 3261 prae
3698 3185 3921 3256 angustia,

2290 3278 2398 3331 cibi
2426 3278 2537 3332 mei
2564 3282 2716 3345 sunt,
2741 3278 2877 3348 quia
2906 3276 3185 3332 nimirum
3206 3279 3431 3335 amoris
3454 3279 3545 3335 sui
3566 3279 3782 3335 astibus
3797 3275 3925 3333 anxis

2291 3364 2483 3419 cibum
2514 3365 2827 3434 Scriptura
2856 3365 3070 3421 veteris
3118 3380 3403 3423 conversa
3452 3367 3728 3439 gentilitas
3768 3364 3921 3423 esurit.

2291 3470 2465 3526 quem
2490 3453 2709 3510 dudum
2734 3455 2988 3526 superba
3016 3455 3293 3527 despexit.
3319 3458 3462 3523 Qua
3484 3461 3671 3513 tamen
3698 3453 3921 3513 etludea

2293 3542 2529 3599 vocibus
2559 3548 2913 3615 congruunt,
2945 3543 2993 3599 si
3024 3543 3196 3617 paulo
3229 3548 3651 3603 consideratius
3692 3546 3921 3601 disseran-

2294 3638 2403 3688 tur.
2440 3634 2572 3705 Ipsa
2602 3635 2819 3706 quippe
2848 3650 2916 3689 ex
2954 3635 3281 3691 eruditione
3337 3635 3511 3709 legis,
3542 3652 3609 3692 ex
3659 3636 3807 3691 unius
3854 3628 3923 3685 Dei

2292 3723 2621 3794 cognitione
2681 3723 2765 3780 sal
2812 3724 3038 3793 habuit,
3072 3727 3147 3795 (ο)
3174 3733 3422 3784 cunctas
3466 3732 3658 3799 gentes
3700 3729 3917 3793 tanquam

2292 3812 2571 3868 animalia
2594 3813 2758 3868 bruta
2788 3813 3070 3884 despexit.
3104 3813 3209 3869 Sed
3243 3814 3389 3886 quia
3428 3817 3740 3873 societatem
3780 3807 3919 3883 genti-

2289 3902 2435 3957 lium
2468 3902 2542 3959 ad
2572 3903 2773 3961 semeti
2786 3920 2949 3974 psam
2970 3906 3226 3976 recipere
3248 3907 3558 3979 praceptis
3580 3905 3713 3977 legis
3746 3898 3919 3958 erudite

2293 3988 2844 4057 contempseratﬂl
2860 3989 2898 4041 7
2918 3989 3054 4058 quid
3075 3988 3231 4044 aliud
3265 4006 3441 4061 quam
3474 3989 3745 4046 insulsum
3772 3985 3917 4041 cibum

2289 4091 2523 4132 sumere
2566 4075 2940 4133 fastidiebat”?
2975 4078 3173 4133 Divina
3203 4078 3422 4150 quippe
3451 4077 3740 4145 sententia,
3769 4086 3920 4146 propo-

2290 4163 2401 4220 sita
2434 4170 2642 4233 morte,
2676 4170 2939 4221 vetuerat
2972 4182 3041 4221 ne
3072 4166 3236 4238 plebs
3285 4168 3607 4223 Israelitica
3634 4164 3796 4220 fades
3820 4172 3917 4213 cum

2290 4253 3003 4326 alienigenisjungeret,et
3024 4256 3199 4311 vitam
3224 4264 3441 4314 sancta
3478 4252 3753 4327 religionis
3773 4245 3919 4317 inqni-

2290 4348 2453 4398 naret
2484 4343 2677 4415 (Exod.
2712 4361 2871 4411 χχιιι,
2896 4345 3010 4416 32).
3046 4343 3205 4401 Unde
3225 4349 3281 4401 et
3304 4345 3578 4402 subditur
3603 4361 3613 4398 :
3634 4344 3731 4399 Aut
3746 4345 3921 4408 gustare

2291 4433 2488 4504 aliquis
2515 4436 2689 4504 potest
2718 4434 2856 4505 quod
2885 4438 3164 4503 gustatum
3189 4435 3361 4507 aﬂert
3403 4444 3625 4490 mortem
3645 4439 3668 4486 ?
3695 4428 3791 4487 Sed
3816 4421 3920 4496 quia

2288 4522 2360 4577 ad
2375 4522 2778 4590 Redemptoris
2798 4522 2970 4578 fidem
2994 4522 3115 4578 hac
3134 4522 3339 4580 eadem
3356 4524 3387 4579 J
3399 4525 3559 4579 udas
3576 4538 3641 4579 ex
3660 4519 3917 4576 electorum

2288 4616 2447 4681 parte
2466 4626 2738 4666 conversa
2753 4616 2865 4679 est,
2886 4611 3073 4667 lucem
3094 4629 3269 4678 quam
3293 4616 3638 4684 cognoverat
3666 4603 3917 4681 praedicare

2288 4718 2386 4770 per
2406 4705 2636 4757 sanctos
2654 4700 2949 4773 apostolos
2971 4718 3091 4757 sua
3110 4701 3291 4772 prolis
3312 4690 3915 4765 inﬁdelibussatagebal.

2288 4790 2424 4861 Ejus
2448 4796 2637 4846 autem
2665 4790 3094 4861 pradicationis
3114 4791 3464 4863 obsequium
3492 4790 3822 4845 Hebraorum
3847 4791 3916 4833 stl-

2288 4881 2486 4953 perhia
2517 4879 2749 4951 repulit.
2782 4881 2944 4936 Unde
2975 4897 3107 4937 mox
3150 4882 3223 4937 ad
3273 4880 3662 4938 collectionem
3707 4868 3913 4946 gentium

2286 4970 2697 5028 exhortationis
2756 4987 2871 5026 sua
2928 4972 3102 5027 verba
3156 4970 3489 5038 declinavit,
3548 4969 3692 5023 sicut
3748 4965 3797 5017 et
3842 4967 3913 5025 per

2285 5063 2517 5118 eosdem
2542 5062 2835 5133 apostolos
2866 5061 3081 5117 dicitur
3115 5078 3128 5116 :
3167 5061 3328 5117 Vobis
3358 5058 3632 5132 oportebat
3642 5044 3914 5128 primumii)-

2286 5153 2387 5223 qui
2416 5151 2635 5207 verbum
2666 5152 2785 5207 Dei:
2816 5151 2910 5206 sed
2927 5154 3181 5224 quoniam
3195 5138 3913 5225 repulistisillud,etindit?’m

2286 5257 2373 5296 vos
2395 5241 2687 5312 judicastis
2719 5249 2940 5298 aeterna
2972 5244 3124 5305 vita,
3156 5257 3272 5298 ecce
3298 5240 3658 5297 convertimur
3682 5231 3745 5287 ad
3767 5230 3909 5319 geniti

2285 5332 2421 5401 (Act.
2451 5347 2573 5399 xm,
2605 5331 2713 5401 £6).
2750 5329 2909 5386 Unde
2941 5330 3049 5386 hoc
3080 5345 3306 5402 quoque
3342 5328 3467 5385 loco
3498 5329 3621 5397 apte
3658 5318 3909 5389 subjuntl‘

2287 5424 2417 5475 tur:
2452 5420 2586 5487 Quae
2618 5421 2775 5491 prius
2832 5423 3059 5492 tangere
3112 5419 3337 5477 nolebat
3382 5418 3569 5473 anima
3622 5411 3907 5476 meanunc,

2357 5600 2421 5668 (cl
2444 5597 2750 5663 Bellovac.,
2771 5598 2991 5654 Gemet.
3012 5606 3062 5653 et
3078 5596 3363 5665 nonnulli,
3378 5590 3905 5668 etcunctasgentesscf

2283 5660 2449 5726 aliter
2473 5686 2637 5741 quam
2675 5660 2973 5741 animalia.
3025 5670 3296 5741 Corb.,et
3351 5660 3569 5723 cunctas
3618 5661 3778 5732 gest“
3823 5660 3904 5703 tm

2283 5741 2440 5800 aliud
2468 5740 2635 5814 quam
2662 5740 2955 5800 animalia.
