4134 6174
222 255 331 318 773

1126 255 1539 319 MORALIUM
1586 258 1739 318 LIB.
1786 255 1915 317 VII.
1965 290 2038 301 —
2084 259 2161 318 ΙΝ
2208 258 2378 321 CAP.
2428 259 2505 320 VI
2552 262 2619 322 B.
2666 262 2827 324 JOB.

3627 279 3741 339 774

216 406 331 450 ora
358 392 639 461 angustia,
661 389 773 446 cibi
798 390 903 447 mei
922 393 1071 447 sunt.
1093 389 1292 446 ludas
1315 390 1551 462 quippe,
1574 390 1753 447 vitam
1784 407 1922 464 gen-
1956 392 2009 462 Α
2040 394 2147 450 mit
2166 394 2193 450 ?
2218 396 2406 452 Herba
2435 412 2567 453 vero
2597 400 2797 472 onagri
2816 403 2872 456 et
2904 402 3180 473 pabulum
3212 406 3375 465 bovis
3395 414 3483 467 est
3513 411 3743 473 interna

218 482 411 538 tilium
443 481 776 552 dedignata,
811 496 935 535 eam
982 480 1207 534 dudum
1240 480 1410 550 quasi
1446 486 1687 554 tangere
1717 481 1927 551 noluit,

219 574 391 645 cujus
427 573 759 628 societatem
793 570 1047 642 recipere
1067 571 1316 641 sprevit;
1344 571 1443 625 sed
1475 572 1543 627 ad
1581 572 1931 641 Redempto-

222 666 301 721 ris
331 662 581 736 gratiam
607 663 866 731 veniens,
892 662 960 716 ab
992 661 1271 717 Israelitis
1310 660 1645 718 infidelibus
1676 661 1929 735 repulsa,

218 757 356 811 dum
389 770 492 826 per
538 761 773 809 sanctos
806 750 1100 824 apostolos
1130 752 1200 805 ad
1254 750 1654 808 collectionem
1687 769 1749 808 se
1782 769 1927 825 gen-

215 846 363 901 tium
382 843 793 914 dilatat,quasi
818 842 926 897 hoc
942 844 1000 897 in
1019 842 1215 897 cibum
1236 841 1500 897 esuriens
1525 845 1755 915 accipit,
1771 845 1924 915 quod

215 936 528 1007 indignum
588 936 753 1005 prius
802 932 1110 989 fastidiosa
1160 932 1442 1003 despexit.
1498 934 1932 989 Praedicationis

220 1027 381 1082 enim
414 1040 537 1079 suae
567 1023 868 1094 angustias
892 1022 1149 1091 pertulit,
1186 1039 1313 1093 quae
1345 1026 1494 1093 apud
1530 1022 1796 1080 Hebraeos
1827 1023 1930 1079 de-

223 1116 373 1187 spici
408 1116 563 1186 quod
596 1113 951 1185 loquebatur
980 1113 1146 1169 vidit.
1179 1113 1290 1169 Sed
1324 1130 1438 1185 pret
1463 1116 1738 1187 angustia
1769 1116 1930 1171 cibos

222 1222 370 1277 quos
418 1204 641 1261 dudum
693 1208 1122 1275 contempserat
1170 1203 1447 1270 comedit,
1498 1220 1644 1275 quae,
1698 1204 1932 1276 repulsa

216 1296 556 1353 Judaorum
603 1294 841 1361 duritia,
874 1292 1123 1365 gentiles
1172 1293 1468 1364 suscipere
1501 1293 1743 1366 populos
1786 1311 1931 1366 quos

218 1385 567 1457 despexerat
634 1382 1015 1453 concupiscit.
1059 1382 1208 1446 Quia
1274 1383 1454 1454 igitur
1521 1382 1639 1438 haec
1706 1383 1933 1455 ﬁgura-

216 1474 359 1531 liter
423 1474 701 1541 diximus,
753 1475 934 1527 restet
993 1486 1147 1527 nunc
1202 1480 1259 1526 ut
1312 1470 1611 1527 moraliter
1667 1473 1935 1544 inquira-

222 1579 383 1620 mus.

292 1654 510 1709 Sensus
546 1666 813 1706 MORALIS.
864 1681 932 1690 —-
966 1650 1050 1704 12.
1091 1650 1192 1705 Vir
1233 1654 1493 1717 sanctus,
1529 1651 1933 1724 Redemptoris

2040 484 2271 541 refectio
2303 486 2500 558 populi
2530 488 2734 545 fidelis.
2759 491 2871 546 Alii
2903 510 3158 565 namque
3197 514 3357 555 more
3390 501 3551 559 bovis
3590 502 3744 563 intra
3800 484 3803 485 ν

2040 572 2357 629 Eoclesiam
2400 578 2656 647 suscepti
2703 579 2877 635 ofﬁcii
2911 581 3049 639 loris
3100 589 3407 657 tenentur;
3441 590 3541 645 alii
3583 609 3743 650 more

2039 663 2243 756 onagri
2298 665 2447 719 sacri
2486 666 2706 722 ordinis
2750 670 2977 726 stabula
3025 675 3315 743 nesciunt,
3343 682 3399 734 et
3440 679 3497 735 in
3540 698 3743 756 campo

2041 751 2291 822 propriae
2320 753 2637 811 voluntatis
2671 758 2910 829 degunt.
2939 761 3046 815 Sed
3074 778 3209 819 cum
3244 768 3375 837 quis
3406 783 3473 824 ex
3493 770 3609 826 vita
3639 751 3748 828 saa-

2042 841 2226 896 culari
2267 842 2507 899 internas
2554 846 2797 903 visionis
2838 849 3124 907 desiderio
3174 861 3398 924 aestuat,
3426 874 3559 914 cum
3595 863 3742 917 refe-

2042 930 2249 985 otionis
2273 931 2493 987 intimis
2516 934 2793 1004 pabulum
2827 941 3209 1013 concupiscit,
3234 960 3360 999 cum
3384 947 3657 1017 jejunum
3684 968 3745 1009 se

2042 1019 2101 1074 in
2125 1021 2607 1092 peregrinationis
2630 1023 2804 1095 hujus
2826 1029 3081 1084 caecitate
3104 1033 3501 1101 considerans,
3526 1041 3744 1108 quibus

2043 1108 2193 1162 valet
2236 1107 2465 1165 ﬂetibus
2512 1111 2715 1182 reficit,
2768 1116 2937 1185 quasi
2985 1117 3223 1174 herbam
3278 1138 3391 1177 non
3439 1107 3743 1184 inveniens

2042 1212 2259 1288 onager
2307 1200 2479 1270 rugit.
2529 1201 2697 1258 Alius
2765 1220 2999 1277 quoque
3050 1209 3455 1268 necessitatem
3520 1219 3747 1288 sucepti

2042 1286 2266 1343 ordinis
2313 1291 2536 1358 tolerat,
2572 1292 2630 1345 in
2671 1290 2865 1349 labore
2916 1297 3343 1365 praedicationis
3389 1286 3747 1375 exsudat,ﬁet

2041 1391 2140 1447 per
2184 1382 2455 1434 aeternam
2499 1380 2617 1451 iam
2669 1385 3215 1455 contemplationem
3267 1393 3423 1447 reﬁci
3486 1396 3746 1467 appetit;

2041 1467 2141 1521 sed
2166 1468 2301 1559 quia
2324 1468 2731 1541 Redemptoris
2754 1474 2841 1528 sui
2878 1477 3128 1547 speciem
3156 1481 3405 1537 necdum
3439 1486 3750 1559 conspicit,

2044 1557 2211 1625 quasi
2243 1558 2348 1613 bos
2396 1560 2467 1613 ad
2512 1577 2764 1632 praesepe
2811 1579 3057 1621 vacuum
3099 1566 3309 1638 ligatus
3348 1573 3552 1643 gemit.
3606 1557 3752 1641 Quia

2042 1646 2225 1712 enim,
2259 1646 2426 1719 longe
2457 1649 2527 1703 ab
2556 1650 2783 1707 interna
2827 1653 3116 1723 sapientia
3149 1659 3342 1727 positi,
3375 1665 3603 1718 aeterna
3633 1664 3751 1719 has-

213 1742 531 1799 adventum
563 1741 675 1796 sub
707 1744 932 1797 etatem
973 1738 1363 1811 appellatione
1393 1739 1752 1810 desiderans,
1787 1742 1925 1797 dum
1963 1770 2012 1836 B
2044 1734 2310 1836 reditatis
2331 1736 2692 1836 ‘viriditatem
2738 1757 2851 1796 non
2884 1744 3197 1812 cernimus,
3233 1746 3385 1803 velut
3416 1750 3585 1806 bruta
3620 1753 3749 1808 ani-

212 1834 293 1903 (a)
321 1847 385 1887 se
408 1828 815 1902 pereloquium
831 1829 1035 1900 aperit,
1053 1845 1157 1884 nos
1181 1830 1249 1884 ad
1266 1829 1492 1885 vivendi
1518 1829 1775 1885 studium
1801 1847 1935 1887 eru-

215 1923 337 1987 dit;
364 1922 505 1975 dum
526 1935 635 1975 sua
657 1926 871 1983 narrat,
894 1920 1161 1989 quaedam
1189 1924 1390 1973 nostra
1411 1920 1631 1975 indicat
1657 1939 1672 1987 ;
1698 1920 1837 1975 dum
1864 1921 1935 1975 de

218 2028 283 2069 se
318 2027 444 2082 qua
487 2024 977 2079 recognoscamue
1006 2008 1290 2079 insinuat,
1325 2025 1428 2064 nos
1466 2010 1533 2064 ad
1557 2025 1719 2081 spem
1752 2010 1935 2081 trepi-

220 2102 331 2157 dos
377 2098 760 2169 inﬁrmosque
808 2096 1134 2154 conﬁrmat.
1169 2097 1296 2152 Jam
1350 2098 1567 2169 quippe
1612 2114 1709 2169 per
1758 2098 1934 2154 ﬁdem

220 2189 564 2247 Mediatoris
593 2187 868 2256 vivimus,
892 2196 944 2243 et
975 2192 1167 2243 tamen
1201 2188 1390 2243 adhuc
1414 2205 1516 2259 pro
1548 2190 1625 2259 (b)
1653 2204 1937 2261 expurga-

224 2272 390 2335 tione
436 2277 711 2334 vitiorum
770 2278 921 2333 dura
968 2276 1494 2332 animadversionis
1559 2277 1777 2333 intimas
1828 2280 1936 2335 ﬂa-

222 2368 386 2442 gella
428 2368 814 2423 sustinemus.
850 2366 1013 2422 Unde
1062 2371 1275 2437 etpost
1305 2370 1534 2423 staterae
1584 2367 1934 2424 desiderium

220 2456 428 2516 subdit
453 2473 466 2513 :

895 2546 1128 2602 CAPUT
1168 2547 1268 2602 XI.

295 2635 477 2692 Vsas.
510 2636 563 2690 4.
596 2668 664 2676 -
696 2637 838 2705 Quia
888 2639 1104 2707 sagittae
1138 2636 1362 2691 Domini
1412 2639 1469 2692 in
1501 2652 1587 2692 me
1615 2641 1763 2704 sunt,
1795 2654 1941 2708 qua—

222 2742 358 2781 rum
392 2722 707 2793 indignatio
735 2724 909 2779 ebibit
936 2724 1199 2793 spiritum
1227 2739 1429 2780 meum.

306 2815 395 2870 13.
449 2816 585 2871 Boni
636 2813 883 2885 ﬂagellis
935 2829 999 2869 ac
1045 2813 1250 2885 judicii
1303 2822 1509 2869 terrore
1563 2815 1939 2884 conﬁguntur.

225 2908 475 2962 Praestat
496 2909 680 2960 tamen
711 2908 802 2972 agi
831 2920 1035 2960 amore.
1060 2936 1128 2943 —
1149 2904 1262 2959 Sed
1296 2920 1445 2968 ecce,
1474 2908 1537 2958 ut
1566 2905 1834 2975 superius
1859 2906 1941 2959 di-

223 3000 391 3050 ctum
427 2998 533 3060 est,
566 2999 622 3049 et
653 2994 861 3049 divinas
891 2994 1275 3064 correptionis
1307 2993 1678 3064 percussione
1700 2994 1942 3064 conﬁgi-

225 3101 391 3151 mur,
412 3088 470 3139 et
500 3089 696 3139 tamen
728 3084 915 3139 adhuc
946 3082 1089 3137 illud
1121 3085 1313 3154 gravis
1340 3089 1431 3139 est
1452 3084 1605 3153 quod
1626 3086 1698 3140 de
1732 3093 1943 3143 terrore

225 3174 463 3230 venturi
507 3174 728 3245 judicia
758 3190 825 3229 ex
873 3181 1085 3229 aeterna
1118 3173 1619 3230 animadversione
1658 3176 1939 3232 formida-

225 3280 384 3319 mus.
422 3264 585 3320 Unde
617 3263 882 3334 protinus
921 3263 1318 3319 subinfertur:
1352 3265 1415 3318 Et
1456 3275 1687 3322 terrores
1717 3268 1942 3323 Domini

222 3354 487 3409 militant
533 3358 724 3409 contra
762 3369 864 3409 me.
900 3354 1073 3409 Debet
1124 3358 1321 3409 tamen
1363 3372 1396 3409 a
1440 3360 1596 3411 metu
1648 3361 1705 3411 et
1743 3358 1942 3414 dolore

221 3442 467 3499 animus
514 3442 726 3509 excuti,
762 3446 817 3498 et
859 3442 931 3497 ad
982 3442 1105 3498 sola
1152 3448 1376 3499 aeternae
1411 3445 1608 3515 patriae
1654 3446 1942 3505 desideria

220 3534 669 3591 extendi.Tunc
687 3533 841 3590 enim
868 3533 1228 3590 nobilitatem
1256 3542 1461 3589 nostrae
1488 3536 1942 3605 regenerationis

222 3624 626 3688 ostendimus,
650 3623 699 3678 si
730 3639 863 3679 eum
888 3632 947 3677 ut
978 3627 1199 3694 patrem
1234 3622 1558 3694 diligimus,
1584 3640 1758 3695 quem
1788 3642 1943 3682 nunc

224 3712 432 3771 servili
464 3720 654 3768 mente
686 3718 752 3767 ut
781 3711 1082 3767 dominum
1127 3711 1526 3767 formidamus.
1566 3712 1726 3768 Unde
1757 3717 1813 3769 et
1845 3732 1944 3784 per

226 3800 484 3859 Paulum
530 3801 790 3857 dicitur:
842 3802 960 3856 Non
1006 3803 1289 3871 accepistis
1338 3803 1592 3871 spiritum
1659 3805 1943 3860 servitutis

225 3896 446 3948 iterum
492 3890 551 3945 in
598 3890 814 3957 timore,
863 3890 955 3945 sed
1002 3890 1290 3962 accepistis
1328 3894 1584 3961 spiritum
1632 3892 1944 3963 adoptionis

223 3983 503 4051 ﬁliorum,
552 3983 607 4035 in
660 3996 763 4051 quo
817 3980 1150 4047 clamamus,
1184 3980 1331 4034 Abba
1383 3991 1545 4049 pater
1601 3982 1775 4052 (Rom.
1821 3999 1941 4051 vm,

228 4072 353 4141 15).
382 4070 611 4125 Pondus
639 4071 837 4140 itaque
861 4069 1188 4125 formidinis
1220 4085 1384 4125 mens
1413 4069 1576 4125 electi
1612 4077 1945 4143 postponat,

222 4160 289 4217 in
326 4158 545 4214 virtute
572 4174 634 4214 se
656 4162 872 4215 amoris
894 4168 1172 4225 exerceat,
1200 4160 1591 4215 renovationis
1610 4178 1728 4216 sua:
1752 4162 1950 4233 digni-

228 4253 425 4304 tatem
459 4248 765 4315 desideret,
799 4248 868 4303 ad
919 4248 1235 4304 conditoris
1266 4249 1357 4303 sui
1389 4250 1639 4321 speciem
1673 4249 1947 4321 anhelet;

232 4352 421 4410 quem
455 4353 567 4409 quo
614 4354 797 4410 usque
827 4343 1163 4409 conspicere
1211 4356 1321 4396 non
1356 4340 1533 4404 valet,
1564 4342 1951 4399 aeternitatem

227 4428 377 4499 ejus
408 4443 644 4492 necesse,
677 4432 785 4494 est,
814 4427 871 4483 id
903 4431 1011 4493 est,
1054 4427 1332 4483 intimum
1364 4429 1557 4484 cibum
1606 4446 1780 4485 suum
1812 4446 1954 4487 esu-

227 4518 425 4585 riens,
457 4520 765 4589 exspectet.
795 4517 953 4574 Unde
986 4521 1042 4571 et
1072 4520 1204 4587 apte
1236 4516 1545 4572 subditur:

749 4606 982 4662 CAPUT
1012 4606 1117 4663 x11
1152 4607 1300 4677 [Vet.
1340 4607 1446 4678 Vl].

306 4696 493 4753 Vsas.
525 4698 578 4750 5.
612 4729 678 4736 —
719 4696 974 4767 Nunquid
1031 4699 1209 4766 rugiet
1252 4711 1468 4767 onager
1515 4712 1639 4750 cum
1694 4696 1951 4753 habuerit

227 4786 473 4842 herbam
501 4790 527 4841 ἵ
564 4794 659 4842 aut
705 4789 912 4855 mugiet
957 4787 1044 4841 bos
1091 4802 1215 4842 cum
1260 4792 1390 4842 ante
1437 4800 1680 4857 praesepe
1725 4788 1950 4857 plenum

224 4875 460 4933 steterit
479 4880 506 4929 ?

313 4965 409 5021 14.
444 4962 658 5032 Onager
685 4964 904 5033 ﬁdelem
930 4964 1165 5035 plebem,
1196 4971 1285 5019 bos
1332 4963 1591 5019 ordinem
1622 4966 1953 5020 ecclesiasti-

223 5070 368 5110 eum
413 5053 688 5123 designat.
737 5054 980 5124 Utrisque
1031 5056 1119 5108 hic
1162 5053 1415 5124 gemendi
1453 5069 1621 5108 causa
1666 5056 1735 5109 de
1778 5055 1951 5111 ditata

228 5146 346 5200 Dei
384 5143 701 5199 visione.—
750 5143 855 5210 Qui
903 5143 1001 5199 alii
1050 5144 1252 5215 onagri
1303 5142 1689 5215 appellatione
1738 5144 1953 5215 signati

231 5238 409 5300 sunt,
444 5232 560 5288 nisi
610 5231 667 5286 hi
702 5231 824 5303 qui,
856 5233 913 5287 in
964 5248 1169 5304 campo
1204 5232 1331 5288 ﬁdei
1374 5232 1697 5295 constituti,
1731 5233 1952 5289 nullius

227 5322 425 5380 officii
460 5321 599 5378 loris
626 5322 777 5379 218
812 5321 1114 5393 ligantur?
1144 5321 1241 5378 Vel
1286 5338 1433 5394 quos
1467 5322 1626 5377 bovis
1652 5322 1955 5395 signiﬁca—

231 5415 328 5470 tio
357 5412 655 5482 exprimit,
690 5412 799 5467 nisi
832 5413 938 5469 hos
973 5429 1118 5484 quos
1141 5414 1292 5469 intra
1327 5420 1592 5468 sanctam
1636 5412 1951 5468 Ecclesium

228 5503 313 5559 ad
346 5502 772 5573 praedicationis
794 5501 1049 5559 officium
1086 5502 1339 5574 suscepti
1364 5502 1585 5558 ordinis
1604 5503 1809 5574 jugum
1832 5517 1956 5573 pre-

325 5661 652 5743 (alCoclet
699 5662 772 5716 al.
823 5680 967 5734 seq.,
1013 5681 1113 5734 per
1157 5680 1216 5720 se
1258 5666 1549 5736 eloquium.
1600 5664 1817 5721 Vitiosa
1866 5667 1956 5720 est

237 5738 655 5805 transpositio.

2042 1824 2240 1890 malis,
2258 1842 2291 1881 a
2312 1825 2638 1883 desiderata
2660 1828 3213 1902 herbajejunamus.
3230 1837 3310 1893 De
3331 1854 3443 1910 qua
3468 1841 3752 1901 nimirum

2042 1912 2220 1969 herba
2250 1916 2646 1987 Redemptoris
2693 1935 2828 1975 voce
2860 1922 3113 1979 dicitur:
3150 1931 3261 1981 Per
3290 1944 3376 1984 me
3421 1932 3472 1985 si
3499 1934 3623 2003 quis
3662 1934 3753 1989 in-

2043 2003 2282 2073 troierit,
2327 2007 2653 2077 salvabitur,
2703 2013 2754 2064 et
2803 2012 3172 2083 ingredietur,
3224 2022 3274 2071 et
3321 2020 3659 2090 egredietur,
3701 2029 3755 2081 et

2038 2110 2245 2165 pascua
2292 2096 2533 2151 inveniet
2581 2098 2761 2164 (Joan.
2811 2116 2867 2168 x,
2917 2102 2992 2173 9).
3025 2104 3135 2158 Sed
3185 2106 3542 2179 plerumque,
3596 2115 3752 2184 quod

2043 2199 2169 2239 esse
2191 2185 2527 2241 amantibus
2547 2189 2783 2257 gravius
2815 2190 2982 2256 solet,
3007 2195 3193 2248 sancti
3226 2194 3511 2252 bonorum
3538 2203 3751 2257 studiis

2046 2273 2331 2328 malorum
2365 2274 2481 2330 vita
2523 2278 2909 2345 contradicit;
2945 2285 3159 2336 etcum
3211 2300 3378 2341 mens
3421 2288 3489 2341 ad
3523 2290 3754 2347 cmleste

2046 2363 2401 2419 desiderium
2436 2364 2679 2436 rapitur,
2716 2366 2861 2423 bene
2908 2373 3095 2442 coepta
3135 2372 3398 2444 intentio,
3432 2377 3753 2435 interrum-

2046 2452 2320 2523 pentibus
2352 2453 2661 2511 stultorum
2687 2457 2880 2513 verbis
2904 2474 2969 2514 ac
3002 2462 3287 2533 moribus,
3312 2467 3749 2539 reverberatur;

2046 2541 2125 2595 ita
2148 2545 2211 2596 ut
2229 2544 2484 2612 quaajam
2499 2559 2602 2614 per
2615 2546 3125 2616 contemplationis
3144 2552 3415 2608 adnisum
3430 2555 3497 2609 ad
3514 2570 3752 2615 summa

2047 2629 2387 2697 evolaverat,
2439 2633 2508 2687 ad
2557 2636 3004 2705 expugnandam
3067 2656 3379 2709 pravorum
3434 2643 3747 2702 stultitiam

2049 2732 2173 2773 sese
2205 2719 2264 2773 in
2314 2718 2530 2775 infimis
2560 2727 2760 2777 contra
2809 2724 3127 2781 certamina
3173 2730 3455 2801 accingat.
3499 2730 3663 2788 Unde
3697 2737 3754 2789 et

2049 2809 2322 2863 subditur
2354 2826 2367 2865 :

2688 2902 2916 2959 CAPUT
2953 2907 3109 2962 XIII.

2122 2988 2297 3045 Vsas.
2320 2991 2373 3045 6.
2398 3019 2465 3031 -—
2485 2993 2601 3046 Aut
2623 2997 2819 3062 poterit
2847 2998 3063 3049 comedi
3084 2998 3355 3054 insulsum
3385 3002 3525 3073 quod
3546 3020 3651 3059 non
3675 3010 3753 3061 est

2052 3078 2168 3135 sale
2196 3079 2473 3135 conditum
2492 3088 2518 3134 Ρ
2548 3083 2650 3137 Aut
2677 3087 2845 3153 potest
2893 3085 3093 3157 aliquis
3120 3098 3348 3156 gustare
3394 3095 3541 3163 quod
3567 3101 3751 3166 gusta—

2052 3173 2167 3224 tum
2196 3170 2356 3239 a/Iert
2385 3179 2610 3227 mortem
2632 3179 2658 3225 Ρ

2124 3260 2209 3314 ib.
2242 3262 2436 3316 Etectis
2465 3279 2630 3333 quam
2666 3267 2865 3332 gravia
2894 3267 3007 3321 sint
3054 3270 3211 3325 verba
3247 3288 3528 3346 moresque
3555 3292 3757 3335 carna-

2053 3350 2211 3406 lium.
2239 3381 2307 3392 -—
2336 3351 2523 3407 Verba
2553 3354 2763 3425 quippe
2792 3372 3100 3428 moresque
3130 3363 3446 3419 carnalium
3483 3371 3650 3438 quasi
3681 3370 3758 3426 ci-

2051 3440 2193 3495 bum
2219 3456 2277 3495 se
2301 3441 2517 3496 nostris
2542 3444 2837 3499 mentibus
2869 3445 3161 3518 ingerunt,
3181 3455 3244 3505 ut
3266 3451 3323 3506 in
3356 3454 3756 3515 delectationis

2056 3533 2252 3585 ventre
2283 3529 2611 3600 rapiantur.
2645 3532 2756 3586 Sed
2809 3533 3025 3590 electus
3070 3538 3313 3610 quisque
3350 3542 3605 3600 insulum
3640 3563 3754 3603 non

2055 3618 2323 3697 comedit,
2348 3618 2485 3688 quia
2504 3635 2814 3688 pravorum
2838 3622 2991 3678 dicta
3016 3625 3282 3698 factaque
3306 3628 3654 3703 dijudicans,
3680 3637 3752 3691 ab

2055 3722 2151 3763 ore
2182 3707 2370 3762 cordis
2401 3707 2646 3777 repellit.
2680 3711 2899 3766 Paulus
2926 3714 2992 3767 ad
3035 3730 3201 3771 esum
3237 3722 3521 3776 mentium
3552 3723 3756 3780 inferri

2058 3794 2283 3849 insulsa
2316 3795 2630 3864 prohibuit,
2652 3813 2780 3852 cum
2816 3800 3118 3871 discipulis
3149 3804 3332 3859 dixit:
3366 3808 3554 3865 Sermo
3586 3818 3758 3868 vester

2057 3901 2268 3955 semper
2296 3887 2353 3938 in
2403 3887 2583 3955 gratia
2630 3889 2743 3942 sate
2781 3890 2855 3943 sit
2900 3890 3147 3947 conditus
3198 3894 3421 3964 (Coloss.
3458 3915 3527 3967 iv,
3578 3901 3653 3971 6).
3692 3904 3758 3957 Et

2058 3973 2380 4029 Psalmistaa
2411 3991 2641 4046 quoque
2690 3977 2862 4031 verba
2908 3981 3286 4049 reproborum
3324 3986 3378 4038 in
3426 3989 3619 4044 cordis
3660 4007 3757 4047 ore

2059 4062 2282 4117 insulsa
2328 4070 2663 4137 sapuerant,
2696 4082 2826 4121 cum
2878 4066 3143 4124 dicebat:
3183 4072 3560 4132 Narraverunt
3616 4080 3759 4135 mihi

2060 4153 2245 4224 iniqui
2289 4154 2675 4223 tabulationes,
2709 4158 2806 4211 sed
2850 4173 2957 4213 non
3010 4160 3088 4215 ita
3136 4169 3196 4215 ut
3245 4162 3335 4217 tea:
3377 4168 3493 4233 tua,
3529 4168 3757 4224 Domine

2062 4243 2228 4313 (Psat.
2264 4258 2454 4309 cxvm,
2484 4244 2594 4315 84).
2627 4249 2786 4316 Saepe
2828 4254 3017 4301 autem
3049 4248 3221 4303 verba
3264 4252 3581 4311 carnalium
3616 4258 3758 4314 dum

2063 4347 2125 4387 se
2155 4334 2484 4403 importune
2515 4333 2729 4387 nostris
2762 4334 3000 4391 auribus
3033 4337 3329 4410 ingerunt,
3362 4340 3419 4395 in
3452 4345 3623 4400 corde
3648 4346 3765 4402 bel-

2065 4420 2186 4475 lum
2228 4420 2563 4475 tentationis
2604 4423 2886 4492 gignunt;
2932 4432 2989 4479 et
3033 4428 3301 4498 quamvis
3350 4430 3471 4486 haec
3514 4442 3567 4489 el
3614 4437 3761 4494 ratio

1982 4510 2027 4574 D
2059 4514 2317 4580 respuat,
2350 4514 2405 4565 et
2452 4509 2653 4580 lingua
2700 4512 3106 4584 reprehendat,
3139 4532 3274 4572 cum
3320 4519 3515 4579 labore
3564 4527 3760 4583 tamen

2059 4600 2219 4657 intus
2249 4601 2505 4655 vincitur
2534 4603 2686 4673 quod
2723 4603 2859 4658 foris
2892 4621 3025 4660 cum
3059 4609 3409 4667 auctoritate
3435 4614 3759 4684 judicatur.

2061 4692 2223 4746 Unde
2271 4706 2505 4745 necesse
2534 4695 2623 4747 est
2654 4700 2713 4747 ut
2746 4708 2849 4748 nec
2879 4694 2949 4749 ad
2997 4712 3165 4753 aures
3195 4700 3386 4755 veniat
3416 4705 3570 4773 quod
3597 4721 3761 4763 mens

2060 4795 2093 4833 a
2122 4776 2489 4849 cogitationis
2538 4778 2697 4834 aditu
2742 4782 2988 4853 vigilans
3041 4785 3300 4856 repellat.
3335 4788 3531 4844 Sancti
3582 4792 3762 4861 igitur

2059 4865 2189 4932 viri,
2222 4880 2352 4921 cum
2385 4869 2720 4923 aeternitatis
2751 4869 3052 4926 desideriis
3101 4872 3399 4941 anhelant,
3440 4876 3497 4929 in
3538 4880 3760 4935 tantam

2060 4956 2426 5013 altitudinem
2460 4959 2587 5014 vitae
2640 4977 2702 5016 se
2746 4960 3073 5027 sublevant,
3117 4970 3174 5015 ut
3218 4963 3421 5017 audire
3462 4966 3584 5034 jam
3635 4985 3761 5038 quae

2065 5049 2266 5104 mundi
2290 5054 2427 5105 sunt
2459 5066 2629 5122 grave
2651 5051 2761 5106 sibi
2795 5067 2859 5105 ac
2890 5051 3225 5121 deprimens
3248 5052 3475 5121 pondus
3504 5056 3758 5113 credant.

2064 5137 2239 5195 Valde
2278 5155 2531 5210 namque
2562 5140 2821 5196 insolens
2866 5148 3035 5209 atque
3078 5139 3437 5197 intolerabile
3469 5145 3760 5204 restituant

2064 5228 2348 5300 quidquid
2384 5229 2527 5284 illud
2569 5246 2681 5284 non
2715 5232 2885 5284 sonat
2915 5228 3065 5299 quod
3094 5228 3253 5283 intus
3286 5236 3505 5286 amant.

2134 5317 2266 5390 [Vet.
2319 5318 2449 5388 νη]
2490 5320 2575 5373 26.
2624 5321 2739 5374 Non
2780 5316 3028 5372 omnium
3074 5322 3154 5373 est
3203 5318 3273 5373 ad
3318 5324 3593 5378 cruciatus
3638 5341 3761 5381 cor-

2061 5407 2210 5477 poris
2229 5422 2325 5476 pro
2349 5407 2449 5461 Deo
2471 5406 2776 5461 subeundos
2798 5406 3036 5479 accingi.
3062 5437 3127 5447 —
3151 5407 3263 5463 Sed
3285 5424 3437 5481 saepe
3462 5415 3759 5486 mensjam

2065 5511 2167 5565 per
2208 5494 2556 5550 desiderium
2587 5497 2657 5549 ad
2711 5493 2987 5551 sublimia
3018 5496 3260 5567 rapitur,
3283 5498 3406 5569 jam
3439 5500 3701 5561 funditus
3730 5524 3764 5563 ι

2137 5659 2211 5729 (b)
2245 5658 2385 5715 Cod.
2417 5661 2637 5728 Germ.,
2666 5658 3092 5732 expugnatione.
