4134 6174
476 251 588 312 775
1731 243 2014 306 SANCTI
2059 242 2425 305 GREGORII
2473 245 2719 307 MAGNI
3787 261 3867 319 ’νιὸ

460 396 641 453 stulta
661 400 1026 451 terrenorum
1059 389 1358 446 hominum
1384 388 1670 445 locutione
1702 392 2024 458 separatur,
2054 401 2156 441 nec
2191 390 2242 455 Α
2273 387 2412 458 quod
2440 399 2685 454 exspecto
2710 391 2922 447 tribuat
2952 391 3093 446 mihi
3120 391 3411 458 Dominus;
3439 400 3486 452 et
3513 399 3598 467 qui
3622 403 3766 471 coepit,
3789 404 3869 473 ίρςε

459 492 655 543 tamen
689 484 883 540 adhuc
921 499 1024 553 pro
1053 495 1248 536 amore
1282 480 1486 534 veritas
1517 479 1583 532 ad
1618 477 1988 548 perferendos
2022 493 2168 548 prtn-
2277 495 2364 534 me
2384 484 2653 542 conterat;
2683 480 2865 537 solvat
2885 499 3114 538 manum
3134 487 3875 555 suam,etsuccidalme,ethzc

465 576 648 631 sentis
670 575 794 628 vitae
818 573 1110 628 cruciatus
1136 569 1487 638 accingitur;
1508 568 1626 636 jam
1650 582 1900 636 superna
1924 565 2163 636 appetit,
2279 569 2510 622 mihisit
2530 570 2851 637 consolatio,
2876 576 2935 625 ut
2956 571 3221 642 affligens
3257 589 3341 628 me
3360 574 3548 643 dolore,
3571 595 3669 631 non
3697 589 3874 648 parcat?

455 668 577 737 jam
613 667 671 718 in
705 663 924 718 intimis
955 661 1134 717 stulta
1181 658 1521 724 contemnit,
1555 657 1655 712 sed
1706 657 1952 710 necdum
1983 673 2044 711 se
2091 655 2164 709 ad
2353 660 2436 712 19.
2475 660 2791 729 Exemplum
2838 661 2934 715 Job
2972 678 3133 715 suum
3177 678 3529 732 percussorem
3571 666 3876 726 benedicentis.

464 755 820 829 perferendae
855 750 1215 807 adversitatis
1264 747 1629 803 tolerantiam
1664 745 1878 818 dirigit.
1914 745 2073 801 Unde
2109 749 2165 799 et
2279 751 2516 804 Conterit
2546 765 2643 804 nos
2693 751 2850 815 Deus,
2884 754 3119 806 conterit
3157 759 3209 806 et
3237 753 3496 821 diabolus,
3520 755 3718 811 diversis
3756 760 3878 812 exiti-

457 847 768 903 subditur:
804 846 909 898 Aut
955 848 1155 913 postest
1186 842 1387 911 aliquis
1427 843 1650 912 gustare
1694 837 1836 909 quod
1874 842 2164 908 gustaram
2275 840 2392 894 bus.
2433 840 2633 894 n-Sed
2681 842 2921 896 fortasse
2951 841 3071 898 haec
3111 859 3213 913 per
3256 845 3655 901 contumaciam
3699 849 3863 919 expetit

455 940 616 1009 aﬂert
647 939 876 990 mortem
897 941 923 986 ἔ)
2275 930 2514 984 fortasse
2544 929 2601 983 in
2652 946 2716 984 eo
2752 932 2903 1000 quod
2941 947 2999 986 se
3032 908 3280 1003 perfecte
3327 936 3595 1007 exstingui
3632 908 3878 1004 desiderat:

1093 1019 1326 1075 CAPUT
1376 1018 1519 1072 XIV.
2271 1018 2622 1089 injustitiam
2671 1020 2930 1075 ferientis
2980 1031 3234 1078 accusat.
3285 1024 3445 1079 Absit
3491 1025 3610 1081 hoc.
3638 1026 3760 1081 Nam
3801 1043 3885 1097 qua

525 1121 610 1176 17.
673 1117 1061 1171 Ρνοτείηιονωη
1120 1112 1337 1180 inﬁrma
1389 1109 1689 1175 tolerando,
1749 1108 1817 1163 ad
1885 1109 2160 1164 cruciatus
2273 1112 2466 1164 mente
2513 1109 2568 1162 id
2618 1114 2866 1178 expetat,
2899 1111 3089 1166 verbis
3153 1113 3527 1183 sequentibus
3579 1115 3882 1179 demonstrat,

455 1207 758 1264 subeundos
786 1206 1128 1260 roboramur.
1155 1234 1222 1241 ———
1253 1202 1474 1256 Durum
1517 1200 1732 1269 quippe
1771 1203 1858 1253 est
1893 1201 2160 1269 appetere
2271 1199 2509 1253 dicens:
2557 1198 2659 1254 Nec
2703 1200 3083 1255 contradicam
3120 1202 3455 1258 sermonibus
3497 1208 3675 1260 sancti.
3710 1206 3882 1276 Nequa-

456 1299 608 1370 quod
642 1297 883 1361 cruciat,
908 1293 1074 1348 219
1109 1290 1272 1362 sequi
1297 1290 1450 1360 quod
1479 1288 1656 1342 vitam
1687 1289 1869 1356 fugat.
1901 1287 2010 1341 Sed
2035 1287 2158 1357 ple-
2271 1303 2438 1359 quatn
2472 1303 2606 1358 ergo
2655 1289 2723 1342 de
2755 1287 3037 1357 injustitia
3086 1292 3453 1359 percutientis
3485 1298 3786 1359 murmurat,
3811 1292 3882 1363 qui

455 1404 704 1457 rumque
753 1401 915 1440 mens
951 1383 1091 1452 justi
1144 1382 1212 1435 ad
1264 1384 1493 1433 tantum
1544 1395 1605 1433 se
1645 1378 1876 1431 virtutis
1925 1376 2156 1430 culmen
2270 1393 2672 1449 percussorem
2714 1395 2888 1432 suum
2919 1384 2975 1434 et
3006 1380 3158 1435 inter
3207 1382 3438 1438 verbera
3468 1386 3704 1438 sanctum
3745 1387 3883 1437 vocat.

450 1477 729 1542 extendit,
763 1480 824 1529 ut
854 1477 909 1528 et
941 1472 1093 1542 apud
1132 1487 1192 1525 se
1225 1471 1283 1523 in
1313 1469 1549 1522 internte
1579 1465 1824 1520 rationis
1847 1480 1976 1521 arce
2008 1481 2155 1536 pras-
2269 1465 2583 1520 Sciendum
2614 1482 2746 1522 vero
2792 1472 2880 1522 est
2911 1469 3049 1539 quia
3099 1469 3403 1541 aliquando
3449 1488 3548 1527 nos
3578 1471 3882 1537 adversarius,

451 1570 654 1635 sideat,
679 1570 734 1620 et
764 1563 1149 1635 quorumdam
1182 1561 1318 1615 foris
1348 1556 1650 1612 stultitiam
1685 1555 1983 1610 tolerando
2016 1570 2152 1609 con-
2269 1556 2581 1628 aliquando
2605 1562 2797 1612 autem
2831 1560 3272 1616 conteritDeus.
3298 1562 3377 1616 Ex
3409 1561 3720 1617 contritione
3738 1564 3883 1616 autem

449 1662 653 1712 vertat.
689 1657 843 1719 Quos
871 1653 1025 1708 enim
1058 1651 1127 1705 ad
1180 1650 1352 1703 fortia
1383 1648 1609 1702 trahere
1659 1646 1922 1709 nitimur,
1957 1659 2154 1698 eorum
2269 1646 2587 1701 adversarii
2609 1663 2642 1700 a
2670 1646 2881 1701 virtute
2904 1648 3208 1705 deﬁcimus
3235 1667 3248 1718 ;
3285 1666 3382 1719 per
3403 1651 3767 1706 contritionem
3791 1664 3884 1703 vero

457 1761 694 1802 necesse
726 1753 810 1798 est
843 1747 906 1797 ut
939 1741 1173 1794 inﬁrma
1204 1738 1535 1800 toleremus,
1568 1735 1704 1806 quia
1737 1750 1841 1788 nec
1867 1735 2156 1803 jacentem
2192 1735 2238 1802 Β
2271 1733 2502 1790 Domini
2544 1733 2732 1803 fracti,
2766 1752 2798 1789 a
2844 1735 2999 1790 vitiis
3042 1737 3101 1791 in
3150 1737 3360 1794 virtute
3407 1738 3735 1794 roboramur.
3771 1737 3885 1790 Hanc

457 1836 648 1906 erigit,
682 1833 790 1888 nisi
831 1831 926 1902 qui
967 1834 1154 1883 status
1187 1828 1276 1881 sui
1312 1826 1712 1881 rectitudinem
1749 1841 1850 1893 per
1879 1840 2157 1894 compas-
2270 1825 2676 1880 contritionem
2728 1825 3012 1896 Propheta
3065 1832 3455 1899 prospexerat,
3500 1844 3622 1883 cum
3672 1826 3883 1881 dicebat:

454 1925 677 1982 sionem
714 1922 908 1976 flectit.
952 1920 1093 1974 Cum
1127 1932 1258 1972 vero
1292 1916 1490 1970 aliena:
1524 1913 1845 1968 infirmitati
1878 1913 2154 1984 compati-
2265 1915 2427 1982 Reges
2458 1929 2546 1968 eos
2579 1916 2633 1968 in
2670 1915 2823 1982 virga
2851 1917 3054 1984 ferrea,
3086 1920 3134 1971 et
3164 1924 3429 1987 tanquam
3459 1932 3547 1972 vas
3582 1915 3719 1986 ﬁguli
3748 1915 3884 1967 conte-

455 2033 605 2082 mur,
627 2012 1196 2067 valentiusanostra
1219 2007 1596 2070 roboramur;
1633 2011 1914 2059 utamore
1940 2005 2157 2058 futuro-
2261 2019 2344 2057 res
2393 2018 2480 2057 eos
2536 2004 2708 2072 (Psal.
2751 2019 2813 2069 ιι,
2836 2003 2908 2072 9).
2965 2004 3026 2058 In
3079 2005 3237 2070 virga
3287 2022 3390 2060 nos
3439 2006 3614 2060 ferrea
3673 2001 3886 2058 Dominus

449 2122 579 2160 rum
642 2118 808 2156 mens
859 2100 927 2154 ad
991 2096 1299 2167 praesentia
1357 2098 1595 2149 adversa
1648 2108 1708 2146 se
1769 2097 2067 2163 praeparet,
2102 2098 2157 2148 et
2262 2091 2402 2161 regit
2433 2095 2489 2145 et
2536 2091 2803 2160 conterit,
2837 2091 2914 2162 (b)
2958 2091 3095 2163 quia
3145 2092 3315 2148 220
3366 2091 3774 2163 dispensationis
3796 2103 3883 2142 sua

449 2194 739 2250 cruciatus
787 2189 1047 2258 corporis
1097 2202 1243 2256 quos
1300 2184 1545 2239 timebat
1592 2187 1900 2253 exspectet.
1954 2184 2155 2238 Auctis
2261 2180 2392 2235 forti
2443 2180 2790 2235 rectitudine
2858 2198 2990 2236 cum
3044 2199 3148 2238 nos
3180 2183 3430 2239 interius
3478 2183 3668 2248 reﬁcit,
3698 2179 3886 2236 exterius

453 2300 706 2354 namque
746 2277 1057 2337 desideriis
1096 2275 1426 2332 caelestibus
1474 2278 1860 2345 angustatur;
1904 2290 2155 2345 cumque
2258 2270 2482 2342 afﬂigit.
2504 2270 2645 2326 Nam
2687 2287 2801 2342 quo
2834 2271 3104 2328 virtutem
3138 2275 3333 2330 carnis
3375 2267 3880 2340 humiliat,intentio-

452 2381 677 2432 aeternas
712 2372 904 2442 patria:
938 2374 1156 2442 quanta
1187 2367 1260 2422 sit
1291 2367 1537 2421 dulcedo
1569 2365 1920 2435 considerat,
1956 2383 2058 2437 pro
2090 2383 2154 2421 ea
2259 2376 2389 2416 nem
2423 2362 2667 2432 spiritus
2709 2362 2942 2416 exaltat.
2979 2362 3142 2418 Unde
3191 2366 3246 2418 et
3289 2363 3411 2419 haec
3449 2365 3638 2419 eadem
3675 2359 3881 2418 contritio

453 2463 751 2536 praesentis
775 2458 1338 2517 vitreamaritudines
1362 2457 1629 2510 ardenter
1645 2457 2002 2511 amat.Unde
2025 2460 2154 2526 post
2257 2450 2420 2519 figuli
2455 2450 2573 2506 vasi
2606 2455 2996 2519 comparatur,
3029 2451 3182 2507 sicut
3213 2457 3270 2507 et
3303 2469 3403 2524 per
3436 2451 3659 2507 Paulum
3691 2449 3881 2504 dicitur:

449 2552 661 2610 insulsi
696 2552 806 2606 cibi
837 2548 1155 2614 fastidium,
1190 2555 1315 2617 post
1345 2544 1771 2615 impossibilem
1807 2547 2010 2599 mortis
2043 2561 2150 2616 gu-
2255 2541 2522 2596 Habemus
2548 2541 2869 2596 thesaurum
2893 2543 3058 2595 istum
3092 2543 3149 2596 in
3172 2541 3322 2597 vasis
3342 2542 3596 2612 ﬁctilibus
3623 2541 3684 2612 (ll
3712 2541 3808 2595 Cor.
3832 2552 3882 2599 iv,

445 2648 627 2711 etum,
662 2645 814 2696 recte
847 2637 1262 2707 subjungitur:
2251 2633 2325 2700 7).
2359 2631 2464 2694 Qui
2516 2631 2691 2686 simul
2745 2631 3152 2687 contritionem
3198 2637 3254 2687 et
3303 2633 3552 2703 regimen
3600 2630 3882 2701 exprimens,

926 2726 1154 2783 CAPUT
1200 2724 1295 2779 XV
1326 2726 1469 2792 [Rea
1515 2723 1659 2794 VII].
2252 2720 2371 2776 ait:
2406 2722 2550 2776 Licet
2594 2722 2641 2775 is
2684 2722 2781 2792 qui
2819 2722 2966 2788 foris
3011 2730 3089 2776 est
3130 2724 3320 2777 naster
3374 2722 3526 2778 homo
3567 2719 3884 2788 corrumpitur,

510 2824 683 2877 Vens.
710 2822 764 2875 7.
797 2849 866 2860 -—
915 2819 1047 2886 Quae
1079 2818 1228 2887 prius
1271 2824 1494 2885 tangere
1531 2813 1756 2868 nolebat
1784 2814 1972 2866 anima
2005 2829 2144 2884 mea,
2251 2819 2430 2866 tamen
2491 2817 2536 2866 is
2592 2813 2688 2882 qui
2746 2813 2891 2866 intus
2948 2820 3024 2866 est
3084 2818 3388 2868 renouatur
3442 2814 3504 2868 de
3547 2812 3630 2867 die
3680 2811 3731 2865 in
3778 2806 3886 2862 diem

435 2928 602 2976 nunc,
626 2925 739 2980 prm
769 2910 1051 2980 angustia,
1079 2906 1189 2959 cibi
1215 2905 1325 2958 mei
1353 2914 1504 2958 sunt.
2244 2901 2430 2971 (Ibid.,
2486 2902 2590 2972 l6).
2637 2904 2784 2974 [νει.
2841 2903 3016 2973 VIII.)
3049 2902 3305 2959 Sanctus
3349 2903 3521 2972 igitur
3563 2902 3663 2967 vir,
3686 2898 3771 2972 qui
3808 2911 3885 2966 ap-

513 3001 598 3056 18.
635 3001 759 3055 Prae
803 3012 988 3051 amore
1026 2996 1253 3050 caelestis
1299 2992 1502 3064 patria
1532 2990 1726 3046 exsilii
1769 3007 1957 3061 poenas
1987 3008 2141 3046 ama-
2244 2992 2636 3062 propinquare
2683 2992 2795 3048 Deo
2844 2992 3016 3048 etiam
3059 3009 3157 3063 per
3205 2993 3437 3064 ﬂagella
3487 2993 3765 3058 desiderat,
3810 2998 3882 3057 per

438 3103 585 3144 mus.
619 3119 686 3127 —
719 3085 877 3141 Mens
909 3084 1064 3138 enim
1092 3081 1239 3151 justi
1290 3079 1617 3150 proficiens,
1645 3095 1766 3148 quas
1797 3079 1973 3148 prius,
1998 3080 2140 3134 dum
2246 3081 2520 3153 spiritum
2556 3082 2906 3139 humilitatis
2941 3083 3130 3138 dicat:

432 3177 554 3234 sola
604 3175 835 3248 propria
883 3175 1132 3239 curaret,
1167 3171 1313 3224 ferre
1362 3169 1549 3222 aliena
1597 3168 1951 3236 fastidiebat,
2005 3185 2133 3238 quae
2163 3181 2205 3248 ρ
2871 3173 3105 3230 CAPUT
3143 3173 3314 3231 XVII,

433 3268 628 3322 minus
663 3263 868 3319 alienis
911 3258 1286 3329 compatiens,
1338 3256 1738 3312 convalescere
1786 3261 1984 3310 contra
2030 3256 2129 3311 ad-
2319 3263 2483 3316 Vana.
2512 3263 2566 3316 9.
2599 3291 2666 3302 -—
2700 3263 2805 3331 Qui
2834 3263 3016 3334 carpit,
3039 3266 3156 3334 ipse
3185 3280 3279 3319 me
3308 3269 3564 3321 conterat.

430 3373 596 3412 versa
620 3373 733 3410 non
776 3356 999 3426 poterat
1025 3365 1151 3404 cum
1187 3354 1244 3402 et
1274 3347 1572 3402 toleranda
1622 3346 1866 3416 proximi
1900 3347 2062 3400 infirr

2314 3353 2403 3407 20.
2438 3353 2758 3423 E/ferentem
2799 3370 2853 3408 se
2896 3354 2962 3408 de
3004 3355 3307 3411 virtutibus
3345 3358 3480 3412 Deus
3527 3348 3882 3410 misericorditer

432 3463 494 3502 88
524 3445 784 3511 attrahit.
810 3444 879 3499 ad
914 3443 1157 3497 adversa
1189 3438 1510 3509 superanda
1541 3435 1887 3492 convalescit
1915 3453 1928 3501 ;
1959 3435 2041 3490 ίῐᾶ
2074 3439 2137 3490 ιιι
2243 3442 2947 3515 corripit—Plerumque
2968 3446 3141 3499 etiam
3165 3445 3441 3501 vitiorum
3466 3435 3882 3502 contritionemin

433 3553 537 3608 pro
570 3552 765 3591 amore
809 3531 1065 3588 veritatis
1117 3530 1414 3599 praesentis
1459 3527 1586 3581 vita:
1638 3527 1928 3581 cruciatus
1977 3531 2136 3582 tanto
2245 3533 2412 3588 nobis
2445 3549 2613 3602 agere
2634 3532 2918 3588 Dominus
2946 3533 3215 3601 inchoat;
3250 3537 3354 3590 sed
3388 3551 3518 3592 cum
3543 3549 3693 3590 mens
3720 3527 3884 3597 exipso

436 3632 567 3697 post
587 3626 663 3697 (a)
688 3625 891 3679 fortius
912 3625 1164 3691 appetat,
1185 3622 1402 3690 quanto
1423 3618 1583 3688 prius
1603 3616 1834 3670 inﬁrma
1858 3616 2139 3684 fugiebat.
2243 3621 2477 3678 exordio
2501 3627 2806 3693 provectus
2837 3623 3155 3692 extollitur,
3180 3640 3360 3696 cumq
3373 3641 3442 3680 ue
3463 3641 3524 3679 se
3544 3625 3660 3694 jam
3682 3618 3818 3692 quasi
3834 3615 3883 3668 de

433 3714 814 3769 Inclinatione
867 3726 1120 3780 namque
1160 3725 1267 3763 sua
1315 3707 1576 3776 erigitur,
1620 3704 1964 3759 attractione
2012 3713 2135 3760 ten-
2241 3711 2556 3766 virtutibus
2587 3711 2774 3782 erigit,
2809 3713 3064 3766 saevienti
3099 3717 3307 3769 contra
3339 3715 3442 3770 sed
3468 3709 3769 3770 adversario
3796 3705 3884 3761 adi-

425 3803 603 3870 ditur,
649 3799 1047 3872 compassione
1098 3799 1437 3862 roboratur;
1481 3810 1732 3864 cumque
1765 3795 1821 3848 in
1874 3811 2131 3850 amorem
2243 3805 2362 3855 tum
2395 3800 2617 3870 pandit,
2641 3801 2737 3871 qui
2774 3802 2965 3855 cordis
2999 3801 3200 3856 intima
3233 3808 3569 3873 penetrans,
3591 3815 3744 3858 omne
3769 3793 3880 3867 quod

425 3893 670 3964 proximi
731 3907 793 3947 86
852 3891 1075 3952 dilatal.
1133 3886 1296 3957 quasi
1356 3901 1422 3940 εκ
1485 3884 1856 3938 meditatione
1913 3883 2134 3955 colligit
2242 3889 2300 3944 in
2332 3906 2398 3944 ea
2429 3890 2499 3944 de
2531 3890 2723 3944 studio
2758 3883 3882 3950 bonasinchoationisinvenerit,confrin-

424 3988 642 4054 quanta
665 3979 1002 4036 fortitudine
1033 3977 1090 4032 in
1116 3982 1410 4031 auctorem
1442 3979 1661 4044 surgat.
1685 3974 1951 4028 Charitas
1975 3989 2134 4028 nam-
2241 3979 2356 4048 git;
2392 3987 2663 4049 tantoque
2713 3995 2773 4033 se
2825 3979 3223 4036 vehementius
3273 3984 3333 4037 in
3387 3982 3509 4051 eius
3555 3974 3880 4036 contractione

421 4089 552 4143 que,
580 4088 707 4144 qua:
737 4087 842 4125 nos
867 4068 939 4123 ad
962 4070 1076 4121 vim
1102 4063 1526 4134 compassionis
1550 4062 1847 4126 humiliat,
1871 4061 2047 4116 altius
2071 4062 2131 4117 in
2239 4068 2491 4132 exhibet,
2524 4074 2741 4139 quanto
2791 4073 2848 4123 et
2896 4069 3148 4140 gravius,
3196 4071 3334 4140 quia
3386 4072 3476 4128 vel
3519 4071 3586 4126 ad
3643 4064 3879 4124 modicum

419 4163 676 4218 culmine
725 4156 1240 4228 contemplationis
1289 4155 1474 4221 levat;
1509 4159 1566 4208 et
1599 4152 1984 4223 multiplicata
2006 4155 2128 4222 jam
2239 4159 2428 4213 fuerat
2488 4164 2811 4226 provectus,
2863 4158 3033 4213 dolet.
3088 4158 3251 4214 Unde
3302 4169 3358 4216 et
3406 4166 3546 4216 teste
3608 4151 3879 4226 Evangelio,

421 4252 742 4319 majoribus
776 4247 1079 4303 desideriis
1111 4247 1333 4310 aestuat,
1362 4243 1484 4312 jam
1520 4243 1816 4311 pervenire
1847 4242 1916 4295 ad
1951 4241 2129 4296 vitam
2236 4263 2370 4302 voce
2391 4245 2681 4312 Veritatis,
2709 4247 2778 4301 ad
2813 4245 3136 4317 neglectam
3159 4249 3403 4305 domum
3428 4245 3766 4306 conscientia
3793 4241 3882 4311 spi-

418 4338 679 4408 spiritus,
712 4338 886 4391 etiam
923 4353 1020 4406 per
1052 4334 1343 4389 cruciatus
1376 4330 1655 4402 corporis,
1683 4329 1937 4385 anhelat.
1963 4329 2121 4392 Quod
2236 4335 2384 4389 ritus
2406 4334 2751 4389 immundus
2772 4334 2874 4404 qui
2905 4334 3064 4391 solus
3087 4335 3226 4390 exiit
3245 4354 3382 4392 cum
3407 4338 3694 4408 spiritibus
3709 4337 3882 4400 septem

413 4443 548 4495 ergo
599 4426 760 4496 prius
789 4431 1025 4495 tangere
1075 4423 1327 4490 nolebat,
1362 4422 1470 4476 hoc
1506 4426 1634 4491 post
1683 4437 1799 4490 prae
1852 4419 2120 4490 angustia
2235 4425 2379 4478 redit
2410 4425 2620 4494 (Matth.
2655 4441 2757 4490 xu,
2787 4423 2896 4493 45).
2933 4423 3012 4479 Ne
3047 4441 3183 4496 ergo
3218 4433 3345 4496 post
3391 4427 3594 4482 divinas
3621 4419 3880 4491 correptio.

411 4514 684 4578 comedit,
711 4511 809 4581 qui
843 4511 1132 4566 desideria
1154 4528 1260 4565 sua
1291 4511 1386 4564 vix
1417 4509 1673 4580 capiens,
1699 4512 1754 4563 et
1787 4508 1941 4576 ipsas
1974 4524 2117 4578 quas
2153 4507 2198 4572 D
2232 4513 2321 4568 nis
2352 4513 2585 4569 exordia
2615 4513 2888 4583 antiquus
2912 4513 3092 4569 hostis
3127 4516 3441 4587 subripiat,
3463 4522 3630 4586 atque
3660 4513 3720 4568 ad
3746 4510 3883 4565 virtu-

417 4605 634 4661 dudum
666 4603 962 4667 timuerat,
984 4604 1100 4671 jam
1135 4618 1246 4671 pt‘tB
1280 4617 1474 4656 amore
1497 4600 1742 4655 ccelestis
1777 4600 1970 4669 patriae
2006 4615 2122 4669 pte-
2235 4609 2358 4658 tum
2379 4605 2830 4658 confractionem
2853 4603 3061 4673 trahat,
3086 4612 3321 4660 sanctus
3349 4606 3435 4660 vir
3455 4618 3692 4675 congrue
3707 4599 3876 4656 exorat,

413 4712 518 4750 nas
569 4697 742 4748 amat.
779 4691 838 4746 Si
889 4691 1044 4746 enim
1097 4706 1261 4745 mens
1293 4689 1351 4743 in
1388 4691 1566 4743 Deum
1620 4689 1756 4743 forti
1795 4689 2118 4744 intentione
2231 4693 2466 4749 dicens:
2504 4693 2611 4761 Qui
2647 4695 2820 4763 erepit,
2854 4691 2969 4764 ipse
3001 4708 3084 4748 me
3126 4701 3395 4749 conterat.
3430 4699 3503 4750 Ac
3533 4695 3578 4749 si
3626 4698 3791 4761 aperte
3815 4683 3879 4738 di-

417 4785 707 4857 dirigitur,
733 4782 1017 4853 quidquid
1052 4780 1162 4834 sibi
1187 4781 1244 4834 in
1280 4779 1382 4833 hac
1402 4779 1518 4833 vita
1548 4795 1813 4834 amarum
1838 4779 1922 4846 ﬁt,
1949 4778 2119 4835 dulce
2232 4783 2418 4837 dicat:
2453 4781 2589 4848 Hoc,
2616 4783 2768 4851 quod
2798 4783 2853 4836 in
2879 4797 2969 4836 me
3007 4798 3249 4839 exorsus
3270 4791 3356 4838 est
3382 4783 3648 4854 perﬁcere
3671 4772 3876 4834 feriendo

414 4875 679 4938 aestimat,
707 4889 877 4928 omne
900 4873 1050 4944 quod
1074 4869 1277 4940 afﬂigit
1298 4870 1552 4940 requiem
1581 4874 1776 4938 putat;
1804 4873 2049 4924 transire
2063 4874 2120 4926 et
2231 4889 2343 4927 non
2380 4873 2627 4940 desinat,
2654 4888 2724 4926 ne
2749 4871 3042 4927 desertum
3068 4888 3159 4927 me
3184 4874 3514 4930 adversario
3538 4873 3604 4928 ad
3630 4863 3876 4927 contritio-

413 4981 515 5038 per
538 4969 780 5021 mortem
808 4963 1047 5034 appetit,
1075 4964 1135 5015 ut
1163 4958 1424 5014 obtinere
1445 4959 1618 5012 vitam
1643 4958 1871 5027 plenius
1894 4959 2114 5028 possit;
2230 4978 2360 5016 nem
2393 4962 2599 5016 tradat.
2634 4960 2797 5016 Unde
2827 4965 2884 5016 et
2912 4967 3044 5032 apte
3074 4962 3346 5017 subditur
3371 4979 3384 5017 :

412 5055 674 5109 funditus
719 5053 776 5107 in
824 5051 1042 5106 intimis
1081 5048 1374 5119 extinguis
1418 5047 1730 5111 desiderat,
1765 5062 1880 5116 quo
1922 5046 2117 5102 verius
2847 5051 3075 5107 CAPUT
3111 5051 3309 5108 XVIII.

413 5159 639 5197 summa
653 5139 1148 5197 conscendat.Sed
1165 5138 1283 5192 haac
1317 5137 1386 5192 de
1409 5135 1720 5206 cujuslibet
1739 5135 2113 5204 justianimo,
2303 5143 2440 5196 lato.
2475 5172 2541 5179 —
2575 5140 2762 5195 Solvat
2792 5156 3017 5196 manum
3046 5157 3225 5208 suam,
3248 5144 3298 5196 et
3318 5140 3562 5196 succidat
3590 5155 3685 5193 me.

417 5232 535 5285 haec
557 5234 625 5287 de
649 5233 798 5287 beati
826 5232 932 5286 Job
961 5235 1152 5286 mente
1178 5228 1446 5294 mentior,
1479 5227 1592 5281 nisi
1616 5227 1740 5298 ipse
1762 5225 2111 5297 subjungat:
2297 5233 2387 5286 21.
2423 5232 2597 5299 Quam
2661 5230 2969 5285 timendum
3013 5247 3079 5286 ne
3133 5233 3206 5286 ad
3256 5231 3517 5299 ferienda
3577 5237 3740 5285 nostra
3785 5222 3867 5277 vita

1053 5319 1283 5376 CAPUT
1327 5318 1472 5374 XVI.
2228 5317 2456 5388 ligatam
2480 5334 2714 5371 manum
2735 5324 2942 5372 teneat.
2966 5348 3032 5356 —
3054 5322 3213 5389 Stspe
3238 5333 3488 5388 namque
3509 5314 3706 5370 ﬁducia
3727 5312 3866 5376 longe

487 5413 662 5464 Vsas.
713 5412 869 5465 8-10.
902 5442 970 5451 —
1013 5411 1142 5478 Quis
1185 5410 1274 5465 det
1320 5415 1380 5464 ut
1430 5409 1613 5464 veniat
1653 5409 1842 5479 petitio
1891 5422 2031 5474 mea,
2065 5412 2115 5461 et
2229 5405 2937 5478 prosperitatisinflati,in
2971 5407 3226 5477 quodam
3248 5405 3320 5475 (ο)
3346 5410 3501 5462 statu
3526 5394 3866 5461 elationiseri-

484 5593 558 5665 (ιι)
581 5591 876 5665 Norman._,
901 5593 1049 5644 tanto
1080 5599 1193 5660 post
1218 5594 1381 5659 fortis
1401 5593 1643 5661 appetat.
1661 5590 1825 5645 Unus
1842 5589 2112 5657 Vindoc.,
2226 5585 2721 5665 suae/altitudine.

413 5657 560 5720 tanto
592 5666 704 5729 post
734 5663 950 5732 fortior.
1081 5657 1088 5660 ’
1219 5657 1224 5659 Ἴ
1432 5657 1445 5661 ’
1473 5657 1483 5661 ”
2298 5660 2366 5731 (c)
2394 5658 2634 5723 Turon.,
2667 5660 2729 5712 in
2758 5657 2989 5728 quodam
3009 5658 3171 5726 fastu.

483 5735 560 5807 (b)
583 5735 805 5791 Gemet.
840 5748 904 5789 ac
941 5746 1096 5788 unus
1140 5732 1480 5804 Compend.,
1517 5732 1648 5806 quia
1694 5731 2113 5807 dispensationis
