4134 6174
242 284 353 345 ’ΠἹ

1096 280 1497 343 MORALIUM
1542 279 1692 339 LIB.
1742 276 1875 339 VII.
1923 307 1999 320 ——-
2044 274 2125 335 IN
2174 272 2429 335 CAPUT
2475 272 2571 335 VI.
2620 274 2688 334 B.
2734 274 2896 336 JOB.

3634 276 3751 336 778

242 423 456 493 gimur.
508 421 769 491 Cumque
812 436 913 476 nos
953 417 1150 477 extolli
1196 420 1458 477 conditor
1518 417 1820 489 conspicit,
1855 416 1948 471 sed
1981 413 2037 480 Α
2063 430 2200 486 erga
2248 429 2351 469 nos
2380 413 2592 470 tacitus
2623 415 2918 485 operatur.
2948 414 3157 471 Beatus
3188 412 3368 487 igitur
3392 412 3502 470 Job
3542 430 3761 475 sermo-

243 525 493 566 amorem
526 526 698 565 suum
758 526 895 581 erga
954 527 1057 565 [108
1091 525 1192 579 per
1238 510 1475 566 verbera
1532 524 1646 564 non
1695 510 1938 574 exercet,

245 600 407 671 quasi
438 600 507 654 ad
547 598 799 654 ferienda
830 605 1029 655 nostra
1058 600 1194 655 vitia
1226 617 1461 655 manum
1494 600 1732 671 ligatam
1764 604 1939 654 tenet.

245 696 330 744 An
366 704 477 744 non
508 689 747 745 affectus
781 690 871 745 sui
913 706 1149 745 manum
1187 690 1469 761 ligaverat
1510 706 1642 746 cum
1677 686 1942 762 peccanti

243 775 453 848 populo
499 776 725 831 diccbat
762 794 775 831 :
813 781 945 835 Jam
982 794 1092 833 non
1134 780 1345 833 irascar
1389 779 1490 833 tibi
1514 778 1666 846 (lsai.
1704 794 1811 841 LIV,
1844 777 1940 844 9);

240 872 296 922 et
328 867 520 922 :Zelus
548 881 707 921 meus
746 869 968 923 recessit
999 884 1031 923 a
1064 876 1113 924 te
1144 868 1355 937 (Ezech.
1388 883 1500 935 xvr,
1534 867 1622 938 42)
1645 868 1672 922 ?
1703 868 1787 939 (a)
1817 865 1944 923 Sol-

238 961 327 1014 vat
376 973 507 1028 ergo
546 974 775 1013 manum
828 958 1060 1025 dicitur,
1117 965 1373 1014 exerceat
1432 958 1725 1014 allectum.
1773 957 1945 1011 Recte

237 1051 427 1103 autem
460 1046 832 1118 subjungitur
865 1065 877 1103 :
912 1048 974 1102 Et
1002 1048 1246 1104 succidat
1276 1063 1380 1104 me.
1418 1051 1559 1102 Cum
1591 1046 1745 1102 enim
1780 1062 1943 1101 secu-

240 1154 333 1194 ros
369 1154 473 1192 nos
514 1153 580 1193 ac
611 1138 677 1191 de
715 1138 994 1192 virtutum
1027 1138 1326 1193 afﬂuentia
1367 1138 1567 1206 elatos,
1610 1135 1944 1208 repentinus

240 1226 326 1281 vel
361 1225 571 1297 ﬂagelli
624 1225 807 1291 dolor,
841 1226 929 1283 vel
975 1226 1335 1283 inﬁrmitatis
1384 1227 1621 1282 tentatio
1673 1226 1943 1298 percutit,

242 1316 513 1387 protinus
557 1332 591 1371 a
639 1320 826 1373 status
858 1317 946 1371 sui
996 1318 1201 1373 vertice
1254 1319 1463 1373 mentis
1515 1321 1725 1373 nostrae
1775 1318 1946 1373 elatio

243 1406 472 1461 succisa
492 1404 667 1475 cadit,
694 1411 757 1461 ut
778 1407 845 1462 de
865 1407 1181 1479 semetipsa
1200 1406 1344 1463 nihil
1370 1408 1600 1475 audeat,
1625 1408 1748 1477 sed,
1775 1408 1946 1462 infir-

243 1496 470 1551 mitatis
501 1512 620 1551 sum
651 1496 766 1552 ictu
802 1502 1113 1568 prostrata,
1154 1514 1394 1553 manum
1426 1496 1672 1553 levantis
1703 1504 1941 1569 quaerat.

240 1585 390 1641 Hinc
429 1593 507 1643 est
553 1588 701 1656 quod
743 1588 929 1643 sancti
978 1588 1084 1643 viri
1138 1604 1269 1645 cum
1320 1588 1390 1642 de
1438 1588 1665 1644 occulta
1704 1604 1842 1659 erga
1889 1605 1948 1644 se

242 1674 629 1746 dispositione
658 1675 915 1747 suspecti
966 1682 1125 1741 sunt,
1154 1675 1285 1748 plus
1335 1691 1609 1745 prospera
1656 1676 1783 1747 ipsa
1814 1692 1947 1747 per-

2052 504 2228 560 nibus
2278 504 2370 559 Dei
2420 504 2861 570 contradiceret,
2893 504 2943 559 si
2975 504 3046 560 de
3094 505 3224 576 ejus
3281 505 3757 577 percussionibus

2052 601 2466 650 murmuraret.
2502 596 2610 650 Sed
2645 595 2783 667 quid
2818 594 2886 651 de
2910 610 3251 667 percussore
3278 610 3383 651 suo
3410 596 3645 656 sentiat.
3672 596 3759 650 in-

2052 683 2226 751 dicat,
2252 686 2350 756 qui
2376 685 2681 756 (sicutjam
2704 685 2983 757 diximus)
3004 701 3178 757 quem
3204 686 3507 742 ferientem
3531 684 3756 752 tolerat,

2052 779 2318 830 sanctum
2352 780 2534 830 vocat.
2578 774 2854 846 Sequitur
2886 792 2899 829 :

2409 908 2640 964 CAPUT
2667 908 2787 965 XXI
2818 910 2951 981 [Vet.
2988 909 3069 976 ιχ,
3101 912 3222 967 Rec.
3262 910 3414 981 VIII].

2124 1048 2297 1104 Vens.
2333 1048 2418 1103 11.
2452 1076 2520 1088 -—-
2573 1049 2707 1117 Qum
2749 1050 2828 1104 est
2875 1046 3025 1103 enim
3054 1047 3332 1119 fortitudo
3361 1061 3506 1113 mea,
3539 1048 3598 1101 ut
3628 1062 3762 1102 sus-

2055 1136 2265 1192 tineam
2284 1153 2303 1198 ;
2326 1142 2420 1192 aut
2451 1138 2570 1207 quis
2598 1137 2727 1207 ﬁnis
2751 1152 2926 1200 meus,
2960 1145 3021 1191 ut
3045 1136 3317 1207 patienter
3343 1151 3502 1206 agam
3523 1138 3550 1189 ἵ

2124 1230 2213 1285 24.
2274 1233 2413 1300 Quae
2455 1231 2733 1301 justorum
2766 1228 3058 1300 fortitudo,
3091 1242 3216 1298 quae
3253 1227 3633 1298 reproborum.
3692 1254 3763 1269 ~—

2054 1319 2372 1375 Sciendum
2397 1321 2548 1390 quod
2573 1319 2687 1373 alia
2705 1320 3028 1389 justorum,
3057 1322 3231 1389 atque
3253 1314 3757 1372 aliaestfortitudo

2056 1410 2454 1481 reproborum.
2497 1410 2799 1465 Justorum
2842 1408 3058 1481 quippe
3098 1407 3379 1465 fortitudo
3408 1412 3497 1465 est
3526 1423 3760 1463 carnem

2057 1500 2303 1565 vincere,
2339 1500 2587 1571 propriis
2610 1499 2686 1571 (ὁ)
2727 1498 3122 1556 voluntatibus
3153 1497 3463 1568 contraire,
3505 1497 3762 1553 delecta-

2056 1590 2271 1646 tionem
2305 1591 2431 1646 vitae
2462 1590 2759 1661 praesentis
2798 1591 3184 1661 exstinguere,
3219 1588 3395 1659 hujus
3428 1588 3634 1644 mundi
3665 1604 3764 1644 as-
3795 1614 3801 1620 -

2060 1696 2194 1750 pera
2228 1696 2329 1749 pro
2359 1679 2588 1735 aeternis
2616 1679 2874 1751 praemiis
2905 1695 3121 1741 amare,
3156 1676 3563 1749 prosperitatis
3603 1674 3767 1732 blan-

242 1764 583 1832 timescunt,
618 1766 824 1821 tentari
860 1770 1161 1837 appetunt,
1198 1764 1470 1836 ﬂagellari
1501 1766 1945 1837 concupiscunt,
1983 1777 2026 1842 B
2058 1768 2317 1823 dimenta
2344 1772 2734 1835 contemnere,
2767 1768 2842 1839 (ε)
2876 1767 3241 1823 adversitatis
3263 1772 3483 1822 metum
3508 1765 3567 1820 in
3592 1766 3765 1822 corde

240 1856 532 1925 quatenus
564 1854 847 1909 incautam
878 1858 1130 1910 mentem
1181 1863 1371 1909 metus
1403 1858 1459 1909 et
1497 1854 1665 1909 dolor
1702 1854 1949 1922 erudiat,

238 1958 309 1998 ne
329 1942 390 1997 in
423 1941 527 1997 hac
560 1944 1046 2015 peregrinationis
1074 1945 1187 2011 via,
1220 1944 1387 2000 hoste
1418 1960 1485 1999 ex
1515 1944 1746 2000 insidiis
1769 1961 1951 2000 erum-

237 2037 435 2106 pente,
469 2048 574 2089 sua
603 2035 870 2089 eamdem
902 2036 1159 2091 deterius
1192 2036 1476 2111 securitas
1517 2039 1759 2091 sternet.
1801 2035 1948 2091 Hinc

237 2123 554 2180 Psalmista
613 2124 738 2179 ait:
806 2125 981 2180 Proba
1050 2141 1153 2191 me,
1226 2125 1467 2194 Domine,
1531 2132 1581 2180 et
1658 2128 1809 2179 tenta
1865 2139 1950 2180 me

236 2214 415 2286 (Psal.
486 2231 612 2279 xxv,
683 2217 760 2283 2).
798 2215 941 2271 Hinc
1012 2214 1220 2270 iterum
1286 2215 1473 2271 dicit:
1548 2216 1657 2286 Ego
1719 2214 1789 2270 ad
1850 2218 1950 2285 lla-

233 2306 385 2375 gella
445 2309 681 2373 paratus
740 2320 865 2359 sum
917 2306 1086 2373 (Psal.
1150 2321 1359 2371 xxxvu,
1422 2304 1530 2375 18).
1592 2306 1731 2370 Quia
1792 2306 1948 2360 enim

234 2394 425 2451 sancti
455 2394 670 2450 mentis
701 2412 817 2450 suae
842 2395 1227 2466 correptionis
1250 2395 1460 2450 vulnus
1496 2394 1617 2450 sine
1649 2394 1949 2466 putredine

236 2502 354 2540 non
380 2500 508 2539 esse
529 2483 924 2550 considerant,
947 2484 1198 2541 libenter
1218 2502 1281 2540 se
1302 2484 1413 2541 sub
1438 2501 1613 2539 manu
1640 2484 1846 2539 medici
1877 2484 1948 2539 ad

235 2575 530 2630 sectiones
581 2577 808 2643 parant,
846 2578 926 2639 ut,
980 2579 1180 2645 aperto
1226 2574 1483 2641 vulnere,
1530 2574 1683 2629 virus
1732 2572 1947 2643 peccati

236 2666 428 2730 exeat,
462 2663 613 2734 quod
644 2680 787 2718 sana
810 2668 940 2719 cute
964 2664 1125 2719 intus
1149 2664 1469 2719 occidebat.
1497 2662 1657 2718 Unde
1680 2666 1736 2719 et
1757 2662 1947 2719 adhuc

236 2752 510 2808 subditur
542 2770 555 2808 :

880 2871 1106 2928 CAPUT
1139 2871 1285 2926 XIX.

295 2978 475 3033 Vens.
516 2982 607 3035 10.
646 3009 711 3018 -
741 2979 802 3032 Et
834 2980 945 3032 haec
966 2980 1106 3034 mihi
1133 2981 1209 3035 sit
1240 2981 1564 3046 consolatio,
1607 2989 1665 3034 ut
1686 2982 1941 3050 afﬂigens

224 3085 305 3125 me
335 3069 547 3138 dolore,
581 3086 688 3124 non
728 3075 941 3140 parcat.

288 3161 388 3213 22.
451 3158 638 3213 Sancti
694 3161 892 3214 timent
958 3176 1237 3231 prospera,
1297 3160 1525 3231 cupiunt
1594 3162 1834 3231 ﬂagella.
1870 3151 2014 3217 —C

222 3247 405 3303 Electi
453 3247 554 3318 qui
585 3263 715 3302 cum
762 3256 1128 3319 perpetrasse
1160 3265 1218 3303 se
1248 3249 1449 3305 illicita
1498 3256 1804 3316 noverunt,
1839 3252 1937 3306 sed

220 3339 662 3407 perscrutantes
687 3336 993 3392 inveniunt
1014 3338 1152 3409 quia
1170 3338 1328 3393 nulla
1345 3355 1445 3409 pro
1463 3338 1681 3394 illicitis
1698 3340 1940 3395 adversa

220 3424 486 3496 perpessi
535 3429 695 3493 sunt,
747 3426 799 3478 vi
846 3425 1147 3481 immensas
1206 3427 1534 3482 formidinis
1583 3429 1731 3483 221
1778 3429 1937 3484 tabe-

218 3518 413 3579 scunt,
449 3529 659 3584 pavore
688 3517 954 3580 aestuant,
985 3514 1241 3571 sinistris
1286 3514 1940 3587 agitatisuspicionibus

219 3604 517 3671 laborant,
546 3620 617 3659 ne
648 3604 703 3658 in
736 3609 1020 3672 aeternum
1054 3622 1114 3661 se
1135 3607 1323 3677 gratia
1344 3606 1689 3675 deseruerit,
1713 3623 1860 3677 quos
1878 3608 1938 3663 in

221 3696 501 3766 praesenti
532 3695 652 3750 vita
685 3695 822 3750 mali
855 3695 943 3750 sui
978 3696 1285 3752 retributio
1331 3696 1492 3751 nulla
1540 3697 1829 3763 custodit;
1866 3697 1939 3751 ti-

220 3794 381 3841 ment
416 3801 489 3840 ne
521 3785 665 3839 ultio
697 3802 824 3856 qua:
857 3788 1241 3858 suspenditur
1269 3788 1497 3857 gravior
1527 3788 1585 3841 in
1619 3788 1733 3841 ﬁne
1756 3803 1940 3842 serve-

220 3878 350 3943 tur;
385 3872 546 3929 feriri
573 3882 809 3945 paterna
832 3877 1191 3946 correptione
1222 3876 1577 3941 desiderant,
1600 3880 1656 3931 et
1677 3876 1936 3932 dolorem

217 3962 485 4020 vulneris
516 3965 899 4019 medicamina
930 3965 1135 4021 salutis
1161 3970 1389 4037 putant.
1428 3965 1601 4022 Recte
1624 3981 1759 4037 ergo
1783 3981 1936 4021 nunc

220 4054 472 4108 dicitur:
510 4054 641 4109 Haec
671 4054 809 4107 mihi
827 4056 899 4109 sit
924 4055 1243 4121 consolatio,
1275 4058 1330 4109 ut
1354 4053 1610 4127 afﬂigens
1643 4071 1729 4111 me
1754 4054 1937 4109 dolore

217 4158 323 4199 non
353 4145 571 4212 parcat.
605 4144 685 4196 Ac
715 4142 760 4195 si
793 4147 991 4214 aperte
1034 4144 1354 4200 diceretur:
1388 4144 1496 4207 Qui
1526 4145 1654 4201 ideo
1687 4144 1778 4200 hic
1809 4144 1938 4215 qui-

217 4229 465 4287 busdam
498 4230 700 4299 parcit,
734 4236 794 4286 ut
826 4247 923 4286 eos
958 4232 1014 4286 in
1051 4238 1396 4303 perpetuum
1432 4234 1637 4301 feriat;
1681 4234 1808 4289 ideo
1840 4233 1933 4290 hic

221 4336 308 4374 me
331 4321 528 4385 feriat,
580 4328 639 4373 ut
670 4337 786 4376 non
820 4324 1127 4391 parcendo,
1160 4324 1219 4378 in
1241 4327 1585 4394 perpetuum
1612 4328 1829 4395 parcat.
1856 4327 1936 4378 Ex

218 4408 537 4464 afﬂictione
568 4410 722 4464 enim
760 4426 851 4465 me
896 4412 1186 4480 consolor,
1227 4415 1364 4483 quia
1404 4414 1795 4481 corruptionis
1821 4412 1930 4467 hu-

220 4513 411 4552 maere
446 4499 815 4568 putredinem
850 4503 1060 4567 sciens,
1088 4502 1156 4555 ad
1184 4518 1347 4573 spem
1372 4500 1578 4557 salutis
1600 4518 1669 4556 ex
1698 4502 1935 4559 vulnere
1966 4515 2012 4582 D

218 4593 417 4641 certus
470 4587 698 4642 reddor.
753 4589 909 4654 Quod
960 4590 1096 4660 quia
1147 4608 1259 4646 non
1294 4592 1541 4647 tumenti
1592 4594 1687 4647 sed
1724 4591 1931 4646 humili

220 4681 417 4730 mente
449 4675 645 4737 edidit.
672 4678 1107 4750 subjungendo,
1132 4685 1193 4735 ut
1215 4680 1612 4752 praediximus,
1640 4682 1934 4753 patefacit,

218 4764 426 4819 dicens
460 4780 474 4817 :

932 4887 1169 4943 CAPUT
1202 4886 1315 4941 ΧΧ.

293 4999 442 5053 laxo.
478 5030 545 5037 —
575 4996 678 5051 Nec
698 4995 1071 5053 contradicam
1092 4996 1433 5052 sermonibus
1462 4998 1656 5052 sancti.

287 5088 381 5142 23.
406 5088 543 5143 Deus
566 5100 712 5156 δῶρα
739 5088 939 5141 tacitus
964 5087 1203 5156 loquitur
1219 5087 1566 5157 operibus.-—
1584 5085 1936 5157 Plerumque

223 5175 292 5230 ad
328 5193 437 5232 nos
471 5176 646 5231 verba
678 5175 779 5229 Dei
812 5190 925 5231 non
948 5179 1089 5231 sunt
1119 5174 1402 5229 dictorum
1440 5174 1687 5242 sonitus,
1720 5177 1821 5230 sed
1854 5175 1937 5229 ef-

222 5263 406 5320 fectus
438 5262 870 5336 operationum.
903 5266 966 5319 In
1001 5279 1066 5318 eo
1098 5262 1250 5319 enim
1284 5262 1453 5319 nobis
1487 5263 1748 5335 loquitur
1778 5263 1937 5335 quod

294 5475 381 5543 (a)
427 5475 509 5530 ita
557 5472 861 5543 Norman.,
913 5474 1172 5541 Vindoc.,
1221 5474 1563 5546 Compend.,
1624 5474 1935 5540 Bellovac.,

222 5550 522 5618 Turon.et
552 5554 663 5601 vet.
698 5547 824 5612 Ed.,
853 5548 1006 5616 quod
1035 5546 1271 5602 Coccius
1295 5548 1374 5601 ita
1397 5546 1660 5613 mutavit,
1686 5562 1937 5618 sequen-

226 5618 329 5671 tib.
366 5616 489 5672 aliis
524 5618 664 5691 __Ed.,
698 5619 901 5675 solvere
969 5633 1094 5691 ergo
1124 5634 1352 5675 manum
1380 5634 1536 5675 suam
1583 5616 1786 5676 dicitur
1812 5634 1935 5673 cum

226 5698 441 5762 exercet
468 5688 743 5762 aﬂectum.

296 5760 372 5830 (b)
407 5760 744 5835 Compend.,
776 5760 1000 5819 Ebroic.
1034 5772 1089 5819 et
1112 5762 1209 5821 alii
1231 5764 1525 5835 Norman.,
1550 5763 1796 5834 propriis
1847 5776 1934 5819 vo-

544 5860 819 5926 PATROL.
868 5862 1104 5928 LXXV.

2059 1875 2356 1930 superare.
2394 1858 2789 1929 Reproborum
2824 1874 2959 1914 vero
2991 1857 3269 1914 fortitudo
3309 1860 3399 1912 est
3427 1856 3767 1912 transitoria

2058 1947 2185 2004 sine
2233 1948 2555 2005 cessatione
2598 1948 2857 2019 diligere,
2908 1953 3108 2003 contra
3165 1945 3390 2018 ﬂagella
3446 1944 3766 2002 conditoris

2059 2038 2474 2093 insensibiliter
2524 2037 2856 2109 perdurare,
2890 2038 2962 2092 ab
3003 2052 3197 2093 amore
3244 2052 3438 2091 rerum
3470 2039 3766 2107 tempora-

2056 2126 2201 2182 lium
2238 2144 2341 2183 nec
2371 2144 2440 2183 ex
2490 2126 2839 2183 adversitate
2892 2127 3209 2198 quiescere,
3239 2126 3310 2182 ad
3362 2125 3596 2182 inanem
3636 2124 3763 2197 glo-

2058 2218 2202 2273 riam
2236 2218 2406 2273 etiam
2440 2234 2573 2273 cum
2606 2219 2732 2273 vitae
2775 2217 3125 2272 detrimento
3168 2216 3487 2288 pervenire,
3521 2215 3763 2270 malitias

2056 2315 2365 2379 augmenta
2387 2307 2711 2379 exquirere,
2745 2307 3030 2361 bonorum
3061 2307 3235 2361 vitam
3268 2320 3384 2360 non
3418 2302 3605 2359 solum
3635 2319 3763 2359 ver-

2058 2398 2143 2452 bis
2176 2414 2242 2451 ac
2274 2397 2554 2461 moribus,
2589 2397 2689 2452 sed
2720 2395 2891 2451 etiam
2924 2394 3135 2466 gladiis
3174 2394 3538 2466 impugnare,
3571 2393 3632 2449 in
3664 2408 3766 2449 se—

2056 2487 2327 2557 metipsis
2359 2502 2523 2557 spem
2558 2502 2785 2557 ponere,
2821 2486 3190 2556 iniquitatem
3215 2483 3471 2556 quotidie
3494 2483 3621 2540 sine
3641 2482 3761 2538 ullo

2058 2576 2329 2632 desiderii
2362 2576 2586 2631 defectu
2620 2579 2973 2647 perpetrare.
3006 2574 3151 2629 Hinc
3182 2579 3271 2631 est
3300 2574 3455 2647 quod
3480 2588 3580 2644 per
3598 2571 3765 2628 Psal-

2053 2666 2286 2720 mistam
2321 2664 2532 2720 dicitur
2562 2665 2633 2719 ad
2665 2662 2880 2719 electos
2914 2680 2927 2717 :
2966 2663 3224 2719 Viriliter
3260 2664 3435 2735 agite,
3465 2665 3517 2717 et
3545 2662 3765 2730 confor-

2054 2762 2200 2809 tetur
2228 2770 2320 2809 cor
2351 2762 2611 2820 vestrum,
2644 2768 2831 2809 omnes
2864 2753 2961 2824 qui
2988 2753 3220 2823 speratis
3249 2752 3309 2806 in
3341 2748 3758 2821 Domino(Psal.
3784 2756 3788 2762 ‘

2052 2862 2182 2911 xxx,
2213 2846 2327 2915 25).
2364 2844 2506 2899 Hinc
2547 2860 2649 2915 per
2679 2842 3013 2915 prophetam
3065 2841 3324 2914 reprobis
3360 2841 3571 2898 dicitur
3604 2856 3617 2895 :
3667 2838 3758 2896 Vx

2052 2938 2147 3007 qui
2174 2943 2410 3006 potentes
2441 2935 2568 2989 estis
2596 2932 2667 2987 ad
2685 2932 2985 3005 potandum
3014 2933 3227 2997 vinum,
3261 2935 3313 2987 et
3342 2932 3453 2986 viri
3491 2933 3658 3001 fortes
3688 2928 3759 2984 ad

2050 3026 2387 3081 miscendam
2416 3025 2736 3081 ebrietatem
2765 3025 2918 3095 (Isai.
2952 3040 3007 3092 ν,
3038 3023 3150 3093 22).
3185 3022 3331 3077 llinc
3366 3037 3466 3095 per
3494 3021 3759 3077 Salomo-

2052 3133 2184 3171 nem
2218 3114 2435 3171 dicitur
2465 3115 2617 3186 quod
2652 3112 2840 3171 sancti
2881 3112 3101 3184 quique
3131 3111 3260 3169 sine
3286 3110 3409 3168 ulla
3455 3112 3757 3174 debilitate

2053 3204 2325 3260 desiderii
2357 3204 2638 3259 internum
2671 3204 2932 3273 requiem
2992 3200 3461 3271 contemplantur
3494 3218 3507 3255 :
3543 3206 3621 3259 En
3647 3205 3758 3260 tec-

2050 3294 2227 3348 tulum
2257 3293 2586 3358 Salomonis,
2614 3295 2906 3362 sexaginta
2944 3294 3112 3362 fortes
3158 3291 3437 3358 ambiunt,
3470 3308 3539 3347 ex
3564 3294 3758 3363 fortis-

2046 3384 2203 3440 simis
2234 3383 2403 3439 lsraet
2433 3382 2614 3452 (Cant.
2649 3398 2733 3450 nr,
2764 3382 2843 3452 7).
2896 3381 3039 3437 Hinc
3079 3380 3391 3438 Psalmista
3437 3385 3638 3439 contra
3665 3399 3755 3439 rs-

2049 3477 2259 3547 probos
2280 3476 2336 3530 in
2361 3474 2629 3546 passione
2652 3473 2825 3545 positi
2848 3489 2983 3529 voce
2998 3473 3753 3545 Redemptorisinsinuans,

2048 3566 2128 3620 ait
2162 3582 2174 3619 :
2210 3569 2341 3619 Ecce
2379 3573 2779 3634 occupaverunt
2825 3564 3075 3617 animam
3123 3577 3322 3630 meam,
3374 3562 3660 3620 irruerunt
3692 3565 3753 3620 in

2046 3672 2132 3711 me
2161 3658 2329 3726 fortes
2362 3653 2535 3725 (Psal.
2576 3668 2732 3719 LVIII,
2765 3652 2840 3723 4).
2882 3653 3068 3717 Quam
3099 3652 3246 3709 bene
3278 3663 3581 3724 utramque
3638 3654 3753 3711 for-

2048 3745 2357 3801 titudinem
2406 3742 2589 3798 Isaias
2636 3743 2969 3814 complexus
3000 3747 3107 3809 est,
3159 3743 3358 3797 dicens
3394 3761 3407 3799 :
3442 3743 3549 3812 Qui
3576 3746 3752 3815 conﬁ-

2046 3835 2179 3889 dunt
2212 3835 2270 3888 in
2301 3834 2551 3900 Domino,
2591 3832 2883 3886 mutabunt
2919 3830 3301 3901 fortitudinem
3336 3832 3485 3893 tlsai.
3517 3847 3607 3896 XL,
3639 3834 3753 3903 31).

2046 3926 2190 3991 Quia
2221 3925 2376 3979 enim
2408 3937 2775 3994 nequaquam
2813 3926 3072 3987 sument,
3104 3921 3207 3975 sed
3247 3920 3541 3976 mutabunt
3583 3920 3751 3989 dixit,

2047 4018 2304 4088 profecto
2331 4017 2596 4085 patenter
2616 4011 2871 4068 innotuit
2890 4011 3064 4067 aliam
3085 4025 3212 4066 esse
3235 4026 3361 4080 quas
3385 4011 3471 4081 (d)
3495 4010 3750 4083 ponitur,

2046 4116 2101 4164 et
2131 4106 2304 4162 aliam
2338 4121 2467 4176 quae
2499 4102 2831 4160 inchoatur.

2114 4196 2201 4250 25.
2242 4197 2300 4249 In
2322 4194 2517 4265 quibus
2544 4194 2707 4263 fortis
2728 4196 2805 4247 est
2835 4190 3115 4263 reprobus,
3147 4190 3329 4259 segnis
3349 4196 3427 4245 est
3452 4189 3657 4260 justus.
3684 4219 3754 4231 —

2044 4294 2131 4341 An
2174 4303 2288 4341 non
2319 4284 2493 4340 etiam
2537 4280 2764 4353 reprobi
2797 4281 2972 4337 fortes
3021 4279 3299 4350 sunt,qui
3332 4280 3401 4335 ad
3453 4279 3752 4351 praesentis

2048 4375 2173 4430 vitae
2206 4370 2737 4443 concupiscentiam
2757 4373 2841 4425 tot
2862 4368 3163 4423 laboribus
3194 4370 3450 4433 currunt,
3477 4365 3753 4437 periculis

2045 4481 2107 4520 se
2138 4465 2420 4519 audenter
2450 4460 2752 4531 objiciunt,
2788 4475 2887 4529 pro
2930 4457 3109 4513 lucris
3148 4454 3539 4512 contumelias
3566 4454 3754 4512 liben-

2046 4564 2126 4609 ter
2160 4555 2372 4617 ferunt,
2404 4552 2475 4607 ab
2522 4549 2817 4622 appetitus
2848 4548 2937 4603 sui
2965 4547 3204 4602 libidine
3237 4546 3390 4603 222
3426 4544 3587 4601 nulla
3616 4544 3753 4601 victi

2045 4642 2452 4698 contrarietate
2493 4639 2776 4706 resiliunt,
2812 4635 3290 4709 percussionibus
3329 4638 3663 4701 durescunt,
3698 4638 3755 4690 et

2045 4732 2196 4788 mala
2237 4730 2439 4786 mundi
2472 4728 2720 4784 tolerant
2751 4744 2853 4799 pro
2889 4727 3133 4795 mundo,
3165 4726 3433 4797 ejusque,
3467 4730 3529 4781 ut
3568 4724 3649 4779 ita
3669 4723 3754 4779 di-

2044 4822 2248 4887 xerim,
2280 4820 2494 4889 gaudia
2540 4822 2866 4891 quaerentes
2918 4816 3189 4887 perdunt,
3240 4830 3345 4871 nec
3395 4818 3587 4869 tamen
3630 4811 3753 4865 haec

2048 4911 2343 4983 perdendo
2384 4908 2750 4982 fatigantur?
2786 4906 2943 4964 Unde
2973 4907 3118 4962 bene
3150 4920 3220 4960 ex
3246 4902 3487 4959 humani
3517 4897 3750 4972 generis

2046 5017 2182 5059 voce
2216 5018 2316 5073 per
2364 5001 2681 5057 Jeremiam
2732 4998 2947 5053 dicitur
2982 5012 2994 5050 :
3031 4993 3338 5052 lnebriavit
3365 5005 3452 5046 me
3473 4988 3751 5046 absinthio

2044 5097 2259 5165 (Thren.
2291 5102 2376 5157 in,
2415 5088 2756 5162 15).Ebrius
2807 5086 3023 5159 quippe
3071 5083 3221 5153 quod
3273 5081 3491 5153 patitur
3540 5076 3746 5134 nescit.

2044 5184 2353 5240 Absinthio
2383 5198 2518 5253 ergo
2550 5184 2639 5235 est
2666 5176 2878 5235 ebrius,
2914 5172 3038 5245 qui,
3070 5188 3189 5241 pm
3218 5186 3415 5227 amore
3445 5166 3750 5242 praesentis

2045 5274 2241 5331 saeculi
2273 5291 2305 5330 a
2335 5288 2512 5329 sensu
2560 5264 2802 5324 rationis
2852 5263 3096 5330 alienus,
3129 5262 3268 5317 dum
3318 5258 3608 5332 quidquid
3648 5273 3749 5330 pro

2046 5470 2383 5610 [@3333
2408 5537 2627 5602 Germ.,
2668 5534 3046 5589 adversantem
3090 5531 3378 5587 inimicum
3408 5530 3465 5584 in
3496 5528 3674 5585 corde.

2114 5544 2191 5683 Ed)
2226 5613 2306 5668 Ita
2354 5611 2415 5666 in
2471 5604 3081 5683 Bellovacthorman.
3114 5606 3171 5683 et
3218 5602 3349 5683 aliis
3379 5600 3674 5683 ﬁetquid'e

2226 5613 2306 5668 Ita
2354 5611 2415 5666 in
2471 5600 3349 5694 Bellovac.,‘Norman,etualiis
3379 5600 3747 5694 ;:t=quid‘efn

2044 5669 2254 5742 melius
2304 5698 2505 5765 quam,
2542 5669 2900 5765 proponitur,
2918 5680 2989 5765 ut
3033 5669 3605 5765 legiturJin‘lflditis.
3639 5669 3746 5727 Hi6

2040 5765 2233 5817 autem
2258 5746 2501 5830 po'nitur
2520 5746 2826 5826 significat,
2866 5746 3177 5822 deponitur,
3208 5746 3570 5819 relinquitur.

3342 5846 3418 5907 25
