4134 6174
371 218 494 277 7‘79

1645 206 1921 266 SANCTI
1968 208 2343 270 GBEGOBII
2391 211 2637 274 MAGNI
3713 236 3802 298 780

373 358 594 415 mundo
618 357 894 424 sustinet,
926 355 1049 411 leve
1070 352 1332 423 deputat,
1362 345 1578 403 laboris
1620 342 2070 436 amaritudinem
2097 342 2150 409 Α
2180 352 2316 436 oens
2341 362 2353 399 :
2391 347 2786 419 Reproborum
2820 351 3267 412 similitudinem
3287 359 3389 415 sub
3410 361 3686 436 disciplina
3716 387 3809 427 ver.

373 466 553 521 quam
586 448 792 505 tolerat
822 447 1072 519 ignorat,
1106 441 1242 514 quia
1270 437 1549 495 nimirum
1573 432 1983 491 delectabiliter
2007 431 2077 485 ad

371 546 583 595 cuncta
612 538 866 607 ducitur,
900 536 957 590 in
983 533 1191 606 quibus
1208 527 1514 603 pmnaliter
1539 525 1837 596 fatigatur.
1857 524 1927 576 At
1949 538 2081 577 con-

372 633 461 685 tra
489 629 577 685 vir
599 630 804 699 justus
836 628 905 683 ad
940 622 1145 680 mundi
1178 617 1434 692 pericula
1456 633 1557 688 pro
1582 614 1799 670 mundo
1831 612 2078 667 toleran-

370 720 445 775 da
474 735 603 775 esse
633 716 839 774 debilis
868 716 1081 779 studet,
1116 712 1289 767 finem
1321 722 1495 764 suum
1519 705 1595 776 (a)
1624 701 1927 772 conspicit,
1961 700 2077 754 vita

371 825 627 880 praesens
648 821 818 880 quam
852 806 931 861 sit
961 801 1299 859 transitoria
1330 796 1597 860 attendit,
1632 798 1685 849 et
1709 809 1806 863 pro
1832 808 1899 846 ea
1920 795 2076 845 exte-

370 900 493 955 rius
522 898 750 955 labores
784 892 1006 967 perpeti
1037 893 1254 957 renuit,
1289 889 1459 958 cujus
1500 884 1851 940 intrinsecus
1884 880 2077 936 delec-

370 991 649 1046 tationem
682 986 838 1045 vicit.
870 986 1080 1040 Beatus
1114 983 1291 1054 igitur
1319 978 1448 1045 Job,
1482 974 1783 1049 praesentis
1814 973 1940 1027 vitae
1975 975 2072 1026 ud-

365 1076 739 1132 versitatibus
770 1090 1029 1146 pressus,
1063 1071 1216 1127 dicat
1251 1086 1319 1124 ex
1349 1084 1475 1132 sua,
1513 1065 1667 1120 dicat
1709 1079 1776 1117 ex
1807 1060 2073 1116 omnium

363 1182 502 1224 voce
544 1167 836 1236 justorum
871 1181 883 1219 :
918 1165 1045 1231 Quae
1076 1168 1151 1217 est
1191 1161 1337 1216 enim
1369 1153 1637 1229 fortitudo
1676 1167 1820 1218 mea,
1865 1155 1923 1204 ut
1951 1166 2075 1205 sus-

365 1259 615 1313 tineam?
642 1262 740 1311 aut
762 1256 889 1326 quis
910 1255 1039 1325 ﬁnis
1069 1267 1241 1316 meus,
1275 1253 1335 1303 ut
1371 1248 1648 1319 patienter
1677 1260 1837 1314 agam
1858 1245 1883 1296 ?
1909 1247 1986 1296 Ac
2024 1240 2075 1295 si

364 1351 559 1419 aperte
581 1345 865 1411 insinuet,
891 1344 1092 1399 dicens
1126 1359 1138 1396 :
1174 1341 1327 1396 Mala
1359 1337 1554 1394 mundi
1595 1351 1695 1407 pro
1728 1332 1947 1387 mundo
1979 1335 2075 1385 to-

364 1438 545 1495 lerare
576 1452 820 1508 nequeo,
854 1434 991 1507 quia
1015 1435 1138 1504 jam
1180 1432 1241 1487 in
1263 1432 1390 1500 ejus
1437 1424 1724 1482 desiderio
1748 1423 1917 1479 fortis
1958 1439 2071 1477 non

362 1542 517 1584 sum.
553 1527 700 1583 Dum
732 1526 889 1583 enim
922 1521 1222 1595 praesentis
1251 1520 1382 1576 vita:
1413 1520 1586 1574 tinem
1618 1513 1931 1585 conspicio,
1971 1529 2076 1567 cur

363 1620 591 1691 pondus
604 1619 653 1688 ej
665 1616 1119 1688 uspatior,cujus
1134 1612 1451 1685 appetitum
1466 1608 1619 1664 calco
1632 1608 1659 1660 ?
1672 1610 1731 1660 Et
1747 1622 1778 1675 q
1792 1604 1884 1660 uia
1897 1603 2077 1675 injus-

362 1710 403 1763 ti
427 1707 661 1779 quique,
686 1716 749 1763 ut
772 1706 1044 1773 diximus,
1068 1707 1229 1759 tanto
1255 1699 1701 1757 fortiuslabores
1719 1696 1876 1751 illius
1894 1694 2069 1765 perfe-
2102 1720 2148 1784 B

363 1803 522 1868 runt,
547 1802 762 1870 quanto
785 1796 1010 1852 avidius
1023 1795 1147 1865 ejus
1162 1790 1539 1849 delectatione
1556 1790 1897 1859 pascuntur,
1918 1788 2069 1839 recte

363 1904 496 1946 mox
512 1888 774 1946 eamdem
790 1886 1171 1958 reproborum
1187 1880 1587 1938 fortitudinem
1600 1874 1820 1944 subdit,
1836 1875 2064 1931 dicens:

400 2021 413 2030 .
718 1977 948 2033 CAPUT
974 1975 1123 2031 XXII
1164 1974 1299 2043 [Vel.
1328 1973 1385 2039 x,
1422 1971 1541 2025 Rec.
1574 1969 1679 2038 IX].

434 2061 601 2118 Vane.
651 2061 738 2115 12.
789 2089 857 2099 —-
911 2058 1015 2114 Nec
1042 2053 1312 2126 fortitudo
1349 2050 1602 2122 lapidum
1632 2048 1897 2118 fortilulo
1928 2062 2067 2116 mea,

360 2164 463 2205 nec
488 2164 622 2205 caro
652 2164 774 2202 mea
813 2160 975 2203 aenea
1004 2148 1103 2199 est.

400 2242 520 2299 .26.
554 2239 646 2294 Ad
673 2238 1081 2306 percussionem
1113 2234 1208 2289 Dei
1235 2230 1344 2287 alii
1371 2239 1496 2286 sunt
1528 2229 1731 2302 lapides
1759 2230 1877 2283 sine
1913 2242 2064 2293 sono,

360 2328 465 2389 alii
487 2342 565 2385 «κδ
611 2342 811 2383 sonans
840 2329 960 2381 sine
1002 2340 1185 2379 sensu.
1226 2323 1319 2378 Job
1370 2336 1475 2377 non
1508 2336 1603 2390 per
1642 2318 1943 2385 insaniam,
1977 2317 2068 2372 sed

357 2435 455 2490 rer
482 2417 681 2474 salutis
711 2420 920 2471 statum
953 2414 1140 2486 fortis.
1173 2443 1240 2453 -—
1272 2412 1416 2475 Quid
1452 2412 1557 2465 hoc
1586 2409 1707 2463 loco
1740 2425 1847 2461 acre
1878 2424 1940 2460 ac
1983 2406 2066 2460 la-

362 2507 618 2580 pidibus,
641 2506 755 2562 nisi
775 2502 1207 2561 insensibilium
1228 2500 1529 2555 hominum
1548 2497 1721 2553 corda
1737 2497 2062 2567 signantur,

360 2596 463 2669 qui
494 2611 643 2668 saepe
673 2599 730 2652 et
758 2610 1041 2666 supernos
1071 2591 1222 2647 ictus
1254 2589 1564 2660 accipiunt,
1599 2592 1653 2642 et
1685 2591 1876 2640 tamen
1907 2584 2067 2638 nulla

362 2685 683 2759 disciplinae
716 2683 1090 2756 percussione
1123 2678 1518 2736 mollescunt?
1549 2680 1669 2743 Quo
1703 2681 1903 2731 contra
1926 2673 2069 2728 elec-

360 2778 437 2835 tis
469 2794 568 2849 per
598 2775 966 2848 prOphetam,
1011 2770 1318 2841 pollicente
1360 2767 1862 2835 Domino,dicitur
1895 2781 1906 2820 :
1950 2765 2065 2821 Tol-

362 2870 475 2923 lam
513 2884 547 2923 a
579 2865 724 2922 vobis
766 2881 856 2919 cor
895 2863 1197 2935 lapideum,
1229 2869 1275 2915 et
1314 2859 1448 2914 dabo
1486 2860 1638 2915 vobis
1677 2874 1772 2913 cor
1803 2873 2065 2911 corneum

354 2955 584 3025 (Επειδὴ.
616 2970 694 3021 XI,
732 2954 839 3021 19).
886 2950 1103 3006 Paulus
1133 2964 1363 3021 quoque
1396 2947 1477 3002 ait
1510 2964 1522 3002 :
1557 2947 1619 3001 Si
1649 2948 1852 3016 linguis
1885 2947 2065 2999 lmmi~

359 3062 492 3101 num
525 3045 718 3117 loquar
748 3051 797 3097 et
843 3042 1193 3110 angelorum,
1230 3038 1550 3093 charitatem
1593 3041 1776 3091 autem
1825 3052 1929 3090 non
1962 3036 2062 3089 Ιια-

360 3136 538 3201 beam,
569 3141 745 3204 [actus
779 3148 900 3186 sum
940 3131 1084 3185 velut
1114 3144 1191 3186 aes
1212 3144 1432 3193 sonans,
1467 3135 1565 3181 aut
1603 3126 1914 3198 cymbalum
1946 3127 2063 3179 tin-

377 3226 535 3287 niens
565 3224 609 3295 (l
637 3222 759 3277 Cor.
792 3238 914 3288 XIII,
952 3222 1023 3290 1).
1056 3220 1284 3275 Scimus
1315 3226 1503 3273 autem
1525 3217 1801 3288 quoniam
1827 3232 2065 3286 percus-

366 3313 417 3368 si
449 3312 669 3383 lapides
701 3310 919 3366 clarum
953 3324 1161 3363 sonum
1198 3309 1435 3362 reddere
1467 3308 1765 3376 nequeunt
1789 3322 1801 3373 ;
1828 3322 1904 3359 res
1938 3320 2065 3359 vero

365 3419 499 3459 cum
568 3401 911 3474 percutitur,
984 3415 1233 3455 canorus
1290 3396 1453 3452 Valde
1517 3397 1749 3451 sonitus
1816 3412 1881 3449 ex
1940 3395 2067 3465 ejus

366 3492 740 3565 percussione
786 3491 1089 3545 formatur.
1141 3488 1302 3552 Quod
1351 3487 1508 3558 quin,
1554 3492 1616 3541 ut
1654 3486 1898 3556 lapides,
1950 3484 2067 3539 vita

364 3588 542 3653 caret,
569 3598 806 3639 sensum
838 3580 895 3636 in
931 3581 1122 3636 sonitu
1158 3596 1271 3635 non
1306 3578 1501 3634 habet.
1547 3581 1612 3631 Et
1638 3582 1773 3632 sunt
1804 3575 2065 3631 nonnulli

363 3675 486 3744 qui,
526 3673 821 3745 lapidibus
871 3670 1116 3737 similes,
1146 3670 1228 3725 ita
1257 3669 1325 3723 ad
1360 3666 1594 3740 pietatis
1644 3674 1927 3737 prmcepta
1957 3668 2063 3720 du-

362 3768 626 3833 ruerunt,
659 3767 723 3816 ut
752 3777 885 3817 cum
928 3778 1024 3816 eos
1057 3758 1352 3831 percussio
1385 3774 1653 3828 supernze
1698 3755 2065 3811 animadver-

362 3854 542 3909 sionis
565 3852 880 3920 examinat,
910 3866 1273 3922 nequaquam
1296 3848 1553 3903 sonitum
1575 3846 1818 3901 humilis
1837 3847 2065 3901 confes-

360 3943 545 3999 sionis
576 3944 841 3999 reddant.
876 3940 1120 4006 Quidam
1160 3956 1290 3995 vero
1324 3956 1355 3993 a
1387 3936 1618 3992 metallo
1652 3937 1780 3990 mris
1814 3937 1867 3990 in
1905 3936 2063 3991 nullo

359 4034 777 4104 discrepantes,
820 4048 952 4087 cum
985 4030 1211 4101 ﬂagella
1240 4045 1504 4099 superne
1539 4026 1928 4095 percussionis
1968 4043 2065 4080 ac-

360 4124 605 4194 cipiunt,
639 4123 743 4194 pias
776 4120 1156 4177 confessionis
1182 4120 1435 4175 sonitum
1469 4117 1773 4182 emittunt;
1802 4118 1900 4170 sed
1926 4116 2065 4187 quia

358 4212 711 4267 humilitatis
744 4228 909 4267 voces
941 4228 1008 4265 ex
1038 4211 1211 4265 corde
1244 4226 1357 4264 non
1395 4206 1713 4278 proferunt,
1750 4206 1819 4261 ad
1853 4210 2065 4262 statum

360 4300 567 4355 salutis
600 4300 841 4367 reducti,
875 4299 1306 4367 nesciuutquod
1341 4296 1753 4367 promiserunt.
1794 4294 1879 4350 Illi
1904 4312 2062 4367 ergo,

362 4404 520 4443 more
550 4388 809 4458 lapidum
861 4387 1145 4458 percussi,
1181 4403 1283 4443 nec
1335 4402 1501 4441 voces
1536 4386 1793 4450 habent;
1837 4385 1933 4439 isti
1966 4402 2061 4438 au-

360 4485 471 4535 tem
507 4478 565 4534 in
600 4478 757 4533 nullo
790 4479 916 4533 aeris
965 4479 1346 4533 imitationem
1398 4478 1648 4548 fugiunt,
1686 4475 1805 4546 qui,
1841 4476 1898 4529 iu
1935 4492 2058 4547 per-

356 4567 628 4622 cussione
662 4566 856 4637 positi,
890 4568 1041 4622 bona
1072 4583 1198 4636 qua:
1253 4584 1366 4620 non
1402 4566 1669 4620 sentiunt
1712 4564 2054 4635 loquuntur.

355 4656 444 4712 Illi
476 4656 550 4727 (b)
580 4656 939 4711 venerationi
975 4656 1231 4711 ferientis
1264 4661 1320 4710 et
1352 4656 1520 4709 verba
1564 4656 1887 4724 denegant:
1934 4654 2053 4717 isti,

355 4744 697 4816 pollicentes
745 4746 897 4815 quod
933 4761 1048 4801 non
1100 4744 1397 4814 impleant,
1445 4745 1569 4798 sine
1611 4746 1727 4799 vita
1776 4744 2052 4799 clamant.

354 4836 455 4891 Vir
484 4836 666 4909 igitur
696 4840 960 4903 sanctus,
984 4834 1358 4905 reproborum
1384 4833 1658 4888 duritiam
1692 4834 1841 4888 inter
1868 4835 2057 4889 verbe-

352 4940 417 4980 ra
466 4927 711 4998 fugiens,
750 4925 951 4982 dicat:
1010 4925 1114 4980 Nec
1170 4924 1434 4995 fortitudo
1486 4924 1733 4993 lapidum
1792 4922 2056 4991 fortitudo

350 5030 488 5086 mea,
520 5032 617 5073 nec
645 5031 771 5073 caro
803 5032 923 5073 mea
960 5031 1109 5071 aenea
1140 5019 1236 5071 est.
1272 5016 1351 5069 Ac
1381 5014 1428 5069 si
1452 5016 1646 5084 aperte
1670 5013 1930 5080 fateatur,
1967 5012 2053 5067 di-

420 5206 503 5274 {a)
524 5206 773 5278 Ebroic..
807 5208 969 5275 ﬁnem
1000 5207 1351 5278 concupiscit.

424 5277 495 5343 (b)
523 5276 612 5349 Sic
638 5274 1071 5349 restituendum
1108 5274 1432 5349 putavimus
1463 5292 1529 5331 ex
1562 5276 1700 5331 Mss.
1741 5274 2052 5344 plerisque,

349 5346 919 5427 emendat/imusque,
940 5350 1086 5427 quod
1108 5346 1284 5427 'prius
1326 5350 1629 5427 legebatttr
1662 5349 2054 5427 :_llli‘ven_era-

351 5418 555 5471 tionem
586 5418 842 5481 ferientis
870 5425 921 5473 et
953 5418 1178 5475 uerbera
1216 5422 1499 5490 denegant.
1546 5418 2051 5474 Dissimulandum

348 5492 546 5568 tamen
580 5503 701 5568 non
727 5496 812 5568 est
857 5491 953 5568 hic
988 5491 1208 5568 variare
1238 5492 1624 5568 exemplaria._
1647 5491 1833 5545 Unum
1885 5490 2051 5568 Com-

347 5559 520 5628 pend.
556 5563 612 5612 et
643 5559 1100 5631 Bigot._habcnt,
1132 5559 1479 5618 veneratione
1516 5563 1766 5631 ferientis
1796 5571 1845 5617 et
1884 5562 2051 5617 verba

348 5632 630 5708 denegant.
682 5629 854 5708 Aliud
890 5632 1230 5708 compend”
1281 5629 1839 5708 Lyrann'nUticcnse,
1892 5648 2050 5688 vene-

348 5700 560 5756 rationi
576 5702 857 5770 ferientis,
880 5705 988 5755 etc.
1015 5698 1223 5757 Omnia
1246 5698 1377 5758 vero
1402 5704 1697 5772 exhibent,
1722 5704 1905 5769 verba,
1932 5721 2046 5759 non

2096 3083 2138 3149 Ο
2179 3086 2271 3154 rit,
2307 3088 2571 3158 protinus
2599 3089 2664 3143 ad
2697 3089 3042 3143 sententiam
3075 3091 3353 3162 erumpit,
3387 3091 3579 3149 dicens
3610 3108 3621 3146 :

2190 433 2326 491 here
2360 437 2540 508 fugio,
2586 439 2722 510 quia
2753 458 2855 497 nec
2888 458 3049 500 more
3088 446 3243 502 228
3287 433 3634 521 lapidum—ita
3660 458 3808 514 obdu-

2189 526 2303 593 rui,
2336 531 2399 581 ut
2428 530 2535 583 sub
2570 532 2963 599 percussionis
2986 534 3228 591 stimulo
3251 555 3282 591 a
3306 540 3599 599 ministerio
3627 549 3809 605 confes-

2188 611 2371 668 sionis
2421 616 2817 673 obmutescam
2862 638 2876 687 ;
2940 637 3044 676 nec
3093 639 3296 680 rursus
3354 630 3506 698 quasi
3551 647 3618 685 ms
3653 650 3809 690 vocem

2188 703 2573 794 confessionis
2597 724 2826 777 resono,
2851 718 2903 764 et
2926 726 3161 768 sensum
3192 715 3345 770 vocis
3367 716 3565 789 ignoro.
3593 722 3685 777 Sed
3706 725 3812 794 quia

2185 791 2253 845 ad
2289 793 2719 862 pereussionem
2755 799 2979 869 reprobi
3012 801 3281 858 debilitor
3318 804 3481 863 fortes
3518 814 3656 879 sunt,
3682 791 3814 867 electi

2185 886 2376 981 autem
2410 885 2665 941 valenter
2690 888 2927 959 infirmi,
2954 891 3157 947 beatus
3178 893 3286 949 Job
3309 896 3439 952 dum
3470 900 3650 955 fortem
3672 918 3720 957 se
3739 919 3817 974 per

2184 981 2473 1028 Insaniam
2507 992 2617 1030 non
2650 993 2780 1033 esse
2814 981 3035 1049 asserit,
3066 982 3268 1039 fortem
3310 1002 3368 1040 se
3399 1003 3492 1056 per
3519 994 3707 1045 statum
3741 1008 3820 1046 sa-

2185 1060 2323 1117 lutis
2368 1064 2697 1121 innotescit.
2747 1068 2886 1139 [νει.
2918 1071 3029 1141 XL]
3064 1071 3226 1129 Unde
3256 1091 3387 1147 ergo
3421 1076 3559 1132 bauc
3602 1080 3818 1135 eamdem

2183 1150 2577 1242 fortitudinem
2612 1159 2890 1230 percepit,
2925 1161 3204 1231 insinuet,
3238 1181 3308 1220 ne
3337 1166 3381 1220 si
3413 1166 3520 1222 sibi
3547 1168 3679 1225 vires
3704 1187 3821 1242 quas

2183 1239 2352 1297 habet
2386 1253 2633 1317 arrogat,
2676 1254 2939 1319 potenter
2969 1252 3039 1306 ad
3076 1257 3318 1309 mortem
3372 1262 3571 1313 currat.
3603 1239 3816 1315 Plerum-

2184 1347 2296 1400 que
2324 1334 2480 1390 enim
2515 1337 2690 1393 virtus
2720 1336 2922 1394 habita
2953 1340 3209 1398 deterius
3258 1360 3425 1414 quam
3456 1346 3501 1402 si
3531 1347 3725 1404 deesset
3747 1348 3820 1403 in-

2183 1423 2426 1491 terficit;
2487 1426 2626 1496 quia
2681 1428 2821 1483 dum
2880 1431 2950 1485 ad
3013 1431 3101 1486 sui
3162 1434 3557 1493 conﬁdentiam
3615 1442 3821 1494 mentem

2182 1512 2370 1584 erigit,
2406 1514 2555 1570 hanc
2586 1515 2854 1572 elationis
2894 1519 3087 1589 gladio
3118 1523 3410 1595 transﬁgit
3440 1541 3694 1596 :cumque
3720 1542 3821 1583 eam

2183 1602 2349 1673 quasi
2385 1603 2710 1660 roborando
2742 1605 3010 1674 viviﬁcat,
3042 1608 3316 1667 elevando
3349 1618 3542 1680 necat;
3574 1616 3637 1670 ad
3666 1615 3824 1671 interi-

2183 1694 2302 1745 tum
2332 1691 2597 1748 videlicet
2629 1695 2909 1765 pertrahit
2952 1713 3128 1768 quam
3164 1714 3265 1770 per
3297 1718 3453 1771 spem
3486 1704 3742 1775 propriam
3768 1706 3823 1761 ab

2178 1780 2420 1837 interna:
2461 1783 2822 1840 fortitudinis
2865 1786 3076 1842 ﬁducia
3118 1788 3333 1846 evellit.
3375 1793 3477 1847 Sed
3510 1794 3631 1863 quia
3659 1793 3823 1849 beatus

2171 1870 2280 1926 Job
2317 1875 2373 1928 et
2402 1872 2617 1929 virtute
2668 1874 2863 1945 pollet,
2897 1880 2954 1931 et
2986 1876 3041 1931 in
3076 1879 3392 1942 semetipso
3440 1882 3690 1936 fiduciam
3732 1899 3821 1938 non

2173 1958 2368 2029 habet,
2421 1966 2612 2033 atque,
2649 1969 2711 2018 ut
2743 1963 2820 2018 ita
2865 1963 3131 2033 dixerim,
3182 1967 3333 2024 vires
3366 1969 3621 2026 infirmus
3667 1971 3820 2037 habet,

2172 2053 2301 2120 apte
2327 2050 2651 2123 subjungit,
2685 2052 2885 2108 dicens
2919 2067 2938 2110 :

2792 2172 3021 2226 CAPUT
3052 2172 3253 2231 XXIII.

2241 2275 2412 2331 Vsus.
2465 2278 2551 2333 13.
2584 2308 2652 2318 —-
2702 2279 2830 2336 Ecce
2874 2298 2985 2337 non
3027 2290 3106 2337 est
3155 2285 3435 2339 auxilium
3481 2285 3612 2340 mihi
3654 2287 3704 2339 in
3743 2299 3823 2339 me.

2240 2368 2328 2419 27.
2383 2368 2523 2434 Quia
2568 2372 2708 2423 vires
2754 2386 2882 2425 suas
2925 2388 3035 2428 non
3082 2374 3206 2441 sibi,
3252 2374 3347 2429 sed
3398 2375 3498 2430 Deo
3540 2376 3829 2430 ascribit.—

2170 2460 2331 2511 Palet
2354 2458 2473 2527 jam
2508 2459 2575 2512 ad
2609 2460 2771 2528 cujus
2820 2477 2978 2530 spem
3013 2463 3273 2534 percussi
3321 2464 3554 2520 animus
3593 2466 3829 2526 recurrat,

2170 2561 2303 2601 cum
2336 2546 2393 2601 in
2425 2563 2486 2601 se
2518 2547 2627 2602 sibi
2662 2564 2790 2604 esse
2813 2550 3097 2606 auxilium
3130 2552 3400 2623 denegat.
3439 2554 3542 2609 Sed
3567 2552 3831 2623 quiainlir-

2173 2652 2333 2690 mum
2366 2653 2427 2691 se
2459 2637 2514 2690 in
2543 2638 2851 2709 semetipso
2878 2638 3162 2711 insinuat,
3191 2643 3261 2697 ad
3293 2643 3525 2713 majoris
3552 2642 3722 2697 adhuc
3744 2641 3832 2694 for-

2170 2727 2436 2781 titudinis
2469 2727 2763 2795 meritum,
2800 2730 3091 2800 quomodo
3123 2731 3299 2789 etiam
3331 2750 3363 2788 a
3397 2732 3659 2805 proximis
3695 2730 3838 2786 desti-

2170 2820 2370 2870 tuatur
2401 2816 2702 2887 adjungat,
2746 2848 2812 2858 -—-
2863 2836 3001 2873 IBlD.
3040 2836 3052 2872 :
3084 2849 3155 2861 —
3202 2822 3502 2877 Necessarii
3539 2837 3727 2893 quoque
3750 2820 3836 2874 mei

2169 2914 2506 2959 recesserunt
2536 2921 2569 2960 a
2600 2922 2702 2961 me.
2736 2907 2847 2961 Sed
2889 2924 3019 2963 ecce
3060 2911 3375 2982 despectus
3415 2912 3674 2974 exterius,
3702 2909 3832 2963 intus

2171 2994 2317 3050 solio
2346 2997 2557 3065 judicii
2593 2996 2880 3068 prmsidet.
2914 2998 3058 3053 Nam
3100 3015 3232 3056 cum
3267 3000 3603 3057 derelictum
3633 3016 3684 3056 se
3709 3015 3832 3055 asse-

2662 3202 2892 3259 CAPUT
2923 3203 3090 3259 XXIV
3122 3206 3265 3275 meo.
3308 3208 3393 3278 X].

2247 3312 2418 3364 Vens.
2457 3311 2540 3364 14.
2574 3342 2636 3352 -
2676 3312 2777 3379 Qui
2807 3312 2949 3369 tollit
2976 3314 3046 3368 ab
3077 3312 3253 3370 amico
3287 3331 3389 3371 suo
3426 3312 3836 3379 misericordiam,

2177 3399 2429 3455 timorem
2463 3400 2680 3455 Domini
2707 3401 3062 3473 derelinquit.

2244 3488 2334 3543 28.
2384 3488 2548 3544 Amor
2593 3492 2689 3545 Dei
2724 3495 2776 3545 et
2824 3507 2990 3545 amor
3037 3495 3285 3562 proximi
3331 3493 3461 3565 quid
3507 3494 3607 3549 sibi
3650 3493 3839 3546 invicem

2171 3582 2457 3648 praestent.
2482 3611 2549 3618 —
2580 3580 2719 3645 Quis
2753 3578 2999 3636 bocloco
3021 3580 3193 3636 amici
3225 3586 3467 3639 nomine
3499 3583 3605 3639 nisi
3637 3579 3840 3653 quilibet

2176 3670 2475 3740 proximus
2507 3670 2866 3741 designatur,
2902 3671 3001 3741 qui
3033 3686 3099 3726 eo
3130 3672 3307 3729 nobis
3337 3670 3841 3743 fideliterjungitun

2175 3779 2307 3833 quo,
2344 3769 2612 3833 percepto
2640 3776 2793 3815 nunc
2825 3778 2857 3815 a
2889 3760 3057 3817 nobis
3083 3762 3236 3818 bono
3285 3778 3479 3835 opere,
3514 3763 3580 3817 ad
3612 3761 3836 3816 obtinen-

2175 3854 2305 3907 dam
2336 3856 2466 3921 post
2489 3854 2758 3905 aeternam
2782 3851 3029 3920 patriam
3056 3851 3334 3908 veraciter
3364 3845 3838 3913 auxiliatur?0uia

2176 3950 2368 3999 autem
2419 3943 2531 3996 duo
2580 3946 2715 3995 sunt
2764 3947 3043 4012 praecepta
3092 3943 3421 4010 charitatis,
3471 3944 3567 3998 Dei
3617 3940 3839 3996 videlicet

2175 4050 2341 4088 amor
2370 4041 2421 4088 et
2455 4030 2720 4102 proximi,
2755 4047 2855 4102 per
2885 4048 3137 4088 amorem
3185 4032 3290 4089 Dei
3321 4050 3485 4090 amor
3517 4029 3743 4105 proximi
3768 4026 3835 4098 gi-

2174 4124 2389 4193 gnitur,
2434 4129 2486 4176 et
2518 4138 2616 4191 per
2658 4138 2912 4176 amorem
2962 4122 3206 4192 proximi
3252 4140 3422 4179 amor
3465 4124 3561 4178 Dei
3600 4120 3834 4176 nutritur.

2174 4211 2318 4265 Nam
2344 4210 2437 4281 qui
2462 4227 2654 4264 amare
2678 4209 2857 4263 Deum
2884 4210 3142 4281 negligit,
3164 4212 3426 4281 profecto
3444 4211 3673 4281 diligere
3688 4203 3842 4280 proxi-

2175 4317 2335 4355 mum
2370 4298 2588 4365 nescit;
2625 4303 2681 4352 et
2710 4303 2849 4354 tunc
2883 4298 3110 4370 plenius
3143 4299 3198 4354 in
3234 4301 3338 4355 Dei
3371 4300 3670 4356 dilectione
3697 4293 3845 4368 profi-

2173 4391 2381 4455 cimus,
2409 4390 2536 4444 siin
2559 4389 2818 4459 ejusdem
2844 4388 3177 4445 dilectionis
3198 4392 3429 4461 gremio
3454 4389 3612 4462 prius
3633 4379 3843 4459 proximi

2171 4480 2447 4536 charitate
2481 4478 2873 4549 lactamurlc).
2909 4479 3054 4543 Quia
3085 4479 3240 4534 enim
3277 4497 3448 4536 amor
3489 4480 3586 4534 Dei
3618 4488 3839 4532 amorem

2173 4569 2416 4641 proximi
2450 4573 2703 4637 generat,
2739 4570 3000 4623 dicturus
3035 4585 3131 4639 per
3164 4568 3353 4639 legem
3398 4569 3689 4631 Dominus,
3727 4561 3840 4617 Dili-

2167 4676 2256 4730 ges
2296 4657 2609 4729 prorcimam
2653 4664 2807 4711 tuum
2856 4657 3033 4727 (Deut.
3078 4675 3160 4723 v1,
3198 4659 3269 4725 5;
3306 4676 3361 4725 κ,
3418 4659 3527 4727 12),
3578 4650 3840 4728 praemisit,

2168 4749 2414 4802 dicens:
2466 4748 2674 4817 Diliges
2725 4748 3015 4800 Dominum
3062 4748 3228 4801 Deum
3279 4756 3438 4801 tuum
3489 4746 3836 4816 (dictitanti,

2166 4840 2253 4903 37,
2286 4838 2374 4903 39)
2412 4854 2423 4890 :
2460 4844 2519 4890 ut
2549 4834 2767 4891 scilicet
2798 4836 2857 4890 in
2881 4840 3031 4891 terra
3054 4837 3304 4906 pectoris
3327 4836 3514 4892 nostri
3540 4834 3691 4907 prius
3708 4844 3838 4885 amo-

2166 4927 2246 4982 ris
2278 4928 2369 4983 sui
2401 4928 2646 4982 radicem
2683 4926 2902 4996 figeret,
2936 4932 3221 4996 quatenus
3262 4943 3365 4995 per
3395 4941 3590 4982 ramos
3622 4924 3837 4994 postme

2165 5018 2304 5072 dum
2355 5014 2587 5071 dilectio
2634 5017 2887 5071 fraterna
2930 5016 3307 5087 germinaret.
3360 5014 3428 5070 Et
3458 5027 3687 5070 rursum
3724 5003 3839 5078 quin

2164 5205 2422 5269 verbera;
2450 5207 2506 5258 et
2549 5204 2787 5275 quidem
2819 5203 2888 5258 ad
2931 5206 3181 5275 mentem
3222 5203 3414 5259 sancti
3463 5196 3730 5275 Gregorii,
3758 5189 3840 5265 qui

2163 5277 2233 5330 de
2272 5269 2624 5347 quibusdam
2668 5274 3006 5331 hominibus
3050 5274 3335 5346 loquitur,
3392 5289 3549 5347 more
3580 5269 3839 5347 lepidum.

2163 5343 2391 5402 nullum
2425 5348 2701 5415 sonitum,
2736 5349 2873 5401 dum
2912 5343 3343 5417 percuti-untur,
3378 5343 3763 5417 reddentibus.

2233 5419 2302 5490 (ε)
2335 5422 2420 5474 Ita
2462 5422 2597 5473 Mss.
2642 5410 3238 5489 Anglic.,'Norman.,
3283 5418 3559 5490 iTuron.,
3606 5410 3835 5490 Floriac._,

2162 5483 2420 5559 Vindoc.,
2464 5495 2576 5545 etc.
2635 5483 2891 5553 Qui‘dam'
2944 5496 3137 5545 tamen
3205 5489 3424 5545 habent
3473 5489 3747 5559 laetemur,
3790 5483 3835 5533 et

2163 5553 2440 5616 mendose
2480 5562 2679 5630 aliqui,
2724 5562 3006 5616 lactemus.
3054 5561 3117 5617 In
3165 5560 3327 5616 nullo
3374 5568 3565 5616 autem
3617 5553 3833 5626 legimus

2188 5635 2439 5759 ltigungus,
2466 5640 2528 5687 ut
2559 5635 2619 5689 in
2653 5632 2854 5689 Editis.
2892 5632 3053 5690 Unus
3076 5632 3319 5689 Vindoc.
3346 5633 3517 5689 habet
3543 5630 3830 5696 (etrigantur,

2188 5745 2215 5751 η
2256 5721 2330 5759 ac
2359 5722 2545 5759 amur.

2161 5710 2215 5760 et
2246 5710 2545 5761 laetamur.
