4134 6174
322 284 437 344 781

1220 276 1636 339 MORALIUM
1683 278 1830 340 LIB.
1880 277 2013 340 v11.
2060 308 2133 323 —
2180 278 2257 338 1N
2303 277 2472 343 esp.
2524 282 2630 346 VI.
2678 284 2747 344 B.
2795 282 2957 347 JOB.

3733 290 3852 355 782

325 435 488 476 amor
528 418 630 474 Dei
669 432 738 473 ex
787 414 1036 488 proximi
1084 429 1279 470 amore
1327 414 1409 486 (α)
1448 413 1739 485 coalescit,
1782 417 2029 471 testatur
2059 416 2113 483 Α
2145 414 2450 474 nobiscum
2481 420 2701 489 gremio
2733 436 2836 493 per
2876 421 3050 478 fidem
3102 422 3413 497 prodeunt,
3458 426 3560 483 sed
3616 426 3676 485 in
3733 444 3851 485 uno

321 514 603 576 Joannes,
636 508 876 563 dicens:
910 507 1149 575 Quinon
1198 503 1385 575 diligit
1419 508 1649 575 fratrem
1679 522 1841 561 suum
1872 522 2030 577 quem

320 600 494 665 videt,
524 601 695 654 Deum
726 612 886 668 quem
922 610 1033 649 non
1062 594 1226 661 videt,
1282 594 1543 666 quomodo
1585 600 1757 666 potest
1799 596 2029 666 diligere

321 692 372 761 (ι
399 692 555 746 Joan.
590 703 666 757 ιν,
697 686 839 759 20)?
882 688 1016 750 Quae
1054 690 1249 740 tamen
1300 685 1496 741 divina
1537 684 1770 742 dilectio
1812 702 1914 757 per
1954 686 2029 741 ti-

324 796 546 837 morem
572 780 855 848 nascitur,
888 776 988 834 sed
1021 776 1081 831 in
1114 776 1383 832 affectum
1440 778 1748 832 crescendo
1776 780 2029 849 :permu-

323 877 502 927 tatur.

390 962 479 1018 29.
518 959 771 1015 Proximi
787 958 1012 1015 dilectio
1046 957 1103 1011 in
1134 958 1251 1029 ejus
1271 957 1544 1014 {erumnis
1571 958 1853 1029 probatur.
1875 958 2030 1013 Ami-

318 1068 442 1108 cum
468 1051 526 1106 in
560 1048 809 1106 adversis
837 1048 1187 1120 despicientis
1226 1051 1439 1119 quanta
1475 1046 1763 1118 iniquitas.
1797 1078 1865 1087 -—
1906 1048 2031 1102 Sa:-

322 1160 393 1215 pe
424 1158 557 1198 vero
588 1140 955 1212 omnipotens
989 1143 1140 1195 Deus
1172 1146 1232 1193 ut
1260 1142 1545 1209 quantum
1570 1138 1819 1209 quisque
1841 1156 1872 1193 a
1894 1138 2028 1193 cba-

323 1234 496 1289 ritate
527 1233 655 1303 ejus
689 1247 754 1286 ac
785 1229 1031 1301 proximi
1070 1228 1241 1299 longe
1271 1228 1367 1297 sit,
1408 1228 1496 1283 vel
1528 1228 1585 1282 in
1636 1244 1705 1283 ea
1744 1236 2027 1298 quantum

319 1322 629 1396 profecerit
689 1323 1033 1386 innotescat,
1095 1319 1244 1375 miro
1293 1318 1495 1375 ordine
1544 1324 1748 1374 cuncta
1797 1320 2029 1389 dispen-

320 1432 482 1480 sans,
516 1413 659 1469 alios
695 1410 936 1483 ﬂagellis
958 1409 1247 1482 deprimit,
1274 1409 1421 1465 alios
1444 1410 1815 1466 successibus
1845 1410 2025 1465 fulcit.

320 1505 536 1560 Etcum
560 1500 842 1575 quosdam
874 1499 1267 1570 temporaliter
1309 1498 1545 1565 deserit,
1565 1499 1621 1553 in
1643 1499 2024 1568 quorumdam

316 1592 598 1649 cordibus
622 1592 776 1665 quod
806 1589 1027 1646 malum
1049 1589 1188 1643 latet
1214 1588 1489 1643 ostendit.
1512 1587 1654 1643 Nam
1684 1586 2029 1659 plerumque

316 1681 430 1754 ipsi
462 1697 565 1737 nos
598 1681 841 1736 miseros
892 1679 1304 1749 insequuntur,
1330 1676 1428 1747 qui
1471 1675 1666 1732 felices
1697 1677 1823 1733 sine
1868 1693 2028 1732 com-

2142 506 2443 564 charitatis
2475 510 2668 565 studio
2699 528 2834 583 erga
2852 513 3029 568 Deum
3062 516 3119 570 et
3152 515 3479 585 proximum
3514 533 3630 573 non
3658 518 3852 590 ﬂgun.

2140 599 2258 653 tur.
2294 598 2455 654 Unde
2486 608 2616 671 apte
2648 601 2822 656 etiam
2857 603 3095 658 torrenti
3146 605 3246 674 qui
3282 607 3492 676 raptim
3524 608 3737 664 transit
3789 610 3849 665 in

2142 688 2502 744 convallibus
2527 699 2960 762 comparantur.
2984 693 3233 749 Torrens
3267 711 3519 768 namque
3539 714 3608 753 ex
3628 707 3850 755 monta-

2143 779 2233 834 nis
2273 779 2342 835 ad
2379 780 2496 836 ima
2528 781 2750 851 deﬂuit,
2785 787 2842 839 et
2886 782 3165 841 collectus
3224 784 3570 844 hiemalibus
3617 789 3850 861 pluviis,

2139 869 2346 924 aestivis
2378 870 2603 927 solibus
2636 872 2860 929 arescit.
2896 874 3003 937 Qui
3035 875 3187 931 enim
3247 883 3476 933 terrena
3536 878 3851 951 diligentes

2141 974 2304 1029 spem
2345 976 2610 1032 supernae
2645 962 2841 1034 patriae
2890 964 3186 1032 deserunt,
3240 967 3407 1038 quasi
3451 983 3515 1023 ex
3551 969 3849 1025 montibus

2140 1048 2315 1105 valles
2350 1055 2582 1121 petunt;
2608 1068 2755 1122 quos
2777 1056 2970 1109 tamen
2998 1054 3185 1110 biems
3208 1056 3511 1125 prmeentis
3541 1058 3668 1113 vitae
3693 1059 3849 1115 mul-

2141 1139 2385 1210 tiplicat,
2419 1141 2519 1195 sed
2554 1141 2623 1213 (ς)
2654 1146 2821 1198 testas
2866 1144 3325 1217 venturijudieii
3381 1148 3651 1217 exsiccet,
3711 1150 3848 1222 quia

2141 1245 2271 1285 cum
2305 1230 2389 1287 sol
2422 1248 2679 1300 superna:
2713 1233 3091 1291 districtionis
3134 1234 3524 1307 incanduerit,
3565 1239 3846 1309 reprobo-

2142 1336 2269 1375 rum
2294 1320 2549 1375 laetitiam
2578 1322 2632 1377 in
2664 1323 2989 1380 ariditatem
3019 1326 3208 1382 vertit.
3250 1328 3401 1384 Bene
3422 1345 3558 1400 ergo
3589 1329 3842 1387 dicitur:

2141 1410 2354 1480 Raptim
2385 1413 2584 1465 transit
2618 1413 2673 1466 in
2733 1413 3095 1469 convallibus.
3140 1415 3476 1472 Torrentem
3525 1418 3738 1489 quippe
3770 1421 3842 1475 ad

2139 1499 2429 1554 convalles
2451 1500 2663 1571 raptim
2684 1502 2932 1558 transire
2947 1510 3029 1558 est
3056 1521 3360 1575 pravorum
3383 1511 3607 1563 mentes
3630 1508 3700 1563 ad
3725 1508 3845 1565 ima

2138 1588 2419 1644 desideria
2436 1590 2563 1645 sine
2578 1590 2694 1646 ullo
2710 1591 3011 1648 obstaculo
3035 1608 3100 1649 ae
3122 1593 3461 1651 difﬁcultate
3474 1596 3841 1655 descendere.

2141 1677 2273 1747 [νει.
2310 1678 2441 1749 Χιλ]
2471 1678 2673 1734 Omnis
2695 1679 2847 1734 enim
2877 1696 3158 1737 ascensus
3181 1682 3239 1737 in
3262 1682 3457 1739 labore
3485 1685 3846 1749 est,descen-

318 1771 619 1845 paratione
649 1770 982 1827 coluerunt.
1016 1768 1161 1825 Cum
1181 1768 1335 1824 enim
1358 1766 1490 1837 quis
1521 1766 1747 1837 positus
1778 1768 1835 1821 in
1860 1783 2027 1838 pros-
2061 1799 2106 1864 Β
2140 1783 2242 1821 sus
2274 1767 2328 1821 in
2354 1767 2665 1837 voluptate,
2690 1770 2828 1841 quia
2850 1786 2950 1839 per
2981 1772 3251 1826 adnisum
3283 1788 3522 1844 gressus
3553 1776 3622 1829 ad
3678 1791 3844 1846 supe-

312 1862 560 1932 pcritate
593 1858 872 1929 diligitur,
918 1858 1207 1917 incertum
1238 1854 1403 1911 valde
1446 1858 1744 1910 estutrum
1787 1871 2027 1926 prospe-

313 1950 457 2006 ritas
486 1965 559 2004 an
594 1963 838 2020 persona
865 1946 1162 2018 diligatur.
1201 1945 1450 2001 Amissis
1480 1950 1678 2001 autem
1732 1944 2026 2000 felicitatis

310 2041 623 2110 interrogat
676 2039 794 2093 vim
854 2037 1203 2093 dilectionis.
1248 2036 1412 2093 Unde
1458 2036 1601 2091 bene
1649 2035 1881 2105 quidam
1928 2051 2026 2091 sa—

316 2132 483 2203 piens
515 2128 694 2185 dicit:
729 2133 847 2185 Non
893 2127 1211 2196 agnoscitur
1249 2128 1308 2182 in
1356 2126 1515 2181 bonis
1554 2128 1786 2194 amicus,
1819 2129 1870 2181 et
1918 2140 2026 2181 non

316 2222 472 2277 224
522 2218 871 2274 absconditur
921 2217 981 2272 in
1022 2218 1185 2273 malis
1236 2216 1493 2271 inimicus
1543 2215 1731 2288 (Ereti.
1788 2232 1889 2285 xxi,
1947 2216 2021 2285 8).

316 2310 433 2365 Nec
465 2308 823 2380 prosperitas
840 2306 1054 2378 quippe
1086 2306 1341 2361 amicum
1365 2305 1602 2371 indicat,
1638 2320 1743 2359 nec
1766 2305 2024 2363 adversi-

317 2407 404 2454 tas
450 2397 757 2453 inimicum
807 2396 975 2463 celat,
1011 2396 1147 2467 quia
1202 2399 1256 2449 et
1300 2394 1397 2449 ille
1447 2408 1598 2464 saepe
1630 2393 2025 2463 prosperitatis

317 2492 526 2543 nostra:
558 2485 880 2541 reverentia
928 2485 1160 2555 tegitur,
1216 2488 1272 2540 et
1301 2483 1410 2538 iste
1440 2497 1508 2537 ex
1540 2482 1891 2537 conﬁdentia
1920 2482 2026 2537 ad-

309 2577 607 2633 versitatis
628 2576 903 2647 aperitur.
928 2576 1026 2629 Vir
1046 2574 1433 2645 igiturjustus
1456 2572 1512 2626 in
1530 2571 1771 2640 flagellis
1800 2571 2024 2641 positus

311 2667 469 2722 dicat
494 2683 505 2719 :
548 2666 655 2733 Qui
681 2664 827 2719 tollit
853 2665 918 2719 ab
941 2663 1120 2718 amico
1150 2678 1244 2717 suo
1276 2661 1733 2728 misericordiam,
1768 2661 2023 2716 timorem

320 2758 540 2813 Domini
567 2757 920 2828 derelinquit,
963 2755 1101 2826 quia
1131 2753 1414 2809 nimirum
1446 2752 1545 2823 qui
1576 2768 1643 2807 ex
1680 2752 2022 2808 adversitate

316 2847 645 2920 proximum
678 2846 945 2918 despicit,
981 2848 1179 2915 aperte
1208 2842 1574 2899 convincitur
1600 2842 1752 2913 quod
1778 2842 1933 2898 hunc
1960 2842 2021 2898 in

318 2938 608 3011 prosperis
656 2954 771 2993 non
833 2935 1066 2991 amavit.
1128 2936 1197 2990 Et
1252 2950 1384 2990 cum
1436 2934 1801 3005 omnipotens
1868 2933 2020 2988 Deus

313 3028 390 3097 (b)
423 3027 552 3082 ideo
585 3027 869 3098 quosdam
902 3024 1208 3096 percutiat,
1243 3028 1308 3079 ut
1336 3031 1391 3079 et
1433 3039 1737 3094 percussos
1772 3023 2021 3090 erudiat,

312 3122 371 3173 et
403 3134 517 3173 non
550 3116 844 3189 percussis
887 3114 1252 3171 occasionem
1310 3113 1447 3169 boni
1506 3113 1697 3185 operis
1746 3114 2020 3185 praebeat,

311 3208 586 3279 quisquis
622 3222 958 3279 percussum
991 3205 1257 3276 despicit,
1311 3204 1672 3261 occasionem
1699 3222 1731 3260 a
1752 3221 1814 3259 se
1834 3204 2019 3259 virtu-

308 3298 389 3352 tis
450 3295 716 3367 repellit;
766 3300 823 3351 et
882 3299 1037 3349 tanto
1081 3310 1142 3350 se
1190 3294 1434 3364 nequius
1474 3297 1669 3349 contra
1726 3301 2019 3348 auctorem

309 3386 503 3457 erigit,
539 3389 757 3457 quanto
793 3384 946 3439 hunc
980 3400 1082 3440 nec
1116 3382 1279 3455 pium
1313 3383 1371 3437 in
1406 3382 1591 3439 salute
1624 3383 1880 3454 propria,
1914 3398 2019 3438 nec

293 3477 543 3546 justum
575 3474 635 3529 in
668 3473 857 3529 alieno
889 3474 1127 3529 vulnere
1155 3472 1433 3543 agnoscit.
1468 3473 1818 3527 Intuendum
1885 3488 2017 3527 vero

302 3570 395 3619 est
426 3564 582 3635 quod
616 3564 813 3618 beatus
844 3563 953 3618 Job
984 3562 1064 3617 sic
1097 3579 1204 3617 sua
1235 3562 1509 3633 loquitur,
1546 3565 1610 3616 ut
1655 3562 1837 3617 totius
1869 3578 2013 3632 quo-

305 3671 421 3725 quc
454 3653 623 3709 electi
655 3651 855 3725 populi
916 3668 1017 3723 per
1063 3652 1326 3707 eumvita
1366 3652 1643 3721 signetur.
1687 3650 1831 3713 Quia
1860 3651 2014 3705 enim

300 3743 571 3814 ejusdem
605 3742 803 3815 populi
831 3742 1148 3797 membrum
1182 3745 1291 3810 est,
1322 3757 1452 3796 cum
1488 3756 1615 3811 quas
1646 3740 1769 3810 ipse
1792 3740 2013 3810 patitur

302 3836 525 3899 narrat,
571 3848 639 3886 ea
694 3831 868 3885 etiam
919 3847 1045 3900 quas
1104 3830 1355 3885 sustinet
1409 3828 1506 3885 ille
1566 3829 1886 3895 denuntiat,
1920 3827 2010 3883 di-

292 3938 441 3979 CCUS
474 3938 485 3976 ζ

938 4010 1172 4065 CAPUT
1212 4010 1374 4066 XXV.

370 4103 543 4156 Vrsas.
593 4100 682 4156 45.
731 4132 796 4140 -
856 4103 1073 4156 Fratres
1117 4102 1229 4155 mei
1286 4101 1676 4170 praeterierunt
1728 4114 1812 4154 me
1866 4100 2007 4154 sicut

287 4200 533 4263 torrens,
564 4194 664 4264 qui
692 4193 901 4262 raptim
932 4192 1142 4246 transit
1174 4190 1231 4245 in
1265 4190 1625 4246 convallibus.

367 4283 453 4335 30.
496 4282 730 4353 Reprobi
760 4298 860 4335 cur
888 4297 919 4335 a
945 4280 1109 4352 justis
1140 4280 1399 4335 dicantur
1427 4284 1477 4336 et
1507 4284 1730 4350 patres,
1764 4286 1811 4335 et
1856 4296 2001 4351 prm-

279 4375 576 4429 tereuntes.
631 4370 888 4427 Torrenti
944 4373 1088 4424 recte
1134 4376 1552 4440 comparantur.
1607 4370 1727 4426 Vita
1777 4369 1924 4425 brevi
1952 4377 2002 4425 et

276 4464 527 4535 fugitiva
557 4464 842 4517 transeunt
873 4461 943 4515 ad
985 4468 1191 4516 {eterna
1248 4463 1539 4515 tormenta.
1575 4489 1644 4501 —-
1702 4458 1995 4530 Reprobo-

2138 1855 2287 1911 riora
2346 1857 2620 1927 tenditur,
2659 1874 2761 1929 per
2809 1859 3216 1915 remissionem
3265 1878 3400 1917 vero
3449 1863 3519 1917 ad
3570 1863 3849 1931 inferiora

2137 1944 2485 2000 declinatur.
2511 1947 2593 2001 Ad
2622 1948 2839 2003 montis
2872 1948 3027 2003 enim
3051 1949 3326 2005 verticem
3378 1967 3582 2008 saxum
3634 1954 3846 2010 subve-

2137 2035 2273 2091 here
2311 2036 2505 2107 magni
2541 2035 2758 2092 laboris
2781 2042 2890 2105 est,
2932 2038 3258 2109 idemquea
3306 2042 3557 2097 summis
3608 2043 3679 2099 ad
3724 2044 3846 2101 ima

2135 2124 2426 2179 dimittere
2456 2124 2624 2179 labor
2648 2141 2760 2180 non
2784 2130 2893 2181 est.
2928 2127 3061 2182 Sine
3085 2144 3245 2183 mora
3286 2128 3555 2186 videlicet
3599 2133 3841 2202 proruit,

2137 2213 2238 2284 qui
2280 2214 2507 2284 magnis
2556 2214 2860 2270 conatibus
2911 2217 2979 2271 ad
3031 2233 3266 2273 summa
3312 2221 3591 2289 pervenit.
3646 2222 3841 2293 Longo

2138 2303 2327 2357 studio
2351 2318 2515 2373 seges
2538 2304 2769 2370 seritur,
2788 2304 2906 2359 sole
2929 2312 3100 2375 atque
3118 2306 3302 2361 imbre
3316 2308 3542 2363 diutino
3561 2310 3839 2383 nutritur,

2135 2394 2231 2449 sed
2256 2399 2449 2448 tamen
2498 2409 2613 2448 una
2634 2398 2689 2448 et
2713 2392 2905 2449 subita
2933 2394 3187 2450 scintilla
3209 2396 3584 2455 consumitur.
3610 2399 3840 2457 Paulis-

2136 2499 2237 2554 per
2257 2482 2499 2537 sedilicia
2519 2484 2586 2537 ad
2615 2482 2730 2539 alta
2754 2483 3083 2555 proﬁciunt,
3116 2486 3214 2540 sed
3249 2486 3567 2557 repentinis
3607 2489 3843 2547 casibus

2133 2576 2346 2627 terram
2374 2576 2599 2643 petunt.
2634 2572 2893 2628 Robusta
2914 2572 3086 2629 arbor
3123 2574 3181 2629 in
3215 2591 3347 2631 aera
3388 2592 3492 2647 per
3536 2577 3703 2635 tarda
3750 2580 3840 2637 in-

2134 2665 2427 2717 crementa
2449 2676 2511 2715 se
2535 2661 2707 2733 erigit
2740 2679 2753 2727 ;
2787 2662 2883 2717 sed
2911 2663 3191 2733 quidquid
3217 2664 3314 2719 diu
3337 2666 3407 2721 ad
3439 2666 3558 2723 alta
3577 2667 3838 2739 protulit,

2132 2748 2311 2804 semel
2338 2752 2392 2805 et
2414 2748 2593 2804 simul
2623 2750 2801 2805 cadit.
2834 2749 2981 2813 Quia
3011 2751 3190 2823 igitur
3230 2769 3508 2811 ascensus
3531 2755 3589 2811 in
3640 2756 3840 2815 labore

2132 2842 2239 2903 est,
2269 2838 2593 2894 descensus
2616 2839 2673 2894 in
2725 2838 3040 2910 voluptate,
3066 2846 3219 2897 recte
3245 2858 3402 2899 nunc
3425 2842 3638 2902 dicitur
3668 2848 3839 2905 :Fra-

2132 2935 2239 2983 tres
2277 2929 2389 2984 mei
2424 2931 2817 2999 praeterierunt
2868 2947 2952 2987 me
2995 2934 3139 2987 sicut
3191 2941 3431 3003 torrens,
3489 2935 3587 3007 qui
3633 2940 3838 3009 raptim

2131 3021 2331 3073 transit
2373 3019 2433 3073 in
2471 3018 2835 3076 convallibus.
2887 3022 3043 3087 Quod
3090 3026 3280 3079 tamen
3336 3022 3535 3081 sentiri
3574 3032 3629 3081 et
3670 3026 3839 3085 aliter

2136 3111 2345 3178 potest.

2207 3198 2355 3255 225
2392 3198 2479 3253 31.
2529 3199 2589 3254 Si
2638 3199 2795 3256 enim
2846 3202 3133 3258 convalles
3182 3202 3301 3258 ima
3349 3219 3652 3275 pmnarum
3709 3205 3839 3263 loca

2132 3287 2537 3361 intelligimus,
2568 3291 2772 3361 injusti
2805 3292 3019 3365 quique
3051 3293 3205 3349 sicut
3228 3297 3453 3352 torrens
3505 3296 3717 3368 raptim
3762 3299 3833 3354 ad

2130 3378 2421 3435 convalles
2446 3384 2769 3447 transeunt,
2802 3382 2938 3453 quia
2960 3382 3016 3439 in
3040 3382 3145 3439 bac
3169 3384 3303 3453 vita,
3357 3402 3531 3457 quam
3580 3387 3717 3442 totis
3741 3388 3836 3443 de-

2130 3468 2357 3525 sideriis
2381 3475 2682 3541 appetunt,
2707 3470 2802 3527 diu
2826 3477 2978 3529 stare
3002 3489 3370 3546 nequaquam
3397 3480 3658 3546 possunt.
3684 3476 3832 3533 Nam

2128 3562 2269 3629 quot
2290 3558 2414 3613 dies
2437 3560 2622 3613 artatis
2644 3560 2958 3631 accipiunt,
2983 3563 3151 3633 quasi
3182 3568 3264 3619 tot
3321 3565 3580 3635 quotidie
3617 3566 3833 3638 gressi-

2126 3646 2234 3701 bus
2259 3647 2332 3701 ad
2364 3647 2538 3702 linem
2584 3649 2848 3703 tendunt.
2900 3650 3111 3721 Augeri
3137 3651 3250 3707 sibi
3297 3657 3503 3723 optant
3548 3658 3829 3725 tempora,

2125 3738 2226 3792 sed
2271 3736 2408 3807 quia
2465 3753 2742 3793 concessa
2789 3739 3112 3797 subsistere
3162 3748 3483 3812 nequeunt,
3535 3750 3677 3815 quot
3724 3762 3830 3801 au-

2121 3830 2358 3897 gmenta
2380 3825 2608 3879 vivendi
2638 3827 2988 3896 percipiunt,
3012 3828 3093 3899 (d)
3118 3828 3188 3884 de
3209 3831 3439 3885 vivendi
3475 3833 3662 3901 spatio
3712 3839 3829 3889 tot-

2120 3916 2273 3970 idem
2304 3915 2575 3986 perdunt.
2604 3916 2899 3971 Momenta
2922 3934 3059 3990 ergo
3081 3922 3410 3990 temporum
3435 3938 3550 3991 quo
3569 3938 3831 3992 sequun-

2121 4004 2485 4077 turfugiunt,
2512 4021 2626 4076 quo
2669 4006 2961 4077 accipiunt
3008 4007 3308 4063 amittunt.
3361 4010 3594 4081 Raptim
3636 4011 3829 4082 itaque

2118 4094 2188 4149 ad
2212 4093 2499 4150 convalles
2522 4098 2847 4164 transeunt,
2870 4095 2969 4166 qui
3016 4094 3075 4151 in
3100 4095 3338 4167 longum
3379 4097 3615 4168 quidem
3664 4098 3828 4155 volu-

2117 4186 2342 4255 ptatum
2366 4183 2654 4239 desideria
2672 4183 3036 4254 pertrahunt.
3076 4185 3177 4242 sed
3202 4187 3272 4241 ad
3314 4186 3525 4242 inferni
3572 4188 3827 4246 claustra

2116 4280 2353 4347 repente
2394 4276 2783 4331 deducuntur.
2808 4276 2955 4341 Quia
3003 4277 3160 4333 enim
3205 4277 3313 4334 hoc
3335 4279 3509 4335 etiam
3570 4285 3821 4354 tempus,

2113 4368 2264 4438 quod
2299 4365 2553 4437 qualibet
2578 4365 2937 4439 longmvilaie
2960 4372 3269 4426 extensum
3295 4379 3402 4437 est,
3427 4373 3477 4428 si
3509 4372 3623 4429 fine
3652 4372 3823 4429 clau-

2113 4458 2290 4524 ditur,
2324 4456 2559 4528 longum
2593 4473 2708 4512 non
2739 4462 2867 4528 est;
2900 4474 2968 4514 ex
2990 4458 3102 4514 line
3126 4460 3323 4516 miseri
3354 4460 3633 4533 colligunt
3655 4462 3825 4521 breve

280 4568 424 4609 rum
460 4566 627 4607 mens
675 4552 812 4621 quia
869 4550 993 4606 sola
1051 4550 1355 4620 praesentia
1411 4549 1601 4621 diligit
1658 4549 1998 4620 plerumque
2029 4554 2075 4618 1)
2110 4548 2290 4603 fuisse
2321 4548 2474 4618 quod
2498 4546 2813 4603 amittendo
2852 4552 3184 4605 tenuerunt.
3218 4550 3381 4607 Unde
3414 4551 3557 4608 bene
3604 4560 3659 4609 et
3721 4569 3824 4624 per

281 4659 451 4699 nunc
480 4646 636 4698 tanto
670 4642 857 4698 aliena
889 4641 1083 4697 existit
1112 4658 1145 4696 a
1176 4641 1428 4709 verbere,
1489 4645 1708 4711 quanto
1753 4645 1883 4710 post
1912 4656 2000 4695 ex-

282 4743 491 4789 tranea
523 4737 781 4788 remanet
838 4732 909 4786 ab
968 4731 1330 4798 haereditate;
1392 4735 1449 4785 et
1504 4730 1755 4800 superba
1804 4731 1998 4800 justos

280 4823 560 4895 despicit,
585 4838 727 4895 quos
744 4824 984 4894 paterna
1006 4820 1460 4877 misericorditer
1481 4820 1757 4875 severitas
1771 4819 1996 4891 afﬂigit.

281 4920 455 4985 Saepe
487 4928 619 4968 vero
653 4912 878 4983 reprobi
921 4912 1187 4966 eamdem
1238 4912 1409 4966 {idem
1440 4927 1552 4980 qua
1584 4910 1835 4965 vivimus
1864 4910 1999 4964 reti-

284 5008 457 5072 nent,
492 5004 694 5058 eadem
746 5001 878 5056 fidei
930 5006 1291 5057 sacramenta
1340 5000 1689 5072 percipiunt,
1733 5000 1995 5069 ejusdem

288 5091 597 5163 religionis
619 5089 840 5145 unitate
864 5090 1246 5146 continentur
1272 5105 1284 5156 ;
1310 5090 1407 5144 sed
1441 5094 1632 5144 tamen
1649 5089 2001 5160 compassio-

284 5185 388 5243 nis
406 5183 623 5238 viscera
654 5180 945 5247 nesciunt,
974 5180 1277 5236 cbaritatis
1299 5178 1437 5247 vim,
1460 5195 1573 5250 qua
1604 5179 1659 5233 in
1690 5178 1871 5235 Deum
1899 5179 1997 5233 lla-

278 5288 535 5348 gramus
558 5275 616 5327 et
648 5272 997 5341 proximum,
1036 5286 1151 5326 non
1178 5273 1525 5341 agnoscunt.
1582 5270 1751 5325 Recte
1788 5286 1921 5339 ergo
1944 5274 1999 5324 et

277 5368 499 5423 fratres
528 5365 583 5417 et
607 5363 1021 5433 praetereuntes
1042 5365 1344 5427 vocantur,
1380 5360 1515 5432 quia
1547 5375 1612 5415 ex
1645 5375 1759 5415 uno
1794 5360 1995 5415 matris

363 5564 439 5632 (a)
470 5562 716 5627 Gsmel.,
747 5560 1094 5615 convalescit.

360 5636 443 5707 (b)
476 5634 575 5707 iSrie
606 5648 749 5707 pene
777 5648 1014 5707 omnes;
1039 5637 1097 5689 at
1126 5632 1275 5691 Editi
1308 5633 1515 5690 habent
1550 5631 1782 5688 cruciat.

364 5704 435 5781 (υ)
472 5704 721 5774 Ebroie.,
742 5704 833 5763 sed
851 5713 1032 5763 aestus.

2111 4638 2482 4694 Salomonem
2516 4636 2766 4693 dicitur:
2801 4638 2861 4695 Si
2901 4641 3089 4696 multis
3123 4644 3287 4697 annis
3317 4642 3521 4699 vixerit
3567 4645 3744 4711 homo,
3773 4652 3823 4701 et

2108 4729 2166 4785 in
2190 4731 2275 4785 his
2295 4729 2547 4784 omnibus
2580 4731 2800 4786 laetatus
2842 4732 3031 4801 fuerit,
3084 4736 3397 4791 meminisse
3462 4734 3613 4792 debet
3667 4741 3819 4792 tene-

2110 4822 2255 4877 brosi
2274 4821 2553 4893 temporis,
2574 4828 2623 4877 et
2653 4820 2866 4878 dierum
2900 4826 3220 4893 multorum,
3264 4829 3505 4897 quicum
3550 4830 3815 4894 venerint,

2108 4914 2371 4967 vanitatis
2438 4920 2741 4981 urguentur
2788 4916 3077 4983 praeterita
3142 4916 3330 4984 (Eccle.
3376 4932 3454 4983 xi,
3495 4916 3573 4987 8).
3631 4915 3819 4972 Stulta

2104 5003 2312 5061 etenim
2357 5018 2519 5058 mens
2562 5018 2696 5058 cum
2748 5004 2970 5060 malum
3033 5009 3265 5075 repente
3315 5004 3621 5075 invenerit,
3667 5008 3814 5076 quod

2104 5109 2470 5164 nequaquam
2506 5093 2783 5164 praeterit,
2816 5092 3199 5147 aeternitatem
3233 5094 3360 5162 ejus
3400 5092 3699 5150 tolerando
3733 5096 3817 5150 in-

2103 5182 2334 5254 telligit,
2362 5182 2495 5254 quia
2519 5184 2672 5253 quod
2699 5182 2993 5253 preterire
3020 5182 3207 5253 potuit
3230 5198 3448 5239 vanum
3470 5183 3602 5239 fuit.
3623 5184 3818 5241 Scien-

2102 5272 2241 5327 dum
2283 5288 2414 5327 vero
2447 5276 2533 5327 est
2571 5271 2725 5342 quod
2766 5271 3028 5341 plerique
3070 5288 3237 5340 agere
3268 5277 3427 5329 recta
3465 5274 3815 5344 desiderant,

2101 5363 2200 5417 sed
2237 5365 2373 5416 sunt
2403 5359 2683 5416 nonnulla
2722 5376 2844 5431 quae
2887 5360 3137 5417 inﬁrmis
3177 5378 3379 5418 eorum
3421 5363 3716 5421 mentibus
3747 5381 3816 5421 ex

2171 5555 2249 5625 (d)
2275 5553 2766 5631 Obscuruslocus.
2793 5556 2854 5611 In
2879 5571 2980 5631 sex
3000 5556 3224 5631 Anglic.
3245 5562 3303 5615 et
3324 5563 3581 5631 quatuor
3609 5560 3807 5616 Norm.

2103 5624 2550 5706 occurritlectio
2580 5643 2753 5706 quam
2788 5629 3038 5706 amplexi
3072 5624 3297 5706 s'umus,
3332 5624 3432 5689 ubi
3465 5633 3627 5706 prius
3661 5633 3814 5705 lege-

2101 5699 2293 5769 batur,
2324 5697 2417 5756 diu
2447 5698 2663 5757 vivendi
2690 5703 2865 5775 spatia
2891 5697 3117 5761 totidem
3150 5704 3409 5779 perdunt.
