4134 6174
1627 262 1904 328 SANCTI
1951 263 2323 327 GREGORII
2373 262 2630 325 MAGNI

357 412 627 487 praesenti
657 412 776 467 vita
797 409 1235 474 contradicunt;
1280 421 1530 478 cumque
1565 405 1807 460 adversa
1840 404 1896 458 in
1928 402 2063 458 inﬁ-
2094 404 2147 470 Α

360 504 475 559 mis
505 502 730 576 perpeti
762 503 1050 566 metuunt,
1085 498 1139 553 in
1174 494 1627 569 supernijudicii
1656 493 2063 550 rectitudinem

356 594 680 652 offendunt.
710 592 867 648 Unde
893 594 1043 647 recte
1075 587 1485 658 subjungitur:

844 680 1076 737 CAPUT
1098 676 1264 732 XXVI
1297 675 1442 747 [Ιίεε.
1474 676 1583 747 XI].

426 773 601 830 Vens.
648 773 734 828 16.
796 802 867 813 -
925 771 1031 839 Qui
1094 772 1287 825 timent
1324 771 1607 838 pruinam,
1674 766 1843 819 irruit
1899 780 2064 835 super

350 882 437 922 eos
467 867 594 920 nix.

418 956 507 1012 32.
545 956 647 1023 Qui
676 952 1067 1025 temporalium
1108 951 1437 1007 dunmorum
1468 958 1617 1005 metu
1651 947 1934 1020 justitiam
1964 944 2060 999 de-

347 1053 556 1112 serunt,
589 1043 834 1099 incident
859 1042 920 1097 in
947 1050 1159 1099 aeterna
1188 1042 1440 1096 mala.-
1476 1039 1689 1094 Pruina
1723 1038 1938 1108 quippe
1969 1036 2062 1089 in-

346 1134 527 1191 ferius
571 1133 835 1205 gelascit,
881 1131 981 1186 nix
1022 1136 1215 1187 autem
1255 1131 1322 1185 de
1369 1128 1769 1201 superioribus
1814 1126 1952 1182 ruit.
1998 1127 2060 1181 Et

348 1239 498 1297 saepe
529 1222 795 1281 nonnulli
829 1223 967 1277 dum
1001 1220 1344 1294 temporalia
1376 1221 1616 1276 adversa
1641 1219 2062 1290 pertimescunt

355 1315 436 1386 (a)
468 1313 884 1369 districtionise
932 1316 1158 1368 aeternas
1200 1310 1720 1366 animadversionis
1752 1309 2057 1379 objiciunt.

353 1409 433 1459 De
463 1403 679 1476 quibus
709 1403 857 1457 bene
889 1416 991 1474 per
1029 1399 1400 1457 Psalmistam
1442 1399 1657 1456 dicitur
1689 1416 1700 1454 :
1728 1398 1851 1455 Illic
1881 1400 2060 1468 trepi-

351 1502 621 1552 daverunt
652 1494 871 1560 timore,
914 1492 1012 1546 ubi
1051 1506 1159 1547 non
1205 1498 1327 1546 erat
1376 1492 1541 1545 timor
1588 1489 1754 1559 (Psal.
1809 1505 1932 1555 xm,
1984 1488 2057 1557 ὕ).

354 1585 469 1641 Iste
499 1599 755 1654 namque
782 1582 1077 1638 veritatem
1119 1583 1241 1652 jam
1272 1581 1449 1637 libere
1488 1579 1793 1635 defendere
1817 1577 2058 1649 appetit,

352 1675 455 1730 sed
486 1678 682 1729 tamen
714 1674 771 1726 in
818 1673 943 1742 ipso
976 1688 1083 1726 suo
1107 1670 1365 1743 appetitu
1404 1670 1663 1740 trepidus
1702 1667 2061 1738 indignatio-

354 1779 488 1820 nem
513 1761 810 1832 potestatis
833 1761 1103 1816 bumante
1128 1760 1519 1831 pertimescit;
1544 1774 1791 1829 cumque
1814 1757 1872 1812 in
1907 1760 2059 1811 terra
2095 1793 2137 1854 Β

353 1851 656 1907 hominem
691 1854 891 1906 contra
927 1850 1229 1906 veritatem
1275 1852 1458 1920 pavet,
1502 1849 1771 1919 ejusdem
1803 1847 2058 1902 veritatis

353 1939 503 1996 iram
534 1939 760 1995 cmlitus
791 1939 1061 1994 sustinet.
1096 1938 1215 2006 Ille,
1251 1942 1618 2010 peccatorum
1652 1952 1894 1992 suorum
1926 1953 2060 1993 con-

354 2030 533 2096 scius,
565 2045 633 2085 ea
664 2045 788 2100 quas
822 2028 1080 2100 possidet
1106 2027 1503 2099 indigentibus
1529 2028 1648 2097 jam
1683 2026 1883 2098 largiri
1914 2026 2061 2081 desi-

354 2120 540 2185 derat,
570 2119 676 2174 sed
707 2124 890 2175 tamen
926 2134 997 2174 ne
1028 2118 1177 2173 datis
1209 2118 1379 2173 rebus
1410 2122 1574 2189 egeat
1612 2117 1737 2188 ipse
1768 2117 2056 2172 formidat.

352 2208 616 2280 Cumque
645 2207 841 2264 carnis
872 2206 1137 2264 subsidia
1169 2207 1517 2263 reservando
1542 2206 1803 2278 trepidus
1834 2224 2058 2280 praepa-

348 2304 456 2368 rat,
482 2298 554 2353 ab
579 2296 873 2353 alimentis
898 2296 1310 2353 misericordiae
1335 2298 1588 2353 animam
1614 2302 1816 2365 necat;
1849 2304 2055 2353 etcum

347 2388 469 2459 pati
499 2386 559 2443 in
591 2391 746 2443 terra
775 2387 1033 2459 inopiam
1067 2387 1295 2452 metuit,
1328 2395 1598 2442 aeternam
1624 2387 1733 2442 sibi
1760 2388 2059 2442 abundan-

346 2475 490 2531 tiam
525 2490 789 2548 supernaa
832 2474 1161 2531 refectionis
1192 2474 1502 2530 abscindit.
1547 2475 1721 2530 Recte
1748 2490 1883 2546 ergo
1919 2475 2059 2530 dici-

348 2569 447 2621 tur
477 2583 489 2620 :
532 2567 637 2634 Qui
672 2568 873 2622 timent
901 2567 1183 2636 pruinam,
1216 2568 1380 2620 irruit
1419 2581 1584 2636 super
1617 2582 1705 2621 eos
1754 2569 1874 2631 nix,
1922 2567 2059 2637 quia

350 2653 451 2726 qui
493 2654 886 2711 conculcanda
917 2654 988 2708 ab
1028 2655 1250 2710 inlimis
1288 2660 1571 2721 metuunt,
1599 2672 1631 2709 a
1662 2657 1908 2711 summis
1943 2673 2059 2711 me-

347 2744 563 2800 tuenda
596 2743 900 2815 patiuntur
929 2762 943 2812 ;
978 2748 1035 2798 et
1068 2760 1201 2799 cum
1236 2744 1485 2800 transire
1518 2743 1723 2799 nolunt
1756 2747 1906 2814 quod
1951 2746 2060 2800 cal-

357 2850 488 2890 care
517 2838 803 2906 poterant,
830 2834 1123 2904 judicium
1155 2835 1225 2890 de
1256 2834 1527 2905 supernis
1558 2834 1877 2905 excipiunt,
1903 2835 2058 2905 quod

358 2923 607 2980 tolerare
674 2939 1047 2995 nequaquam
1106 2929 1372 2997 possunt.
1443 2923 1552 2978 Sed
1612 2924 1733 2978 haec
1800 2929 2058 2992 agentes,

357 3012 563 3068 mundi
609 3011 851 3082 gloriam
899 3012 1295 3084 temporaliter
1341 3013 1621 3069 obtinent.
1674 3011 1820 3073 Quid
1872 3019 2060 3068 autem

355 3108 614 3175 tempore
635 3102 949 3158 vocationis
971 3119 1090 3158 sum
1116 3103 1319 3159 facturi
1344 3108 1628 3158 suntcum
1655 3110 1863 3157 cuncta
1886 3103 2058 3158 simul

353 3191 548 3264 pavidi
585 3192 861 3247 deserunt
891 3208 1019 3263 quae
1059 3192 1151 3246 hic
1187 3209 1320 3249 cum
1358 3193 1515 3263 gravi
1552 3193 1757 3249 timore
1796 3209 2063 3249 servave-

352 3281 539 3338 runt?
568 3280 730 3338 Unde
759 3284 815 3336 et
846 3289 975 3351 apte
1006 3283 1276 3337 subditur
1310 3300 1323 3338 :

993 3369 1228 3427 CAPUT
1258 3371 1485 3428 XXVII.

421 3460 598 3515 Vens.
652 3461 740 3514 17.
798 3489 866 3501 --
926 3461 1175 3532 Tempore
1223 3477 1326 3533 quo
1386 3463 1597 3532 fuerint
1645 3462 1898 3534 dissipati
1942 3479 2063 3535 per-

352 3550 531 3605 ibunt.

422 3641 510 3695 33.
564 3641 814 3708 Quantus
851 3655 1041 3695 eorum
1080 3657 1276 3713 pavor,
1310 3643 1525 3713 judicio
1565 3645 2058 3718 appropinquante.

353 3756 419 3769 --
479 3730 634 3793 Quos
682 3727 838 3783 enim
890 3731 1191 3800 praesentis
1240 3732 1371 3788 vitae
1430 3732 1760 3790 sollicitudo
1805 3736 2057 3803 ordinat,

353 3819 596 3875 amissio
628 3817 871 3887 dissipat
897 3836 910 3885 ;
935 3824 991 3875 et
1020 3825 1161 3877 tunc
1192 3822 1362 3877 etiam
1398 3824 1649 3879 exterius
1674 3832 1934 3895 pereunt,
1961 3828 2059 3897 qui

351 3908 512 3965 intus
544 3908 768 3964 dudum
803 3912 1016 3966 aeterna
1048 3911 1395 3983 negligendo
1426 3914 1745 3984 perierunt.
1794 3916 1946 3971 226
1980 3917 2059 3971 De

348 4001 565 4070 quibus
598 4008 747 4056 recte
790 3998 1022 4054 additur
1054 4019 1067 4056 :
1098 4004 1163 4056 Et
1192 4010 1251 4057 ut
1294 4005 1644 4069 incaluerint,
1685 4006 1964 4061 solventur
1993 4007 2059 4061 de

346 4089 461 4145 loco
508 4107 624 4146 suo.
681 4090 815 4161 [l’et.
866 4091 1025 4163 XIII.)
1089 4093 1332 4162 Iniquus
1390 4093 1545 4147 enim
1611 4094 1858 4164 quisque
1922 4113 2055 4152 cum

346 4178 675 4251 incaluerit,
700 4184 769 4239 de
793 4183 916 4239 loco
942 4199 1047 4239 suo
1073 4181 1334 4248 solvitur,
1357 4182 1809 4253 (b)quiajudicio
1835 4185 2056 4241 intima:

347 4268 728 4327 districtionis
754 4274 1251 4345 appropinquans,
1276 4274 1544 4340 cumjam
1571 4273 1639 4342 (ε)
1661 4288 1760 4343 per
1785 4274 2057 4346 cognitio-

347 4375 479 4414 nem
513 4376 693 4429 pmnas
729 4363 941 4418 fervere
971 4363 1224 4433 coeperit,
1261 4363 1329 4416 ab
1364 4377 1452 4429 ea,
1493 4363 1585 4416 cui
1617 4363 1831 4417 dudum
1870 4363 2055 4418 inhre-

346 4453 523 4517 serat,
569 4450 763 4505 carnis
807 4468 925 4507 sum
976 4452 1359 4507 delectatione
1409 4457 1729 4523 separatur.
1782 4454 1925 4510 Hinc
1969 4458 2058 4509 cst

345 4535 502 4590 enim
538 4536 693 4607 quod
727 4553 827 4607 per
860 4540 1193 4609 prophetam
1240 4544 1440 4593 contra
1481 4540 1756 4609 reprobos
1790 4541 2004 4596 dicitur
2036 4558 2049 4597 :
2090 4536 2137 4598 D

346 4625 413 4678 Et
443 4626 825 4681 tantummodo
862 4629 977 4682 sola
1020 4628 1239 4682 vexatio
1277 4626 1617 4683 intellectum
1654 4629 1799 4684 dabit
1841 4632 2061 4686 audituri

343 4714 501 4784 (Isai.
542 4732 740 4785 xxvm,
784 4717 895 4785 19),
936 4717 1070 4788 quia
1113 4716 1375 4771 videlicet
1416 4722 1629 4773 aeterna
1680 4735 1792 4774 non
1834 4721 2056 4776 intelli-

345 4813 525 4880 gunt;
561 4808 673 4864 nisi
708 4824 837 4863 cum
870 4826 969 4878 pro
1013 4807 1425 4879 temporalibus
1458 4810 1582 4879 jam
1617 4810 1741 4865 sine
1782 4814 2054 4867 emenda-

344 4898 500 4955 tione
532 4898 872 4970 puniuntur.
921 4901 1084 4955 Tunc
1129 4915 1291 4954 mens
1329 4903 1551 4966 aestuat,
1594 4906 1652 4955 et
1679 4900 2055 4959 infructuosae

2095 3153 2142 3221 C

416 5044 495 5113 (a)
536 5045 596 5098 In
640 5043 881 5100 Vindoc.
907 5049 962 5099 et
1013 5043 1302 5113 plerisque
1348 5042 1649 5107 Norman.,
1700 5043 2055 5103 districtionis

344 5122 576 5170 aeternae
607 5115 1137 5173 animadversionem
1180 5115 1466 5185 objiciunt.
1500 5115 1666 5170 Corb.
1706 5115 1919 5183 Germ.,
1954 5119 2057 5173 dis-

349 5187 618 5239 trictionis
665 5192 882 5242 κίεν-ηδε
932 5187 1437 5242 animadversiones
1486 5186 1781 5255 objiciunt.
1834 5188 2055 5256 Germ.,

345 5255 710 5310 districtiones
753 5268 979 5316 (eterna:
1028 5258 1524 5312 animadversionis
1564 5257 1649 5311 ob.
1686 5260 1709 5312 1
1749 5259 1909 5326 ltcg.,
1943 5255 2056 5316 dis?

350 5327 634 5449 Euclionis.
675 5328 1024 5451 siéiiaeternze
1054 5331 1551 5385 animadversionis
1582 5329 1871 5400 objiciunt.
1900 5335 2058 5388 Alter

403 5411 491 5451 ea.
528 5413 559 5449 υ
622 5412 678 5449 in
804 5408 863 5451 it.

403 5411 491 5463 eg.
528 5401 592 5449 ut
622 5401 678 5449 in
715 5401 863 5455 Edit.

420 5465 495 5534 (b)
532 5465 687 5548 Unus
718 5468 1055 5548 compend,
1082 5471 1433 5543 quiajudicio
1465 5473 1679 5527 intimm
1702 5474 2057 5531 districtionis

345 5547 843 5608 appropinquante.

416 5610 490 5679 (e)
521 5609 771 5687 Ebro_ic.,
801 5626 899 5681 per
928 5611 1320 5680 coyitationem
1362 5629 1518 5681 pene.
1554 5614 1757 5672 Gemet
1788 5621 1843 5673 et
1884 5619 2056 5687 Utic.,

343 5696 446 5761 per
493 5681 858 5749 cognitionem
914 5698 1085 5749 plenae
1124 5688 1359 5751 fervere,
1404 5701 1581 5754 quam
1633 5687 1761 5743 lect.
1812 5681 2059 5763 amplec;

352 5765 558 5833 ,imur.

3723 275 3811 334 784

2179 400 2525 473 poenitentia:
2548 419 2610 458 se
2638 403 2873 476 ignibus
2901 404 3251 477 inflammat,
3276 406 3404 461 duci
3430 408 3494 463 ad
3516 406 3817 482 supplicium

2176 491 2363 559 timet,
2410 497 2753 563 praesentem
2787 495 2963 550 vitam
2995 511 3063 552 ex
3100 496 3380 552 desiderio
3420 498 3629 567 retinet,
3660 502 3742 554 sed
3762 501 3817 557 de

2174 581 2298 637 loco
2322 598 2427 637 suo
2459 583 2719 653 solvitur,
2755 585 2893 656 quia
2915 585 3337 642 oblectamenta
3367 589 3547 643 carnis
3571 590 3819 661 deserens,

2172 673 2297 742 ejus
2328 672 2540 728 duritia
2573 689 2673 744 per
2702 675 3059 746 supplicium
3091 675 3366 747 liquatur.
3390 678 3493 733 Sed
3525 677 3648 749 quia
3666 679 3820 750 iniqui

2170 777 2372 818 omnes
2404 763 2544 834 quid
2579 764 2984 821 abstractionis
3015 782 3132 821 sum
3167 774 3419 837 tempore
3452 768 3717 839 patientur
3743 787 3821 825 au-

2172 851 2440 921 divimus,
2475 854 2663 909 adhuc
2688 856 2886 927 aliqua
2918 857 3135 927 quibus
3160 858 3215 911 in
3239 856 3514 913 libertatis
3537 875 3643 913 sua:
3665 860 3819 929 spatio

2169 940 2548 1013 implicantur
2580 944 2909 1003 audiamus.
2951 946 3226 1018 Sequitur
3259 963 3271 1000 :

2438 1032 2673 1089 CAPUT
2698 1034 2930 1090 XXVIII
2962 1036 3079 1107 [νει
3112 1080 3123 1092 .
3157 1036 3283 1105 XIV,
3319 1038 3437 1115 Rec.
3470 1038 3591 1108 XII].

2244 1126 2412 1178 Vens.
2481 1124 2565 1178 18.
2634 1157 2702 1165 --
2779 1126 3048 1183 Involuta:I
3115 1131 3240 1182 sunt
3318 1129 3523 1184 semitae
3565 1145 3824 1200 gremium

2171 1230 2378 1270 eorum.

2241 1304 2327 1358 34.
2391 1305 2544 1359 Nihil
2588 1305 2802 1377 prodest
2860 1313 3007 1364 recta
3060 1325 3382 1381 proponere,
3440 1311 3548 1364 nisi
3598 1312 3825 1382 propositi

2169 1397 2336 1449 simus
2384 1404 2617 1453 tenaces.
2668 1430 2737 1439 —-
2781 1398 2964 1454 Omne
3014 1401 3164 1469 quod
3195 1398 3505 1456 involvitur
3557 1401 3612 1456 in
3648 1405 3826 1457 semet-

2169 1483 2364 1555 ipsum
2398 1486 2730 1556 replicatur.
2760 1488 2828 1543 Et
2858 1492 2997 1545 sunt
3024 1490 3288 1545 nonnulli
3322 1489 3423 1561 qui
3458 1489 3828 1547 seducentibus

2168 1574 2324 1631 vitiis
2370 1577 2604 1633 obviare
2644 1580 2811 1650 quasi
2857 1586 2972 1635 tota
3010 1580 3332 1636 intentione
3392 1580 3712 1646 deliberant,
3748 1582 3829 1637 sed

2172 1664 2427 1725 irruente
2474 1666 2814 1723 tentationis
2861 1667 3126 1735 articulo,
3170 1669 3227 1723 in
3269 1668 3689 1725 deliberationis
3725 1687 3830 1740 pro-

2171 1755 2356 1826 posito
2389 1772 2502 1811 non
2536 1758 2871 1828 perdurant.
2906 1758 3064 1814 Alius
3107 1775 3383 1831 namque,
3418 1776 3586 1832 pravo
3617 1759 3687 1830 (ri)
3707 1776 3829 1814 ausu

2167 1846 2448 1916 superbiae
2479 1846 2738 1913 inflatus,
2772 1864 2905 1904 cum
2948 1865 3155 1922 magna
3194 1866 3321 1906 esse
3357 1852 3593 1923 prmmia
3629 1851 3829 1906 humili-

2170 1937 2305 1991 tatis
2335 1936 2687 2006 considerat,
2731 1938 3033 1995 adversum
3077 1941 3456 2011 semetipsum
3498 1957 3557 1997 se
3594 1941 3761 2013 erigit,
3787 1942 3832 1996 et

2169 2025 2333 2097 quasi
2372 2028 2659 2082 tumorem
2709 2028 2927 2099 turgidi
2985 2029 3166 2085 fastus
3204 2030 3465 2101 deponit,
3513 2030 3759 2087 exhibere
3783 2045 3831 2084 se

2169 2114 2525 2186 quibuslibet
2548 2116 2920 2173 contumeliis
2944 2117 3221 2174 humilem
3247 2120 3545 2191 promittit
3575 2138 3588 2187 ;
3610 2119 3704 2175 sed
3724 2134 3828 2174 cum

2170 2209 2402 2278 repente
2432 2205 2587 2261 hunc
2617 2209 2785 2261 unius
2824 2206 3041 2278 injuria
3071 2208 3227 2264 verbi
3264 2210 3596 2282 pulsaverit,
3629 2212 3693 2266 ad
3720 2226 3829 2265 con-

2169 2300 2389 2351 suetam
2423 2297 2687 2367 protinus
2716 2296 3023 2353 elationem
3056 2299 3225 2369 redit,
3259 2300 3464 2372 sicque
3493 2302 3565 2355 ad
3595 2304 3836 2355 tumorem

2168 2384 2422 2454 ducitur,
2458 2390 2523 2441 ut
2554 2402 2917 2457 nequaquam
2950 2388 3082 2458 quia
3114 2387 3467 2445 humilitatis
3498 2390 3701 2445 bonum
3724 2405 3834 2444 con-

2168 2475 2432 2546 cupierat
2449 2478 2799 2532 recordetur.
2827 2478 2897 2547 (e)
2920 2478 3085 2533 Alius
3108 2479 3357 2535 avaritia
3372 2488 3638 2549 aestuans,
3662 2496 3834 2549 augen-

2169 2565 2258 2620 dis
2306 2566 2677 2621 facultatibus
2736 2567 2986 2623 anhelat.
3045 2571 3099 2624 Is
3147 2586 3278 2625 cum
3329 2572 3621 2643 praeterire
3672 2571 3835 2627 omnia

2168 2654 2439 2712 velociter
2492 2656 2801 2728 conspicit,
2838 2661 3139 2726 vagantem
3208 2675 3308 2729 per
3375 2660 3834 2732 concupiscentiae

2171 2747 2419 2800 mentem
2456 2744 2598 2815 ﬁgit,
2634 2745 2892 2801 decernit
2915 2748 3038 2816 jam
3073 2746 3217 2802 nihil
3254 2754 3549 2820 appetere,
3582 2755 3634 2805 et
3660 2750 3835 2820 adepta

2171 2835 2574 2889 tantummodo
2619 2835 2727 2889 sub
2772 2835 2966 2905 magni
3011 2837 3436 2894 moderaminis
3481 2840 3637 2895 freno
3670 2838 3832 2910 possi-

2171 2923 2333 2989 dere;
2378 2923 2475 2978 sed
2512 2940 2642 2978 cum
2679 2929 2911 2993 repente
2940 2925 3154 2980 fuerint
3175 2926 3369 2983 oculis
3398 2927 3588 2985 oblata
3606 2944 3717 3000 quae
3736 2927 3834 2998 pla-

2172 3019 2355 3079 ceant,
2391 3013 2450 3068 in
2490 3013 2806 3069 ambitione
2857 3014 3116 3084 protinus
3165 3032 3329 3073 mens
3380 3018 3629 3087 anhelat,
3660 3021 3838 3073 semet-

2176 3100 2359 3171 ipsam
2393 3118 2509 3156 non
2536 3102 3080 3174 capit,adipiscendi
3107 3105 3228 3162 haec
3251 3108 3620 3164 occasionem
3645 3105 3839 3179 quaerit,

2172 3194 2228 3245 et
2257 3190 2433 3245 oblita
2463 3192 2831 3247 continentiae
2866 3210 3042 3264 quam
3076 3210 3273 3251 secum
3309 3197 3629 3270 pepigerat,
3658 3197 3843 3267 cogita-

2171 3279 2396 3336 tionum
2430 3297 2491 3336 se
2509 3282 2763 3337 stimulis
2791 3298 2891 3353 per
2912 3284 3203 3340 desideria
3225 3287 3631 3356 acquisitionis
3651 3285 3840 3356 inquie-

2172 3372 2277 3425 tat.
2318 3368 2481 3426 Alius
2514 3370 2754 3425 luxuria
2796 3371 2927 3426 tabe
2972 3372 3271 3443 polluitur,
3304 3384 3365 3431 et
3397 3377 3568 3449 longa
3590 3378 3703 3447 jam
3730 3391 3842 3430 con-

2171 3459 2477 3514 suetudine
2499 3465 2703 3530 captus
2726 3464 2957 3515 tenetur
2981 3480 2994 3528 ;
3022 3466 3243 3532 quanta
3272 3468 3477 3520 autem
3502 3464 3767 3521 castitatis
3784 3460 3844 3515 sit

2172 3549 2460 3605 munditia
2491 3549 2795 3621 conspicit,
2826 3555 2883 3606 et
2911 3568 2943 3606 a
2972 3567 3142 3607 carne
3174 3552 3322 3609 vinci
3364 3559 3534 3628 turpe
3563 3553 3844 3626 deprehen~

2172 3638 2274 3694 dit.
2311 3639 2678 3710 Restringere
2718 3655 2853 3711 ergo
2895 3640 3253 3711 voluptatum
3295 3644 3460 3700 ﬂuxa
3499 3645 3775 3709 deliberat,
3801 3643 3845 3694 et

2170 3727 2453 3783 resultare
2488 3729 2895 3784 consuetudini
2936 3731 3106 3800 quasi
3151 3732 3284 3788 totis
3315 3749 3386 3789 se
3426 3734 3642 3790 viribus
3690 3733 3840 3805 perat.

2170 3817 2278 3872 Sed
2313 3817 2397 3872 vel
2442 3817 2670 3888 objecta
2700 3818 2885 3874 oculis
2929 3819 3139 3891 specie,
3180 3821 3266 3876 vel
3307 3824 3385 3877 ad
3424 3824 3746 3879 memoriam
3774 3836 3839 3874 re-

2170 3912 2358 3980 ducta,
2375 3928 2509 3969 cum
2535 3912 2601 3983 (Γ)
2626 3912 2817 3967 subita
2842 3912 3164 3969 tentatione
3190 3917 3546 3983 concutitur,
3564 3918 3801 3987 protinus
3819 3928 3843 3964 a

2170 4001 2416 4070 pristina
2451 4002 2869 4074 prmparatione
2902 4002 3256 4073 dissipatur;
3291 4010 3351 4059 et
3385 4006 3484 4077 qui
3509 4010 3698 4061 contra
3720 4004 3839 4057 hanc

2168 4090 2433 4160 clypeum
2479 4090 2913 4147 deliberationis
2940 4098 3218 4159 erexerat,
3249 4093 3657 4151 delectationis
3678 4090 3841 4165 jaculo

2168 4180 2648 4249 confossusjacet
2673 4201 2685 4247 ;
2713 4180 2909 4251 sicque
2936 4196 3067 4235 eum
3086 4180 3597 4240 luxuriaenervem
3621 4184 3835 4255 superat.

2168 4287 2231 4325 ac
2262 4269 2311 4324 si
2344 4269 2505 4324 nulla
2528 4274 2729 4325 contra
2761 4286 2886 4325 eam
2910 4270 3250 4327 intentionis
3281 4289 3444 4329 arma
3475 4272 3836 4347 prmparasset.

2167 4359 2445 4414 Aliusirze
2485 4359 2726 4416 ﬂammis
2760 4360 3115 4427 accenditur,
3134 4367 3191 4416 et
3227 4378 3415 4434 usque
3448 4365 3518 4419 ad
3549 4360 3841 4419 inferendae

2170 4450 2450 4521 proximis
2481 4450 2868 4505 contumelias
2900 4450 3232 4506 elfrenatur.
3266 4454 3410 4509 Cum
3446 4470 3577 4509 vero
3601 4450 3745 4507 nulla
3769 4449 3841 4503 lu-

2173 4540 2318 4595 roris
2351 4540 2610 4594 animum
2642 4540 2869 4595 occasio
2916 4540 3129 4611 pulsat,
3164 4548 3388 4612 quanta
3417 4545 3492 4598 sit
3534 4545 3839 4598 mansuetu-

2171 4631 2325 4684 dinis
2354 4630 2547 4697 virtus,
2574 4636 2793 4700 quanta
2819 4630 3106 4701 patientiae
3138 4633 3212 4703 (g)
3248 4632 3499 4689 altitudo
3529 4632 3840 4695 considerat,

2169 4736 2343 4790 seque
2374 4720 2546 4774 etiam
2571 4728 2765 4774 contra
2789 4720 3176 4776 contumelias
3204 4721 3521 4791 patientem
3548 4726 3701 4793 parat
3723 4737 3734 4785 ;
3757 4719 3835 4773 sed

2165 4825 2295 4863 cum
2333 4826 2502 4879 parva
2534 4809 2854 4880 quamlibet
2886 4812 3295 4865 commotionis
3324 4813 3553 4867 occasio
3586 4811 3835 4873 nascitur,

2167 4899 2309 4955 227
2372 4903 2605 4969 repente
2656 4898 2725 4952 ad
2778 4914 2942 4954 voces
2991 4906 3047 4954 et
3095 4899 3487 4956 contumelias
3534 4898 3836 4954 medullitus

2238 5041 2312 5112 (d)
2345 5041 2430 5096 Ita
2460 5040 2701 5114 Vindoc.
2725 5044 2783 5114 et
2802 5041 3072 5097 Norman.
3101 5043 3380 5114 plerique,
3407 5058 3523 5098 non
3553 5056 3717 5114 pravo
3737 5054 3835 5103 usu,

2169 5118 2231 5168 ut
2265 5115 2470 5180 legitur
2501 5114 2555 5167 in
2589 5112 2791 5166 Editis.
3106 5112 3111 5113 ⁷
3170 5158 3175 5162 ι

2237 5187 2307 5253 (e)
2340 5184 2581 5239 Floriac.
2617 5187 2673 5238 et
2702 5200 2851 5239 unus
2883 5183 3198 5256 Compend.
3236 5186 3311 5240 ita
3334 5184 3549 5240 habet:
3575 5184 3837 5239 aliusava-

2168 5256 2305 5309 ritia
2348 5265 2605 5319 aestuans,
2656 5257 2931 5324 augendis
2979 5257 3341 5325 facultatibus
3400 5258 3684 5321 anhelans,
3734 5268 3835 5307 cum

2165 5331 2471 5400 praeterire,
2504 5332 2612 5381 etc.

2241 5400 2306 5469 (Ι)
2330 5399 2406 5453 Ita
2430 5394 2631 5452 omnes
2657 5399 2791 5454 Mss.
2821 5400 3000 5453 nostri
3023 5404 3079 5454 et
3096 5400 3345 5470 quinque
3366 5394 3829 5470 Anglicani,quib.

2167 5471 2481 5544 concinunt
2531 5476 2639 5524 vet.
2677 5472 2779 5525 Ed.
2828 5471 2957 5527 Coc.
2991 5479 3043 5526 et
3088 5469 3234 5544 seq.,
3276 5487 3378 5543 pro
3410 5472 3606 5539 subita,
3646 5469 3831 5523 habent

2165 5543 2426 5597 subiecta.

2240 5559 2558 5687 .Mss.
2584 5612 2802 5669 Gemet.
2838 5621 2890 5671 et
2912 5615 3108 5687 paucis
3132 5613 3259 5670 aliis
3279 5612 3637 5669 desideratur
3660 5610 3829 5666 altitu-

2167 5685 2253 5753 do,
2285 5684 2463 5741 illasso
2496 5701 2697 5741 sensu.
