4134 6174
318 235 434 294 785

1179 243 1602 305 MORALIUM
1652 243 1793 305 LIB.
1840 246 1974 308 VII.
2024 277 2101 288 —
2145 244 2221 307 IN
2268 246 2519 309 CAPUT
2562 245 2637 307 VI
2677 246 2745 306 B.
2798 247 2961 308 .IOB.

3716 259 3832 320 786

315 374 755 447 inﬂammatur;
788 380 870 436 ita
904 386 966 436 ut
992 398 1103 437 non
1152 384 1340 439 solum
1390 386 1459 440 ad
1512 385 1854 441 memoriam
1907 401 2012 455 pa-
2044 386 2097 452 Α
2126 384 2354 439 alterius
2402 399 2466 437 ac
2518 383 2766 455 plurium
2822 391 3284 458 consequentium.
3349 394 3525 461 Quasi
3562 394 3720 451 homo
3768 396 3831 451 in

316 466 518 523 tientia
551 470 835 539 promissa
866 486 980 526 non
1005 472 1220 539 redeat,
1249 475 1344 529 sed
1370 479 1426 530 et
1451 476 1826 547 semetipsum
1853 490 2019 529 mens

315 561 371 611 et
400 573 468 614 ea
497 574 625 628 quae
658 559 915 630 loquitur
945 561 1202 619 convicia
1244 580 1357 619 non
1408 569 1704 636 agnoscat.
1757 566 2020 634 Cumque

314 646 493 701 furori
550 647 713 718 plene
761 650 1120 718 satisfecerit,
1174 652 1337 722 quasi
1391 659 1521 724 post
1567 654 1906 709 exercitium
1962 654 2018 708 in

312 737 797 807 tranquillitatem
825 741 1013 808 redit;
1047 745 1101 795 et
1132 747 1267 797 tunc
1299 758 1361 797 se
1393 744 1460 796 ad
1495 743 1711 798 silentii
1763 743 2020 799 claustra

311 826 619 899 recolligit,
653 846 785 885 cum
829 830 1041 903 linguae
1092 850 1204 888 non
1257 834 1560 905 patientia,
1610 836 1706 890 sed
1760 835 2019 905 procaci-

310 918 451 970 tatis
482 933 599 971 suze
631 919 949 975 satisfactio
978 922 1202 977 frenum
1238 924 1453 993 posuit.
1506 924 1612 978 Vix
1659 924 1837 995 igitur
1886 939 2016 978 sero

312 1008 445 1074 post
476 1006 734 1063 convicia
764 1006 923 1064 illata
954 1025 1013 1065 se
1043 1010 1295 1077 cohibet,
1330 1013 1468 1082 quia
1498 1016 1555 1067 et
1585 1030 1617 1067 a
1646 1028 1813 1068 cursu
1867 1028 2018 1083 saepe

311 1101 651 1163 spumantes
682 1110 863 1167 equos
896 1115 1007 1154 non
1036 1100 1400 1169 praesidentis
1423 1101 1676 1170 dextere,
1702 1101 1800 1157 sed
1826 1099 2014 1170 campi

310 1183 597 1241 terminus
639 1192 881 1243 coercet.
936 1190 1086 1245 Bene
1132 1206 1267 1261 ergo
1317 1191 1386 1246 de
1446 1192 1702 1262 reprobis
1752 1193 2011 1246 dicitur:

307 1273 574 1331 Involuta:
596 1286 724 1332 sunt
744 1280 952 1334 semitae
990 1296 1277 1348 gressuum
1305 1297 1512 1350 eorum,
1537 1282 1674 1352 quia
1698 1286 1851 1337 recta
1886 1282 2012 1352 qui-

309 1363 441 1418 dem
476 1364 852 1424 deliberando
883 1374 1182 1439 appetunt,
1215 1371 1310 1426 sed
1347 1371 1416 1426 ad
1460 1375 1734 1427 consueta
1782 1387 2014 1442 semper

310 1452 462 1509 mala
494 1455 884 1526 replicantur;
917 1462 974 1513 et
1004 1461 1169 1529 quasi
1200 1465 1360 1516 extra
1399 1478 1461 1517 se
1492 1462 1659 1528 tensi,
1692 1462 1763 1515 ad
1798 1466 2015 1517 semet-

306 1544 467 1615 ipsos
491 1561 588 1615 per
609 1547 912 1603 circuitum
939 1550 1305 1621 redeunt,qui
1326 1551 1477 1606 bona
1495 1551 1727 1622 quidem
1749 1552 2012 1621 cupiunt,

305 1636 404 1691 sed
436 1654 467 1691 a
500 1636 669 1693 malis
694 1656 996 1711 nunquam
1022 1641 1316 1697 recedunt.
1340 1642 1481 1697 Esse
1502 1642 1720 1713 quippe
1743 1642 2012 1712 humiles,

306 1726 407 1782 sed
441 1731 635 1783 tamen
667 1729 791 1783 sine
813 1730 1119 1801 despectus
1147 1749 1160 1798 ;
1191 1747 1316 1789 esse
1339 1732 1591 1787 contenti
1616 1731 1884 1803 propriis,
1912 1733 2010 1787 sed
2048 1772 2093 1835 Β

304 1815 435 1871 sine
476 1817 852 1886 necessitate;
901 1836 1027 1876 esse
1076 1821 1242 1889 casti,
1292 1822 1394 1877 sed
1445 1822 1571 1878 sine
1621 1822 2015 1878 maceratione

306 1907 567 1977 corporis
595 1926 608 1977 ;
634 1925 762 1965 esse
786 1910 1090 1982 patientes,
1115 1913 1213 1968 sed
1241 1912 1365 1969 sine
1388 1913 1755 1970 contumeliis
1779 1913 2010 1982 volunt;

303 2010 559 2068 cumque
591 1997 834 2070 adipisci
867 2000 1109 2056 virtutes
1140 2006 1431 2072 quaerunt,
1462 2003 1561 2058 sed
1584 2002 1811 2059 labores
1837 2003 2015 2057 virtu-

304 2090 428 2139 tum
454 2086 704 2157 fugiunt,
726 2088 862 2159 quid
887 2087 1043 2145 aliud
1065 2106 1239 2161 quam
1265 2092 1339 2161 (a)
1364 2095 1418 2146 et
1444 2091 1579 2147 belli
1598 2090 1921 2146 certamina
1953 2090 2011 2146 in

303 2186 512 2244 campo
542 2176 831 2245 nesciunt,
863 2181 919 2231 et
949 2178 1307 2249 triumphare
1338 2179 1397 2233 in
1448 2179 1693 2234 urbibus
1742 2180 1811 2234 de
1862 2178 2010 2235 bello

304 2264 741 2334 concupiscunt.
1936 2282 1939 2283 '

280 2396 283 2397 ν
376 2353 510 2423 [νει.
565 2355 692 2426 XV.]
745 2356 835 2411 35.
885 2357 1021 2412 Dum
1080 2356 1259 2429 aliqui
1296 2359 1431 2413 vitia
1470 2357 1723 2429 quaedam
1764 2358 2006 2426 domant,

302 2441 418 2497 alia
484 2444 788 2513 negligant,
844 2446 1009 2501 etiam
1054 2446 1295 2501 subactis
1340 2461 1469 2500 more
1515 2446 1890 2502 succumbunt.
1938 2479 2006 2489 -—

301 2535 575 2601 Quamvis
606 2535 735 2603 hoc,
770 2538 924 2607 quod
960 2552 1159 2592 eorum
1192 2538 1412 2593 semitae
1462 2538 1734 2593 involuta)
1786 2555 2002 2595 memo-

300 2630 526 2692 rantur,
560 2625 755 2681 adhuc
786 2626 1034 2698 intelligi
1066 2635 1118 2682 et
1148 2626 1314 2683 aliter
1334 2629 1539 2699 possit.
1565 2632 1723 2700 Saepe
1755 2645 2005 2699 namque

302 2715 565 2770 nonnulli
599 2720 801 2771 contra
832 2717 1097 2787 quaedam
1130 2733 1191 2773 se
1223 2716 1361 2772 vitia
1403 2718 1777 2773 vehementer
1818 2718 2006 2774 accin-

299 2810 468 2873 gunt,
501 2806 597 2859 sed
632 2805 895 2875 quaedam
937 2805 1204 2876 subigere
1252 2805 1591 2877 negligant;
1638 2821 1889 2877 cumque
1940 2823 2001 2862 se

293 2899 498 2951 contra
526 2898 638 2950 ista
670 2911 784 2951 non
815 2896 1067 2965 erigunt,
1116 2900 1174 2952 et
1224 2896 1324 2951 illa
1374 2903 1572 2954 contra
1621 2913 1681 2952 se
1731 2902 2001 2968 reparant

291 2999 421 3054 qua
447 2983 821 3055 subegerunt.
845 2985 1011 3041 Alius
1034 2986 1425 3058 namquejam
1451 3002 1682 3043 carnem
1719 3003 1752 3042 a
1771 2986 1999 3043 luxuria

289 3072 577 3141 edomuit,
610 3074 708 3129 sed
740 3078 934 3131 tamen
958 3074 1148 3131 adhuc
1183 3081 1434 3132 mentem
1485 3076 1557 3131 ab
1608 3075 1845 3131 avaritia
1878 3092 1992 3131 non

2132 473 2355 528 bestiam
2386 472 2606 540 desinit,
2640 476 2771 528 dum
2801 475 2901 531 sub
2932 477 3151 533 obtentu
3177 479 3411 536 rationis
3430 491 3626 538 contra
3655 486 3829 542 ratio-

2128 579 2255 618 nem
2286 568 2487 634 peccat.
2519 595 2587 606 -
2628 563 2957 635 Aliquando
3008 583 3141 623 vero
3191 568 3470 627 involutis
3520 588 3827 643 gressuum

2129 653 2359 708 semitis
2392 659 2449 708 et
2480 653 2641 707 nulla
2672 653 2845 724 culpa
2877 656 3218 730 devincitur,
3253 664 3309 715 et
3350 660 3462 717 alia
3509 679 3607 733 per
3655 663 3828 719 aliam

2132 748 2505 812 perpetretur.
2540 744 2682 799 Nam
2717 762 2869 816 saepe
2902 747 3053 802 furto
3091 749 3413 820 negationis
3455 750 3834 823 lallaciajun-

2128 832 2305 901 gitur,
2340 837 2394 887 et
2424 850 2573 903 saepe
2605 834 2774 903 culpa
2807 835 3043 890 fallacias
3076 838 3315 908 perjurii
3351 844 3514 895 reatu
3556 841 3829 897 cumula-

2129 926 2242 976 tur.
2277 925 2439 993 Saepe
2471 923 2769 992 quodlibet
2797 924 2999 979 vitium
3026 926 3351 997 impudenti
3376 930 3831 1001 praesumptione

2127 1011 2526 1078 committitur,
2562 1020 2614 1067 et
2644 1029 2796 1083 saepe
2836 1015 3011 1086 (quod
3045 1015 3202 1070 omni
3237 1016 3411 1088 culpa
3459 1018 3523 1073 ﬁt
3569 1020 3830 1090 gravius)

2126 1100 2299 1155 etiam
2360 1102 2430 1156 de
2497 1101 2805 1158 commisso
2860 1104 2995 1159 vitio
3055 1107 3408 1176 superbilur.
3471 1109 3623 1164 228
3683 1110 3829 1164 Nam

2128 1190 2395 1259 quamvis
2426 1190 2495 1244 de
2529 1192 2738 1247 virtute
2770 1194 2927 1247 nasci
2962 1192 3134 1249 elatio
3166 1195 3368 1266 soleat,
3402 1212 3828 1269 nonnunquam

2126 1282 2322 1333 tamen
2356 1279 2428 1351 (b)
2463 1280 2641 1335 stulta
2674 1297 2837 1336 mens
2872 1283 2940 1337 de
2964 1289 3290 1353 perpetrata
3311 1301 3371 1340 se
3398 1287 3657 1357 nequitia
3681 1287 3829 1342 exal-

2123 1371 2226 1421 tat.
2245 1368 2356 1422 Sed
2379 1384 2506 1423 cum
2533 1370 2701 1440 culpa
2724 1370 2905 1442 culpae
2924 1374 3283 1444 adjungitur,
3304 1375 3437 1445 quid
3465 1375 3621 1430 aliud
3648 1392 3825 1447 quam

2124 1457 2394 1511 involutis
2424 1458 2650 1513 semitis
2684 1465 2852 1528 atque
2885 1460 3175 1516 innodatis
3214 1462 3462 1518 vinculis
3513 1481 3827 1534 pravorum

2124 1561 2359 1616 gressus
2390 1546 2644 1617 ligantur
2663 1550 2691 1601 ?
2721 1548 2880 1604 Unde
2912 1549 3057 1605 bene
3086 1555 3286 1607 contra
3305 1567 3636 1623 perversam
3661 1570 3826 1610 men-

2124 1640 2240 1689 tem
2275 1636 2385 1690 sub
2412 1636 2623 1691 Judteaa
2657 1638 2845 1707 specie
2877 1654 2977 1708 per
3001 1641 3207 1695 Isaiam
3233 1641 3483 1697 dicitur:
3519 1644 3829 1699 Eritcubile

2123 1725 2440 1796 draconum,
2469 1733 2522 1781 et
2576 1744 2781 1797 pascua
2840 1730 3235 1798 struthionum,
3273 1740 3321 1785 et
3377 1735 3660 1787 occurrent
3713 1732 3828 1785 dm-

2124 1817 2309 1870 monia
2332 1817 2732 1885 onocentauris,
2765 1824 2816 1872 et
2841 1818 3050 1884 pilosus
3080 1819 3338 1874 clamabit
3386 1823 3526 1876 alter
3572 1819 3642 1875 ad
3687 1821 3828 1877 alte-

2124 1921 2253 1959 rum
2293 1907 2442 1974 (lsai.
2500 1923 2692 1974 xxxiv,
2728 1907 2837 1976 13).
2870 1908 3013 1973 Quid
3076 1924 3330 1979 namque
3388 1924 3491 1980 per
3546 1910 3824 1965 dracones

2123 1994 2235 2050 nisi
2271 1996 2512 2062 malitia,
2548 1996 2687 2067 quid
2722 2012 2855 2052 vero
2887 1997 3281 2053 struthionum
3318 1998 3551 2054 nomine
3580 1999 3693 2055 nisi
3727 1998 3827 2069 hy-

2122 2084 2359 2154 pocrisis
2384 2085 2727 2157 designatur
2747 2087 2775 2139 ?
2796 2086 3060 2143 Struthio
3082 2088 3292 2158 quippe
3316 2088 3566 2159 speciem
3592 2088 3823 2145 volandi

2120 2172 2317 2242 habet,
2350 2175 2445 2229 sed
2480 2191 2650 2229 usum
2683 2174 2913 2230 volandi
2957 2192 3072 2230 non
3126 2176 3317 2246 habet,
3369 2176 3503 2247 quia
3551 2182 3606 2233 et
3649 2178 3820 2250 hypoo

2119 2261 2289 2316 crisis
2315 2262 2543 2317 cunctis
2575 2263 2942 2317 intuentibus
2975 2262 3282 2333 imaginem
3318 2263 3387 2318 de
3408 2280 3471 2318 se
3498 2264 3822 2319 sanctitatis

2117 2349 2400 2417 insinuat,
2433 2352 2531 2407 sed
2566 2355 2760 2408 tenere
2792 2350 2964 2407 vitam
2989 2352 3311 2408 sanctitatis
3332 2353 3577 2421 ignorat.
3601 2354 3662 2407 In
3687 2369 3822 2423 per-

2116 2457 2283 2495 versa
2311 2441 2488 2513 igitur
2516 2446 2706 2496 mente
2737 2441 2909 2497 draco
2942 2441 3136 2510 cubat,
3170 2446 3224 2497 et
3256 2442 3507 2498 struthio
3541 2446 3818 2515 pascitur,

2116 2530 2249 2599 quia
2279 2534 2335 2585 et
2369 2531 2553 2585 latens
2587 2530 2809 2585 malitia
2848 2530 3053 2586 callide
3093 2532 3329 2602 tegitur,
3361 2536 3416 2587 et
3461 2531 3815 2589 intuentium

2113 2619 2296 2674 oculis
2329 2619 2623 2675 simulatio
2656 2620 2931 2676 bonitatis
2962 2622 3300 2677 antefertur.
3334 2622 3481 2685 Quid
3514 2638 3647 2679 vero
3680 2640 3814 2679 ono-

2113 2713 2521 2764 centaurorum
2577 2710 2830 2777 nomine,
2877 2709 2987 2764 nisi
3032 2717 3083 2765 et
3126 2709 3335 2766 lubrici
3385 2710 3713 2782 figurantur
3760 2718 3816 2768 et

2110 2799 2292 2855 elati?
2321 2803 2512 2856 Graeco
2547 2800 2762 2872 quippe
2793 2799 3022 2871 eloquio
3055 2794 3174 2860 ὄνος
3220 2803 3422 2857 asinus
3474 2801 3707 2870 dicitur,
3758 2806 3815 2858 et

2110 2888 2497 2959 appellatione
2526 2887 2673 2943 asini
2707 2887 2935 2943 luxuria
2965 2889 3319 2959 designatur,
3353 2888 3633 2960 propheta
3664 2896 3810 2946 alte-

2107 2983 2320 3047 stante,
2353 2980 2455 3049 qui
2485 2978 2604 3034 ait:
2658 2980 2721 3035 Ut
2775 2995 2967 3035 carnes
3015 2979 3321 3047 asinorum,
3375 2995 3570 3035 carnes
3623 2995 3813 3036 eorum

2108 3070 2323 3141 (Ezech.
2361 3087 2520 3141 χχιιι,
2552 3071 2666 3141 20).
2715 3070 2889 3125 Tauri
2920 3075 3112 3125 autem
3145 3071 3422 3127 vocabulo
3468 3071 3654 3127 cervix
3705 3089 3813 3128 su-

284 3138 637 3230 rel'renavit;
672 3180 915 3235 cumque
946 3181 1008 3221 se
1037 3164 1097 3221 in
1128 3165 1342 3221 mundo
1376 3183 1478 3238 pro
1510 3168 1831 3222 exercenda
1859 3183 1992 3221 ava-
2025 3138 2067 3205 (ἶ
2105 3161 2313 3231 perbiee
2337 3161 2791 3225 demonstratur,
2816 3160 2965 3215 sicut
2992 3176 3127 3217 voce
3152 3160 3459 3216 Dominica
3495 3160 3567 3216 de
3596 3162 3811 3217 Judmis

282 3260 417 3316 ritia
448 3261 674 3327 retinet,
708 3277 957 3331 cumque
990 3278 1021 3316 a
1054 3263 1298 3317 terrenis
1339 3263 1565 3319 actibus
1610 3280 1724 3318 non
1756 3264 1993 3332 recedit,

282 3353 628 3421 erumpente
658 3350 978 3406 occasionis
1008 3351 1270 3421 articulo,
1304 3352 1477 3407 etiam
1501 3351 1560 3406 in
1598 3352 1885 3409 luxuriam
1908 3354 1996 3409 la.

279 3440 465 3505 bitur,
499 3456 675 3511 quam
701 3441 824 3511 jam
858 3441 1159 3512 subegisse
1201 3440 1521 3496 videbatur.
1555 3442 1721 3498 Alius
1744 3442 1994 3499 avaritiae

280 3534 494 3585 aestum
527 3529 683 3597 vicit,
717 3529 817 3585 sed
851 3546 1216 3602 nequaquam
1250 3532 1367 3585 vim
1410 3532 1653 3588 luxuriae
1695 3534 1989 3600 subdidit;

276 3634 537 3690 cumque
568 3619 861 3692 explendae
904 3620 1146 3676 luxuriae
1196 3622 1442 3690 pretium
1500 3628 1805 3693 praeparat,
1850 3624 1991 3694 jugo

284 3725 514 3779 quoque
544 3710 823 3777 avaritiae,
849 3726 1024 3781 quam
1059 3710 1283 3765 dudum
1333 3711 1613 3779 edomuit,
1648 3713 1837 3768 cordis
1869 3728 1992 3768 cer-

274 3800 467 3855 vicem
502 3799 722 3855 subdit.
765 3798 929 3855 Alius
968 3799 1346 3856 rebellantem
1388 3800 1515 3870 jam
1569 3800 1991 3872 impatientiam

278 3888 510 3956 stravit,
543 3888 642 3944 sed
674 3888 904 3945 inanem
935 3889 1179 3960 gloriam
1217 3889 1465 3946 necdum
1488 3889 1646 3956 vicit,
1674 3894 1729 3945 et
1764 3908 1897 3946 cum
1930 3910 1990 3949 se

277 3994 382 4050 per
406 3978 554 4034 hanc
575 3978 779 4034 mundi
803 3978 1116 4035 honoribus
1148 3978 1366 4047 inserit,
1392 3980 1655 4037 conﬁxus
1678 3996 1989 4037 causarum

265 4065 538 4122 stimulis
559 4067 629 4121 ad
649 4065 1070 4136 impatientiam
1092 4072 1298 4140 captus
1322 4068 1469 4124 redit
1494 4085 1507 4135 ;
1528 4085 1779 4140 cumque
1798 4069 1989 4125 inanis

272 4152 459 4224 gloria
490 4153 563 4210 ad
603 4153 1000 4210 defensionem
1047 4155 1141 4211 sui
1185 4156 1448 4211 animum
1502 4156 1690 4229 erigit,
1741 4166 1796 4212 et
1827 4157 1988 4213 illam

270 4242 471 4298 victus
493 4242 719 4311 tolerat,
748 4260 923 4315 quam
951 4245 1266 4315 superavit.
1289 4244 1451 4301 Alius
1484 4246 1716 4302 inanem
1742 4246 1986 4318 gloriam

276 4332 563 4400 subdidit,
596 4333 697 4388 sed
720 4337 912 4389 tamen
938 4334 1357 4404 impatientiam
1394 4336 1641 4391 necdum
1670 4335 1910 4404 stravit;
1934 4340 1991 4391 et

272 4437 411 4476 cum
446 4420 633 4477 multa
658 4421 1066 4479 resistentibus
1100 4440 1201 4495 per
1244 4425 1665 4495 impatientiam
1706 4425 1984 4493 minatur,

2107 3250 2580 3320 superbientibus
2614 3266 2711 3321 per
2734 3249 3104 3307 Psalmistam
3125 3251 3341 3306 dicitur
3365 3269 3377 3305 :
3404 3252 3565 3305 Tauri
3584 3252 3812 3323 pingues

2105 3339 2427 3395 obsederunt
2460 3355 2547 3395 me
2576 3339 2744 3411 (Psal.
2788 3356 2905 3406 xxx,
2939 3341 3049 3409 13).
3088 3340 3475 3396 Onocentauri
3507 3356 3641 3412 ergo
3673 3350 3813 3398 sunt

2105 3430 2227 3502 qui,
2262 3431 2509 3501 subjecti
2542 3430 2781 3486 luxuria:
2821 3429 3002 3497 vitiis,
3053 3430 3186 3485 inde
3230 3429 3505 3487 cervicem
3559 3431 3808 3502 erigunt,

2106 3521 2259 3576 unde
2291 3520 2580 3575 humiliari
2601 3520 2947 3575 debuerunt.
2976 3520 3105 3589 Qui,
3141 3521 3328 3574 carnis
3352 3536 3469 3574 sum
3496 3518 3811 3590 voluptati-

2103 3610 2213 3664 bus
2244 3609 2584 3677 servientes,
2617 3608 2862 3680 expulsa
2892 3607 3063 3679 longe
3084 3608 3448 3677 verecundia,
3475 3624 3589 3663 non
3615 3607 3805 3663 solum

2103 3715 2166 3756 se
2192 3698 2457 3755 amittere
2476 3698 2884 3754 rectitudinem
2912 3714 3026 3752 non
3052 3696 3271 3767 dolent,
3296 3698 3399 3752 sed
3423 3696 3611 3754 adhuc
3629 3698 3805 3754 etiam

2103 3790 2173 3844 de
2203 3805 2374 3861 Opere
2405 3789 2765 3845 confusionis
2814 3788 3089 3859 gaudent.
3141 3788 3562 3843 Onocentauris
3613 3792 3805 3843 autem

2101 3878 2388 3934 daemonia
2411 3881 2737 3945 occurrunt,
2759 3876 2896 3947 quia
2923 3876 3160 3947 maligni
3184 3876 3427 3946 spiritus
3449 3877 3611 3931 valde
3628 3878 3709 3931 eis
3735 3878 3804 3931 ad

2098 3974 2300 4025 votum
2334 3968 2666 4025 deserviunt
2696 3984 2841 4039 quos
2893 3966 2963 4023 de
3007 3967 3100 4022 his
3144 3967 3395 4039 gaudere
3445 3966 3808 4037 conspiciunt

2100 4077 2227 4131 qua
2260 4059 2399 4115 ﬂere
2430 4059 2776 4114 debuerunt.
2819 4057 2927 4113 Ubi
2959 4061 3092 4129 apte
3120 4056 3536 4126 subjungitur:
3583 4056 3645 4111 Et
3670 4055 3809 4126 pilo-

2098 4166 2190 4204 sus
2219 4150 2480 4205 clamabit
2501 4149 2640 4203 alter
2669 4147 2739 4203 ad
2768 4149 3027 4203 alterum.
3054 4146 3160 4210 Qui
3212 4159 3464 4215 namque
3506 4144 3603 4199 alii
3634 4144 3803 4216 pilosi

2099 4238 2486 4310 appellatione
2519 4238 2868 4308 figurantur,
2896 4234 3007 4290 nisi
3033 4233 3093 4289 hi
3116 4250 3263 4305 quos
3285 4233 3468 4291 ϐε·ωοὶ
3492 4232 3559 4303 (e)
3595 4238 3798 4301 Panas,

2102 4329 2293 4384 Latini
2323 4328 2550 4384 incubes
2578 4326 2829 4384 vocant?
2873 4340 3120 4395 quorum
3172 4322 3451 4379 nimirum
3497 4322 3683 4378 forma
3730 4322 3801 4378 ab

2098 4420 2360 4475 humana
2421 4417 2610 4489 effigie
2658 4416 2952 4486 incipitur,
3006 4417 3105 4471 sed
3157 4413 3387 4471 bestiali
3434 4414 3803 4470 extremitate

275 4510 632 4566 erubescens
668 4527 781 4566 non
815 4511 1057 4583 implere
1105 4513 1255 4583 quod
1305 4512 1582 4585 loquitur,
1633 4515 1743 4569 sub
1790 4514 1982 4569 inanis
2019 4498 2061 4562 D
2093 4510 2458 4567 terminatur.
2496 4508 2668 4563 Pilosi
2699 4524 2831 4578 ergo
2865 4507 3099 4563 nomine
3132 4505 3448 4577 cujuslibet
3472 4506 3687 4577 peccati
3711 4522 3803 4561 as-

270 4598 475 4671 gloriae
498 4600 704 4672 iugum
734 4606 1074 4670 revocatur;
1108 4607 1164 4659 et
1204 4602 1312 4658 hoc
1343 4606 1528 4659 victus
1574 4621 1675 4675 per
1702 4603 1859 4659 aliud
1914 4613 1988 4661 to-
2018 4610 2025 4615 ’

272 4690 447 4754 lerat,
482 4691 632 4761 quod
667 4690 836 4762 plene
868 4708 928 4747 se
960 4692 1164 4748 vicisse
1198 4694 1505 4759 gaudebat.
1558 4694 1651 4750 Sic
1698 4710 1833 4764 ergo
1879 4712 1987 4767 ope

266 4780 496 4837 vicaria
527 4780 833 4852 fugitivum
866 4798 1041 4838 suum
1073 4783 1212 4837 vitia
1255 4783 1527 4851 retinent,
1571 4788 1627 4840 et
1671 4785 1837 4857 quasi
1862 4786 1985 4855 jam

271 4869 567 4925 amissum
599 4869 709 4925 sub
741 4870 985 4926 dominii
1036 4872 1124 4928 sui
1149 4874 1279 4943 jure
1328 4873 1638 4944 recipiunt,
1691 4880 1861 4945 atque
1913 4875 1981 4930 ad

268 4960 594 5016 vindictam
617 4960 727 5015 sibi
759 4960 1017 5016 vicissim
1052 4963 1306 5018 tradunt.
1341 4964 1627 5019 Perversis
1657 4965 1858 5034 itaque
1890 4964 1983 5018 in-

270 5050 486 5107 voluta:
518 5057 653 5104 sunt
684 5065 983 5122 gressuum
1015 5051 1259 5117 semitae,
1294 5052 1433 5123 quia
1463 5053 1567 5107 etsi
1603 5053 1825 5108 devicta
1871 5069 1986 5108 una

272 5138 540 5211 nequitia
566 5138 770 5208 pedem
796 5139 1005 5203 levant,
1050 5144 1325 5209 regnante
1359 5145 1551 5195 tamen
1595 5140 1795 5209 altera,
1834 5142 1985 5197 hunc

275 5230 335 5284 in
367 5245 436 5284 ea
465 5228 639 5282 etiam
673 5244 850 5298 quam
882 5226 1212 5284 devicerant
1241 5227 1565 5298 implicant.

345 5320 433 5373 36.
468 5319 704 5373 Peccans
734 5334 789 5373 se
818 5318 1097 5389 implicat,
1134 5318 1265 5374 dum
1293 5320 1453 5392 culpa
1499 5338 1613 5377 una
1665 5322 1870 5377 occasio
1909 5324 1987 5377 est

348 5445 427 5515 (a)
460 5443 690 5521 Excusi,
726 5460 890 5521 quam
910 5447 1188 5521 exhibere.
1206 5447 1601 5521 rCorriguntur
1622 5465 1691 5505 ex
1711 5450 1846 5507 Mss.
1882 5448 1986 5505 Ge-

280 5520 724 5591 met.,_t_i_troque
754 5516 1095 5591 gompend.,
1126 5518 1299 5591 Utic.,
1331 5516 1441 5579 etc.

282 5584 721 5713 clébtovmdocq
754 5584 1094 5660 Compend.,
1128 5584 1423 5664 Nomium,
1448 5598 1556 5651 etc.
1590 5594 1761 5650 stulta
1791 5593 1988 5649 mentis

400 5674 417 5713 ι
460 5699 472 5710 .

355 5728 426 5801 (c)
456 5726 615 5785 Unus
645 5728 986 5804 Compend.,
1020 5749 1154 5803 quos
1181 5734 1355 5791 Grzeci
1373 5738 1567 5791 Panos.
1593 5738 1628 5791 2
1662 5736 1908 5792 Vindoc.
1932 5738 1989 5791 et

2100 4600 2309 4671 peritas
2338 4598 2692 4668 designatur,
2725 4597 2881 4669 quod
2913 4601 2967 4652 et
3001 4599 3049 4652 si
3082 4597 3315 4668 quando
3353 4595 3521 4667 quasi
3573 4596 3646 4650 ab
3698 4596 3799 4649 ob—

2098 4694 2262 4744 tentu
2296 4687 2538 4743 rationis
2570 4686 2793 4757 incipit,
2828 4703 3058 4758 semper
3088 4694 3278 4741 tamen
3310 4685 3382 4740 ad
3423 4683 3803 4739 irrationabi-

2098 4779 2180 4834 les
2215 4782 2407 4833 motus
2435 4776 2655 4842 tendit;
2690 4779 2744 4831 et
2776 4775 2944 4846 quasi
2978 4775 3154 4829 homo
3188 4774 3245 4827 in
3278 4772 3524 4827 bestiam
3564 4770 3795 4835 desinit,

2097 4868 2235 4923 dum
2270 4866 2457 4937 culpa,
2492 4882 2591 4936 per
2618 4864 2861 4920 rationis
2905 4864 3221 4935 imaginem
3258 4860 3563 4924 inchoans,
3616 4873 3801 4927 usque

2097 4958 2167 5012 ad
2203 4956 2659 5012 irrationabilem
2691 4956 2962 5010 effectum
2986 4950 3183 5007 trahit.
3219 4949 3364 5006 Nam
3400 4962 3553 5017 saepe
3590 4946 3801 5001 edendi

2094 5046 2393 5104 delectatio
2426 5046 2600 5102 servit
2632 5047 2802 5117 gulae,
2836 5048 2893 5098 et
2923 5041 3137 5097 servire
3170 5054 3231 5093 se
3260 5036 3501 5092 simulat
3530 5035 3799 5107 indigen-

2097 5139 2187 5193 tiae
2219 5142 2469 5196 naturas:
2505 5150 2752 5204 cumque
2783 5136 3041 5186 ventrem
3073 5128 3135 5182 in
3167 5125 3486 5197 ingluviem
3521 5126 3797 5191 extendit,

2097 5226 2361 5281 membra
2390 5225 2446 5277 in
2482 5223 2774 5277 luxuriam
2805 5216 2994 5289 erigit.
3030 5214 3257 5271 Pilosus
3301 5218 3492 5269 autem
3539 5213 3679 5270 alter
3723 5216 3797 5271 ad

2095 5315 2345 5371 alterum
2379 5313 2610 5380 clamat,
2629 5311 2706 5382 (ά)
2729 5323 2861 5365 cum
2892 5308 3215 5377 perpetrata
3239 5302 3499 5375 nequitia
3520 5304 3594 5361 ad
3622 5303 3793 5361 aliam

2097 5444 2315 5510 Germ.,
2348 5457 2479 5511 quos
2511 5439 2692 5511 Graeci
2717 5438 2947 5508 phanas.
2983 5435 3168 5507 Bigot.
3202 5438 3257 5490 et
3290 5433 3437 5506 Lyr.,
3469 5449 3598 5505 quos
3644 5434 3798 5492 Gree-

2092 5515 2145 5570 ci
2175 5510 2375 5577 Panas,
2410 5512 2578 5565 aliter
2603 5510 2881 5564 Phaunos.

2170 5584 2248 5657 (εἰ)
2284 5581 2547 5657 Floriac.,
2580 5597 2721 5636 unus
2753 5580 3072 5657 Compend.
3104 5582 3162 5634 et
3191 5578 3437 5646 Gemet.,
3459 5594 3582 5657 eum
3600 5594 3795 5657 perpe-

2096 5650 2241 5713 trata
2268 5654 2520 5726 nequitia
2543 5650 2963 5726 perpetrandum
2991 5650 3165 5726 aliam
3197 5658 3376 5726 vocal,_
3400 5650 3484 5706 vel
3519 5652 3795 5722 provocat.

2098 5723 2418 5786 Ebroicfet
2481 5723 2650 5795 Utic.,
2704 5723 3129 5798 perpetrandum
3182 5723 3468 5780 malitiam
3520 5729 3797 5792 provocat.
