4134 6174
394 252 509 309 78¹Ι

1660 251 1935 313 SANC'I‘I
1981 251 2352 312 GREGORII
2403 250 2647 310 MAGNI

3756 254 3856 314 188

396 390 845 462 perpetrandum
880 396 1170 461 provocat,
1202 393 1259 445 et
1290 389 1457 460 quasi
1499 390 1753 458 quadam
1805 387 2097 458 cogitutio-
2132 391 2183 455 Α
2214 385 2558 457 quandoque
2592 386 2809 457 peccati
2844 402 2948 443 usu
2984 387 3342 457 perducitur,
3394 392 3452 441 ut
3498 387 3623 457 ipso
3669 402 3865 458 quoque

396 480 488 536 nis
519 496 682 551 voce,
713 480 1027 537 commissa
1061 480 1183 551 jam
1216 479 1407 551 culpa,
1467 479 1696 551 culpam
1742 478 1930 534 adhuc
1978 495 2105 549 qum

397 569 802 626 committatur
858 570 1085 626 invitat.
1150 573 1308 641 Saepe
1370 584 1649 639 namque,
1709 572 1772 623 ut
1829 567 2103 633 diximus,

396 658 534 728 gula
565 660 745 717 dicit:
781 659 839 716 Si
872 660 1188 715 abundanti
1212 660 1491 715 alimento
1516 676 1730 731 corpus
1755 675 1865 714 non
1891 657 2103 724 reﬁcis,

398 750 457 802 in
490 749 651 805 nullo
684 749 812 805 utili
846 749 1043 806 labore
1071 747 1375 804 subsistis.
1407 748 1664 819 Cumque
1717 754 1969 803 mentem
2007 762 2107 814 per

399 837 687 895 desideria
714 838 909 894 carnis
939 838 1288 905 accenderit,
1314 854 1446 893 mox
1488 853 1717 909 quoque
1740 837 1966 893 luxuria
1987 852 2108 891 ver-

400 928 470 980 ba
503 927 745 999 propriae
794 926 1183 998 suggestionis
1241 928 1396 988 facit,
1458 927 1695 982 dicens:
1758 926 1817 982 Si
1875 924 2106 981 misceri

400 1016 553 1077 Deus
585 1016 849 1072 homines
879 1015 1257 1087 corporaliter
1287 1016 1486 1084 nollet,
1520 1016 1783 1072 membra
1821 1016 1948 1087 ipsa
1977 1028 2110 1070 coe-

402 1105 543 1159 undi
576 1109 710 1177 apta
738 1106 946 1162 usibus
980 1123 1094 1161 non
1131 1107 1383 1162 fecisset.
1417 1107 1678 1176 Cumque
1708 1105 1829 1160 haec
1852 1106 2018 1176 quasi
2042 1121 2109 1160 ex

398 1194 620 1250 ratione
651 1198 933 1267 suggerit,
961 1200 1213 1251 mentem
1240 1198 1307 1251 ad
1335 1196 1643 1251 libidinum
1671 1196 2107 1250 effrenationem

400 1286 592 1341 trahit.
629 1288 762 1353 Quae
798 1304 950 1358 saepe
982 1287 1367 1359 deprehensa,
1403 1289 1784 1359 patrocinium
1818 1305 1950 1343 mox
1996 1286 2106 1341 fal-

398 1376 559 1432 lacia:
593 1382 649 1433 et
697 1378 1021 1450 negationis
1048 1378 1336 1449 inquirit;
1388 1394 1659 1449 reamque
1707 1394 1767 1433 se
1815 1394 1941 1433 esse
1991 1394 2107 1433 non

402 1467 671 1534 aestimat,
704 1468 753 1523 si
789 1467 1121 1523 mentiendo
1154 1468 1331 1523 vitam
1375 1468 1660 1523 defendat.
1706 1467 1934 1523 Pilosus
1974 1484 2107 1539 ergo

403 1558 549 1613 alter
582 1558 652 1613 ad
685 1558 930 1613 alterum
956 1558 1188 1621 clamat,
1225 1560 1457 1630 quando
1483 1560 1589 1615 sub
1636 1560 1831 1630 aliqua
1876 1557 2107 1613 ratioci-

403 1646 583 1703 nandi
616 1648 808 1718 specie
840 1648 991 1704 229
1024 1663 1349 1718 perversam
1382 1655 1633 1704 mentem
1678 1649 1848 1720 culpa
1896 1650 2109 1704 subse—

2215 476 2460 532 rationis
2496 476 2711 532 lumine
2735 476 3012 547 privetur.
3040 477 3202 533 Unde
3226 477 3525 548 Babylonis
3549 494 3660 542 rex,
3681 477 3865 532 exstin-

2215 568 2323 622 ctis
2356 567 2519 639 prius
2551 567 2706 634 filiis,
2732 568 3023 623 Sedechiae
3049 568 3245 625 oculos
3269 570 3437 636 eruit,
3463 568 3595 639 quia
3615 568 3867 638 malignus

2216 657 2471 727 spiritus,
2504 659 2811 714 subductis
2843 659 3007 729 prius
3039 659 3209 715 bonis
3240 659 3528 731 operibus,
3570 662 3689 728 post
3716 662 3764 711 et
3796 658 3868 710 in-

2215 748 2547 819 telligentiae
2580 749 2778 805 lumen
2811 749 2981 804 tollit.
3015 751 3177 815 Quod
3214 756 3365 806 recte
3392 748 3693 805 Sedechias
3722 749 3771 801 in
3793 748 3873 801 lte-

2216 841 2412 899 blatba
2442 843 2678 914 patitur.
2709 844 3090 915 (1))Reblatha
3112 846 3350 916 quippe,
3376 842 3704 901 multahaac,
3725 841 3871 896 inter-

2218 937 2495 1005 pretatur.
2530 933 2592 989 Ei
2623 934 2777 990 enim
2810 936 3161 1006 quandoque
3192 940 3247 990 ct
3271 936 3467 990 lumen
3488 932 3717 989 rationis
3736 930 3875 986 clau-

2217 1023 2394 1091 ditur,
2426 1025 2526 1093 qui
2560 1039 2735 1094 pravo
2768 1040 2876 1078 usu
2913 1040 2981 1079 ex
3012 1024 3335 1095 iniquitatis
3380 1039 3495 1078 suae
3545 1020 3876 1077 multitudine

2219 1118 2508 1185 gravatur.
2553 1114 2684 1184 [νει.
2750 1115 2925 1184 Xl’lI.]
2980 1115 3277 1180 Quomodo
3326 1118 3519 1169 autem
3568 1110 3729 1182 culpa
3769 1124 3875 1180 pro-

2218 1202 2366 1267 deat,
2400 1202 2484 1255 vel
2512 1200 2869 1272 quibuslibet
2895 1219 2960 1257 ex
2986 1202 3392 1257 occasionibus
3414 1202 3693 1270 erumpat,
3719 1212 3876 1266 repro-

2219 1292 2424 1345 borum
2450 1296 2644 1346 tamen
2668 1292 2887 1346 semitae
2911 1307 3143 1362 semper
3164 1290 3437 1345 involutas
3460 1294 3619 1357 sunt,
3640 1292 3701 1342 ut
3722 1286 3876 1358 pravis

2218 1382 2711 1453 concupiscentiis
2740 1383 2940 1449 dediti,
2972 1391 3069 1437 aut
3103 1383 3253 1437 bona
3286 1382 3446 1437 nulla
3485 1384 3761 1453 appetant,
3799 1381 3878 1431 aut

2220 1477 2559 1543 appetentes
2610 1472 2841 1527 inﬁrmo
2892 1472 3202 1532 desiderio,
3254 1472 3325 1527 ad
3376 1472 3501 1527 Ιιωο
3552 1482 3879 1539 nequaquam

2220 1561 2432 1616 mentis
2462 1561 2676 1617 liberos
2708 1578 2945 1633 gressus
2977 1562 3240 1616 tendant.
3273 1562 3452 1616 Recta
3490 1558 3641 1615 enim
3672 1564 3759 1612 aut
3787 1572 3881 1610 non

2219 1650 2527 1722 incipiunt,
2562 1654 2678 1716 aut,
2710 1650 2769 1705 in
2802 1651 2929 1722 ipso
2959 1651 3118 1706 tracti
3164 1651 3385 1709 itinere,
3421 1651 3491 1704 ad
3534 1648 3650 1703 haec
3681 1645 3882 1701 minime

406 1750 589 1806 quens
646 1753 715 1792 ex
774 1738 1075 1793 occasione
1132 1737 1314 1809 culpae
1373 1739 1751 1810 praecedentis
1810 1738 2103 1809 illaqueat.
2142 1772 2189 1837 Β
2220 1739 2764 1811 pertingant.Unde
2788 1740 3207 1812 ﬁtplerumque
3240 1741 3395 1812 ut(c)
3416 1740 3488 1795 ad
3510 1752 3717 1794 morem
3740 1749 3883 1790 suurn

405 1824 667 1897 Cumque
700 1825 850 1882 hanc
883 1830 1116 1899 peccata
1147 1826 1293 1882 dura
1325 1832 1497 1898 atque
1524 1845 1728 1899 aspera
1761 1829 2109 1899 deprimunt,

406 1914 577 1986 quasi
608 1915 905 1973 convocati
938 1918 995 1972 in
1028 1933 1094 1972 ea
1115 1918 1477 1973 concorditer
1506 1918 1676 1987 pilosi
1699 1919 2109 1985 dominantur;

406 2006 609 2079 sicque
639 2006 701 2062 fit
750 2011 815 2062 ut
862 2020 1096 2079 semper
1120 2024 1181 2064 se
1228 2023 1534 2080 gressuum
1587 2008 1809 2063 semitae
1859 2008 2109 2065 deterius

405 2095 722 2167 involvunt,
756 2096 895 2151 dum
926 2099 1179 2152 mentem
1212 2098 1516 2168 reprobam
1546 2096 1718 2168 culpa
1748 2112 1851 2169 per
1878 2097 2110 2168 culpam

406 2183 562 2255 ligat.

516 2274 650 2345 [νει.
704 2275 833 2341 XVI,
894 2276 1011 2330 Rec.
1073 2275 1238 2347 XIII.]
1302 2276 1393 2333 37.
1453 2276 1731 2333 Peccandi
1783 2278 2112 2335 consuetudo

406 2363 713 2434 aliquando
742 2364 1072 2435 pra'ceditur
1112 2365 1311 2421 mentis
1329 2365 1595 2436 caecitate,
1617 2372 1667 2422 et
1690 2366 1830 2423 hanc
1848 2368 2109 2439 aliquan-

406 2454 472 2510 do
502 2453 783 2525 praecedit.
824 2486 893 2494 —
942 2454 1053 2510 Sed
1104 2455 1254 2511 inter
1299 2455 1425 2512 haec
1473 2457 1774 2514 sciendum
1823 2464 1912 2515 est
1952 2460 2107 2530 quod

408 2545 722 2619 aliquando
744 2545 903 2617 prius
927 2545 1129 2602 oculus
1154 2545 1483 2603 intellectus
1501 2548 1864 2618 obtunditur,
1881 2554 1938 2604 et
1961 2553 2111 2620 post-

410 2638 645 2693 modum
678 2645 883 2709 captus
913 2637 1144 2692 animus
1179 2654 1278 2709 per
1308 2639 1590 2693 exteriora
1622 2641 1905 2696 desideria
1936 2658 2108 2713 vaga-

405 2732 525 2796 tur,
557 2734 618 2782 ut
647 2742 797 2782 caeca
828 2742 992 2782 mens
1025 2742 1140 2797 quo
1172 2727 1408 2783 ducitur
1438 2728 1751 2795 nesciat,et
1780 2730 1969 2785 carnis
1992 2747 2110 2787 suae

408 2816 694 2872 illecebris
721 2831 847 2871 sese
880 2815 1127 2870 libenter
1157 2816 1388 2871 subdat.
1423 2817 1751 2888 Aliquando
1783 2834 1913 2874 vero
1949 2819 2109 2889 prius

412 2904 698 2961 desideria
736 2905 926 2959 carnis
958 2904 1265 2969 ebulliunt,
1291 2908 1347 2960 et
1378 2915 1505 2977 post
1529 2906 1768 2977 longum
1795 2924 1967 2963 usum
1991 2908 2109 2963 illi-

409 2997 508 3053 citi
537 2996 729 3068 operis
761 2994 993 3051 oculum
1027 2996 1215 3051 cordis
1246 2995 1545 3053 claudunt.
1579 2998 1719 3053 Nam
1755 3016 1905 3071 saepe
1944 3016 2109 3057 mens

394 3092 564 3143 recta
593 3086 796 3151 cernit,
833 3101 937 3141 nec
969 3089 1161 3141 tamen
1197 3087 1478 3142 audenter
1507 3093 1708 3143 contra
1750 3106 2017 3159 perversa
2047 3108 2109 3147 se

410 3176 615 3247 erigit;
648 3183 699 3231 et
732 3175 987 3231 renitens
1017 3175 1289 3241 vincitur,
1340 3177 1504 3245 dum,
1556 3178 1661 3233 hoc
1711 3179 1905 3249 ipsum
1954 3182 2109 3252 quod

414 3267 534 3338 agit
562 3265 913 3337 dijudicans,
949 3266 1143 3321 carnis
1189 3282 1302 3320 sua:
1350 3267 1732 3325 delectatione
1779 3279 2108 3341 superatur.

413 3357 559 3420 Quia
590 3355 744 3411 enim
782 3353 1128 3426 plerumque
1162 3355 1323 3425 prius
1356 3356 1560 3412 oculus
1608 3359 2113 3431 contemplationis

412 3444 724 3512 amittitur,
760 3448 816 3499 et
848 3452 969 3514 post
999 3460 1099 3515 per
1128 3445 1319 3500 carnis
1366 3446 1539 3517 hujus
1583 3448 1869 3505 desideria
1910 3451 2112 3506 mundi

410 3535 708 3591 laboribus
755 3534 988 3591 animus
1032 3534 1397 3604 subjugalur,
1451 3541 1697 3593 testatur
1744 3540 1990 3597 Samson
2041 3540 2111 3596 ab

410 3623 734 3696 Allophylis
766 3628 993 3694 captus.
1029 3624 1122 3694 qui
1158 3629 1463 3697 postquam
1498 3629 1695 3683 oculos
1739 3630 2009 3700 perdidit,
2042 3631 2112 3686 ad

418 3712 631 3764 molam
664 3711 978 3780 deputatus
997 3716 1102 3775 est,
1129 3712 1263 3782 quia
1288 3713 1560 3768 nimirum
1589 3714 1823 3783 maligni
1849 3716 2111 3787 spiritus,

413 3801 722 3870 postquam
756 3798 1141 3854 tentationum
1175 3801 1425 3857 stimulis
1459 3802 1617 3857 intus
1648 3804 1830 3859 aciem
1864 3810 2115 3861 contem-

411 3886 1161 3959 plationiseli‘odiunt,foras
1178 3889 1233 3943 in
1251 3890 1553 3946 circuitum
1570 3891 1832 3948 laborum
1853 3894 2109 3949 mittunt.

413 3977 688 4046 Rursum,
722 3977 860 4048 quia
892 3994 1045 4049 saepe
1074 3983 1131 4033 et
1164 3984 1320 4034 recta
1348 3982 1602 4051 operatio
1630 3985 1885 4039 exterius
1919 3986 2112 4053 perdi-

407 4070 523 4133 tur,
541 4071 598 4122 et
620 4070 813 4121 tamen
842 4066 1032 4121 adhuc
1056 4067 1299 4122 rationis
1323 4068 1518 4123 lumen
1544 4072 1600 4124 in
1620 4073 1788 4125 corde
1810 4073 2110 4144 retinetur,

414 4154 689 4226 propheta
719 4154 1004 4211 Jeremias
1037 4154 1317 4223 insinuat,
1352 4156 1451 4227 qui
1483 4158 1620 4214 dum
1653 4160 1942 4216 Sedechite
1978 4180 2113 4234 cap-

409 4244 682 4299 tivitatem
717 4248 935 4311 narrat,
962 4244 1227 4300 ordinem
1251 4245 1605 4317 captivitatis
1625 4247 1867 4305 interna:
1888 4252 2112 4306 denun-

410 4332 538 4396 tiat,
570 4332 771 4388 dicens
795 4334 885 4388 εει
907 4334 1102 4390 occidit
1132 4350 1235 4389 rex
1263 4336 1559 4407 Babylonis
1587 4338 1736 4408 ﬁlios
1757 4340 2031 4398 Setiae/tia?
2054 4345 2110 4397 in

408 4420 685 4477 Reblatha
708 4424 767 4476 in
787 4423 960 4477 oculis
984 4425 1124 4494 ejus,
1140 4430 1189 4480 et
1209 4441 1391 4482 omnes
1412 4428 1616 4484 nobiles
1636 4430 1777 4486 Juda
1795 4432 1988 4487 occidit
2013 4450 2114 4488 rex

2224 1828 2421 1884 lassati
2457 1829 2715 1896 redeant,
2748 1845 2992 1901 seseque
3016 1831 3087 1884 ab
3112 1829 3434 1885 intentione
3459 1826 3705 1884 animiin
3726 1824 3883 1879 carnis

2220 1918 2615 1990 voluptatibus
2647 1924 2931 1985 sternant,
2966 1919 3091 1974 sola
3132 1936 3260 1991 quze
3303 1920 3609 1974 transeunt
3653 1914 3882 1985 cogitent,

2224 2006 2385 2062 nulla
2417 2023 2544 2077 qua:
2568 2007 2722 2063 230
2752 2024 2949 2063 secum
2979 2012 3357 2078 permaneant
3384 2003 3764 2063 curent.Unde
3784 2005 3884 2073 apte

2222 2096 2489 2152 subditur
2514 2112 2526 2152 :

2860 2186 3094 2243 CAPUT
3132 2186 3321 2242 XXIX.

2294 2278 2509 2331 Isin.—
2545 2276 2911 2331 Ambulabunt
2942 2280 3002 2332 in
3035 2293 3285 2344 vacuum,
3318 2281 3373 2331 et
3415 2276 3687 2347 peribunt.

2292 2367 2379 2420 38.
2425 2368 2774 2421 Transitoriis
2816 2368 2967 2423 bonis
3016 2366 3363 2421 inhiantium
3413 2382 3612 2421 vacuus
3658 2366 3885 2423 labor.—

2225 2460 2287 2513 ln
2322 2472 2563 2512 vacuum
2598 2456 2814 2528 quippe
2844 2457 3150 2512 ambulant
3180 2456 3278 2527 qui
3312 2457 3398 2511 nil
3429 2472 3621 2512 secum
3646 2458 3709 2512 de
3730 2457 3883 2511 fructu

2223 2548 2311 2605 sui
2346 2546 2557 2601 laboris
2582 2553 2829 2617 portant.
2857 2545 3019 2600 Alius
3048 2561 3301 2617 namque
3327 2544 3715 2617 adipiscendis
3734 2545 3885 2600 hono-

2224 2637 2384 2692 ribus
2451 2636 2719 2701 exsudat,
2802 2636 2956 2690 alius
3022 2633 3493 2706 multiplicandis
3561 2634 3881 2690 facultatibus

2223 2731 2449 2793 aestuat,
2476 2726 2626 2781 alius
2650 2725 3049 2796 promerendis
3074 2724 3346 2779 laudibus
3374 2724 3645 2792 anhelat;
3669 2722 3885 2795 sedquia

2224 2822 2429 2873 cuncta
2459 2816 2579 2871 hmo
2610 2816 2703 2871 hic
2736 2815 2984 2887 quisque
3016 2813 3273 2870 moriens
3313 2815 3556 2877 deserit,
3595 2814 3801 2869 labores
3838 2812 3883 2864 in

2222 2922 2468 2962 vacuum
2502 2904 2772 2977 perdidit,
2805 2905 2904 2975 qui
2938 2920 3140 2960 secum
3173 2911 3303 2959 ante
3327 2906 3590 2974 judicem
3619 2902 3751 2958 nihil
3781 2900 3884 2955 tulit

2226 2998 2347 3061 Quo
2380 3001 2578 3051 contra
2608 2997 2753 3052 bene
2783 3012 2883 3067 per
2928 2995 3119 3067 legem
3172 2995 3431 3052 dicitur:
3484 2997 3601 3051 Non
3643 2991 3883 3065 apparatis

2227 3091 2286 3145 in
2321 3093 2605 3157 conspectu
2647 3088 2867 3142 Domini
2922 3104 3122 3143 vacuus
3176 3087 3377 3159 (Exod.
3439 3104 3600 3157 χχιιι,
3657 3086 3753 3155 15).
3800 3080 3884 3145 Qui

2222 3180 2376 3235 enim
2430 3180 2825 3249 promerendae
2856 3179 2984 3233 vitae
3018 3178 3339 3234 mercedem
3378 3179 3524 3234 bene
3553 3176 3757 3249 agendo
3792 3186 3880 3227 non

2219 3270 2486 3341 providit,
2521 3270 2578 3324 in
2610 3272 2924 3340 conspectu
2960 3268 3186 3324 Domini
3221 3284 3448 3324 vacuus
3479 3272 3721 3339 apparet.
3766 3262 3883 3317 Hinc

2219 3362 2289 3415 de
2311 3360 2489 3431 justis
2540 3376 2637 3431 per
2686 3358 3061 3414 Psalmistam
3110 3358 3374 3426 dicitur;
3434 3360 3703 3415 Venientes
3739 3358 3886 3409 autem

2217 3452 2435 3506 venient
2490 3452 2551 3505 in
2614 3450 2979 3515 exultatione,
3059 3453 3339 3520 portantes
3420 3448 3721 3519 manipulos
3784 3455 3883 3497 suo:

2221 3540 2385 3609 (Psal.
2420 3556 2585 3607 cxxv,
2616 3540 2695 3609 6).
2720 3538 2803 3593 Ad
2837 3553 3078 3594 examen
3119 3537 3335 3609 quippe
3380 3537 3586 3609 judicii
3634 3535 3881 3609 portantes

2219 3631 2547 3700 manipulos
2580 3629 2823 3685 veniunt
2853 3628 2951 3699 qui
2978 3627 3034 3681 in
3063 3628 3403 3698 semetipsis
3428 3632 3582 3684 recta
3603 3641 3761 3697 opera
3777 3620 3877 3692 qui-

2220 3719 2328 3776 bus
2359 3720 2529 3775 vitam
2563 3724 2897 3774 mereantur
2928 3718 3263 3773 ostendunt.
3300 3718 3451 3773 Hinc
3482 3718 3550 3773 de
3581 3722 3880 3785 unoquoque

2219 3808 2403 3865 electo
2436 3807 2743 3862 Psalmista
2768 3806 2980 3861 iterum
3014 3806 3154 3861 dicit
3186 3821 3198 3859 ε
3236 3805 3340 3873 Qui
3377 3822 3487 3863 non
3516 3806 3707 3876 accepit
3732 3804 3779 3855 in
3804 3812 3883 3852 va-

2218 3914 2353 3953 num
2384 3900 2631 3952 animam
2659 3912 2818 3951 suam
2849 3896 3018 3963 (Psal.
3068 3911 3231 3959 χχιιι,
3283 3897 3364 3965 4).
3411 3896 3473 3951 In
3506 3910 3706 3951 vanum
3748 3902 3881 3945 nam-

2221 4004 2334 4059 que
2365 3987 2622 4041 animam
2657 4002 2824 4042 suam
2858 3984 3087 4056 accipit,
3120 3985 3240 4055 qui,
3276 3986 3407 4041 sola
3438 3983 3729 4057 praesentia
3756 3975 3879 4047 cogi-

2220 4082 2374 4143 tans,
2410 4092 2534 4147 quae
2567 4092 2626 4131 se
2655 4078 2975 4146 sequantur
3007 4074 3063 4128 in
3099 4079 3450 4146 perpetuum
3492 4090 3605 4131 non
3652 4065 3874 4129 attendit.

2222 4168 2281 4222 In
2311 4183 2524 4222 vanum
2549 4167 2805 4220 animam
2828 4181 2990 4220 suum
3016 4164 3230 4236 accipit
3250 4164 3374 4236 qui,
3402 4167 3529 4236 ejus
3550 4166 3715 4220 vitam
3736 4155 3875 4227 negli-

2220 4274 2381 4326 gens,
2415 4258 2465 4312 ei
2499 4272 2699 4311 curam
2735 4254 2927 4311 carnis
2957 4254 3273 4324 anteponit.
3308 4255 3422 4311 Sed
3454 4256 3697 4311 animam
3747 4258 3874 4304 suam

2212 4349 2359 4419 justi
2390 4348 2449 4403 in
2484 4363 2698 4403 vanum
2734 4362 2847 4401 non
2877 4344 3193 4416 accipiunt,
3226 4346 3364 4416 quia
3395 4344 3703 4401 intentione
3727 4335 3872 4395 conti-

2222 4456 2330 4493 nua
2362 4438 2431 4493 ad
2468 4439 2589 4507 ejus
2622 4437 2931 4493 utilitatem
2967 4436 3218 4492 referunt
3241 4436 3519 4507 quidquid
3557 4426 3877 4504 corporaliter

410 4512 946 4605 βαθξίοηξῐν-οεξιιοιξ
976 4531 1185 4584 quoque
1204 4516 1486 4605 δεάεενιίεε
1504 4521 1651 4576 eruit
1673 4523 1889 4590 (Jerem.
1915 4541 2105 4595 χχχιχ,
2142 4541 2186 4605 ι)
2220 4534 2550 4602 operantur,
2587 4536 2872 4600 quatenus
2904 4530 2961 4583 et
2991 4532 3329 4582 transeunte
3360 4543 3553 4599 opere,
3574 4521 3746 4594 operis
3765 4530 3875 4573 cau-

408 4602 483 4671 6).
520 4600 629 4656 Rex
665 4600 975 4672 Babylonis
1007 4606 1097 4658 est
1127 4603 1400 4675 antiquus
1424 4608 1625 4678 hostis,
1653 4627 1950 4681 possessor
1973 4615 2110 4669 inti-

410 4706 517 4745 mae
547 4690 1048 4762 confusionis,qui
1077 4693 1240 4763 prius
1273 4696 1421 4753 ﬁlios
1446 4702 1578 4753 ante
1606 4700 1884 4759 intuentis
1908 4704 2106 4760 oculos

405 4779 677 4847 trucidat,
710 4778 846 4849 quia
875 4795 1027 4851 saepe
1058 4780 1142 4836 sic
1173 4782 1325 4838 bona
1353 4800 1525 4855 Opera
1552 4787 1844 4856 interﬁcit,
1882 4797 1943 4847 ut
1991 4792 2109 4849 hare

406 4886 465 4925 se
495 4868 761 4925 amittere
788 4869 911 4940 ipse
934 4870 1032 4940 qui
1060 4875 1263 4942 captus
1286 4878 1373 4929 est
1396 4874 1598 4931 dolens
1622 4884 1820 4935 cernat
1839 4882 1938 4952 (τι).
1964 4882 2107 4939 Nam

406 4959 584 5032 gemit
616 4959 959 5030 plerumque
990 4960 1257 5029 animus;
1291 4967 1346 5019 et
1375 4968 1591 5035 tamen,
1624 4968 1814 5024 carnis
1857 4986 1978 5027 suae
2008 4974 2109 5028 de-

406 5048 814 5105 lectationibus
846 5049 1049 5117 victus,
1081 5050 1233 5106 bona
1262 5069 1387 5123 quae
1413 5056 1612 5125 genuit
1653 5073 1858 5114 amans
1900 5061 2107 5131 perdit,

406 5154 472 5192 ea
501 5155 624 5209 quas
659 5140 875 5210 patitur
905 5142 1120 5195 damna
1150 5144 1501 5214 considerat,
1526 5162 1631 5201 nec
1656 5151 1846 5205 tamen
1882 5150 2107 5209 virtutis

406 5225 710 5281 brachium
744 5232 944 5283 contra
984 5246 1173 5301 regem
1224 5231 1531 5304 Babylonis
1580 5235 1749 5292 levat.
1803 5238 1913 5294 Sed
1965 5241 2105 5299 dum

408 5312 609 5368 videns
654 5318 924 5385 nequitiae
981 5322 1411 5391 perpetratione
1468 5328 1810 5398 percutitur,
1868 5330 1940 5386 ad
2000 5332 2106 5390 hoc

476 5526 555 5613 (ρ)
586 5525 1343 5613 ItanYi‘ndfoc.,_Compend.,
1376 5539 1671 5613 Norman.,
1697 5548 1830 5613 etc.,
1856 5562 1985 5604 cum
2008 5563 2106 5603 vc-

404 5599 627 5681 ter-ibus
659 5598 811 5655 Edit.
844 5600 1015 5681 Cilot.
1048 5598 1178 5681 1571
1216 5598 1343 5663 cum
1378 5611 1484 5666 hac
1518 5598 1779 5671 lectione
1795 5598 1985 5674 ἇιῖεῐιὶῖ
2008 5598 2107 5676 επὶ-

407 5671 593 5759 hibet,
617 5676 880 5759 quaeest
902 5673 1069 5759 etiam
1103 5677 1159 5758 in
1194 5681 1612 5759 recentioribus
1634 5671 1842 5759 Edilis,
1861 5671 2102 5759 scilicet,

405 5757 539 5796 nam
572 5741 710 5796 bona
739 5743 1061 5813 plerumque
1082 5748 1258 5814 gignit
1281 5750 1519 5807 animus.
1556 5756 1621 5811 In
1643 5741 2101 5831 VindoctrCovr'b:

2221 4638 2283 4673 sa
2316 4636 2429 4674 non
2462 4622 2742 4685 transeat,
2778 4634 2905 4688 quae
2937 4618 3062 4671 vitae
3093 4616 3331 4686 praemia
3364 4620 3492 4686 post
3521 4616 3684 4671 vitam
3724 4607 3873 4680 parat.

2222 4709 2331 4764 Sed
2388 4708 2506 4763 hac
2549 4722 2749 4762 curare
2808 4705 3033 4776 reprobi
3081 4704 3408 4777 negligunt,
3459 4704 3593 4775 quia
3640 4696 3870 4772 profecto,

2223 4796 2588 4853 ambulantes
2621 4797 2677 4850 in
2709 4812 2977 4862 vacuum,
3011 4794 3190 4850 vitam
3223 4798 3534 4865 sequentes
3554 4790 3779 4861 fugiunt,
3799 4783 3875 4835 in-

2219 4888 2513 4944 venientes
2546 4887 2813 4958 perdunt.
2848 4885 3054 4941 Melius
3082 4901 3216 4941 vero
3249 4901 3282 4939 a
3314 4898 3609 4955 pravorum
3638 4872 3871 4935 imitatio-

2220 4995 2292 5033 ne
2323 4978 2768 5048 compescimur,
2803 4975 2851 5029 si
2885 4991 3083 5030 eorum
3116 4975 3332 5029 damna
3361 4989 3429 5028 ex
3450 4972 3559 5027 fine
3580 4974 3865 5041 pensamus-

2220 5067 2379 5123 Unde
2410 5066 2552 5122 bene
2583 5065 2756 5121 etiam
2790 5080 2921 5119 cum
2952 5064 3346 5119 exhortatione
3375 5057 3768 5132 subjungilur:

2683 5151 2911 5208 CAPUT
2940 5153 3094 5207 xxx
3128 5153 3275 5222 meo.
3308 5149 3458 5220 XIV].

2295 5247 2461 5302 Vens.
2498 5246 2581 5298 19.
2618 5242 2971 5299 Considerate
2998 5241 3222 5298 semitas
3250 5241 3510 5306 Theman,
3564 5238 3742 5293 itinera
3780 5226 3866 5281 Sa-

2224 5338 2309 5404 ba,
2342 5344 2393 5392 et
2420 5342 2737 5406 exspectate
2758 5334 3063 5406 paulisper.

2221 5548 2434 5614 Germ.,
2469 5549 2641 5604 duob.
2679 5547 2974 5619 Regupro
3004 5546 3212 5619 genuit,
3245 5541 3452 5619 legitur
3479 5538 3685 5619 gemuit.

2290 5621 2363 5692 (ὁ)
2398 5606 2574 5676 ltebla
2604 5622 2688 5675 vel
2724 5606 3233 5692 neblgtba'segpi,
3272 5606 3559 5692 multitudo
3586 5606 3679 5692 an.

2288 5680 2602 5763 {ciGcrm.,
2645 5692 2811 5746 Corb.
2859 5688 3079 5756 Germ.,
3130 5680 3373 5756 Ebroic.,
3432 5690 3490 5739 ut
3545 5680 3609 5735 ad
3655 5682 3847 5731 amorem

2219 5781 2399 5821 suum.

3982 5880 4009 6047 l
