4134 6174
328 262 448 321 ’789

1190 263 1605 326 MQRALIUM
1654 262 1795 323 LIB.
1844 264 1975 325 νη.
2025 297 2099 307 —
2146 265 2223 322 IN
2271 263 2522 324 CAPUT
2568 265 2643 325 VI
2695 265 2758 323 Β.
2808 263 2970 326 JOB.

3724 263 3843 324 790

394 400 483 454 39.
517 400 701 470 Aliqui
733 399 1028 454 honestatis
1070 399 1289 453 nomine
1322 400 1378 453 in
1414 397 1612 455 saeculi
1642 398 1849 452 retibus
1886 397 2025 452 illa-
2054 398 2104 463 Α
2144 398 2485 468 relinquere,
2511 403 2566 454 et
2589 398 2794 453 mundi
2818 396 3091 453 studiain
3115 394 3313 465 sejam
3347 394 3569 449 dudum
3605 394 3839 450 destru-

322 494 614 561 queanlur.
650 490 710 544 In
734 490 818 545 his
846 498 974 544 sunt
1004 491 1100 561 qui
1124 506 1315 544 curam
1344 490 1425 542 rei
1454 486 1758 557 familiaris
1807 492 2024 557 gerunt,

322 584 419 634 aut
465 580 562 651 qui
602 582 940 651 propinquos
980 578 1300 635 inordinate
1352 577 1615 645 diligunt.
1651 609 1717 617 —
1766 577 2026 632 Theman

321 668 537 740 quippe
569 673 797 736 Auster,
837 670 987 723 Salia
1018 673 1210 724 autem
1246 672 1362 722 rete
1409 668 1835 738 interpretatur.
1880 665 2023 730 Quid

324 757 412 811 hic
441 774 542 827 per
592 762 885 821 Austrum,
920 758 1017 829 qui
1046 760 1121 827 (α)
1172 758 1363 813 attlata
1410 758 1709 827 teporibus
1761 756 2027 811 membra

320 846 606 913 dissolvit,
642 847 755 903 nisi
790 848 943 903 ﬂuxa
973 848 1202 903 vivendi
1255 847 1539 913 remissio,
1597 846 1736 916 quid
1783 862 1881 917 per
1912 853 2026 901 rete

321 937 435 992 nisi
468 937 714 993 actionis
748 938 1025 1009 obligatio
1058 936 1535 992 demonstratur?
1580 935 1682 1000 Qui
1717 936 1872 990 enim
1907 936 2023 989 dis-

320 1025 506 1081 soluta
537 1028 731 1082 mente
761 1042 826 1082 ea
850 1043 976 1098 qua:
1008 1027 1089 1097 (b)
1122 1032 1331 1081 aeterna
1353 1029 1487 1081 sunt
1518 1029 1823 1096 appetunt,
1858 1025 1929 1097 (ε)
1954 1040 2023 1080 ne

319 1132 519 1188 gressu
551 1116 733 1173 libero
752 1119 820 1172 ad
843 1117 1024 1172 Deum
1046 1117 1346 1188 prodeant,
1366 1115 1476 1186 ipsi
1496 1132 1555 1171 se
1572 1115 1693 1170 suis
1728 1114 2023 1170 inordina-

318 1207 390 1262 tis
413 1208 717 1263 conatibus
750 1208 959 1279 ligant;
987 1208 1062 1279 (ά)
1082 1225 1148 1261 cu
1162 1224 1333 1279 mque
1355 1221 1415 1262 se
1441 1206 1607 1261 ﬂuxis
1632 1206 2021 1261 conversatio-

319 1297 409 1352 nis
429 1314 546 1352 sua:
563 1298 787 1352 actibus
807 1296 1129 1367 implicant,
1146 1295 1217 1365 (e)
1235 1296 1399 1368 quasi
1419 1295 1857 1351 remansurosin
1880 1296 2021 1350 retis

319 1385 561 1441 maculis
595 1388 768 1459 pedes
791 1392 1038 1458 ponunt.
1072 1386 1139 1441 Ut
1171 1386 1322 1441 enim
1351 1385 1523 1457 paulo
1545 1386 1818 1457 superius
1844 1401 2020 1455 quos-

316 1476 450 1530 dam
484 1476 550 1530 ad
584 1476 980 1547 devictasjam
1019 1475 1221 1547 culpas
1264 1475 1476 1531 retrahi
1506 1490 1605 1547 per
1642 1478 1838 1546 aperta
1863 1491 2018 1545 quae-

317 1563 447 1618 dam
464 1567 644 1619 etnon
668 1564 887 1619 devicta
904 1564 1041 1619 vitia
1063 1563 1421 1632 diximus,ita
1439 1562 1786 1617 nonnulliad
1808 1579 1872 1617 ea
1893 1580 2017 1634 quae

317 1652 673 1724 reliquerant
707 1653 949 1708 redeunt
980 1670 1080 1725 per
1110 1654 1375 1724 quaedam
1416 1669 1541 1723 qua:
1573 1651 1660 1708 vel
1692 1651 2017 1707 honestatis

319 1743 571 1811 nomine,
602 1742 691 1798 vel
724 1742 913 1797 laudis
935 1743 1175 1811 honore,
1203 1742 1535 1814 palliantur.
1566 1742 1709 1797 Nam
1738 1748 1874 1798 sunt
1898 1742 2019 1813 plc-
2057 1776 2099 1841 Β

313 1831 481 1903 rique
525 1832 627 1903 qui
653 1834 771 1901 jam
807 1833 996 1888 aliena
1029 1850 1144 1889 non
1190 1836 1489 1904 appetunt,
1535 1838 1705 1902 atque
1739 1831 1809 1885 ab
1844 1829 2022 1899 hujus

315 1922 745 1993 mundijurgiis
767 1922 1033 1978 inchoato
1049 1922 1261 1994 quietis
1287 1937 1481 1977 amore
1499 1921 1859 1986 dividuntur,
1881 1934 1980 1974 eru
2002 1952 2021 1960 -

312 2010 420 2066 diri
455 2014 636 2067 sacris
667 2010 915 2082 eloquiis
946 2012 1176 2081 sitiunt,
1212 2029 1413 2068 vacare
1446 2011 1717 2081 supernis
1758 2015 2021 2066 contem-

310 2101 669 2171 plationibus
701 2103 1163 2174 concupiscunt;
1196 2120 1301 2157 nec
1333 2110 1523 2157 tamen
1557 2102 1805 2173 perfecta
1841 2100 2015 2154 animi

306 2188 578 2245 libertate
638 2206 832 2246 curam
900 2207 1092 2246 rerum
1144 2190 1516 2246 familiarium
1580 2191 1871 2258 deserunt,
1924 2188 2016 2243 cui

306 2295 464 2351 saepe
495 2280 626 2335 dum
654 2279 810 2335 licite
840 2281 1120 2351 serviunt,
1144 2281 1318 2335 etiam
1352 2280 1571 2335 illicitis
1604 2280 1780 2349 hujus
1815 2278 2015 2333 mundi

300 2370 512 2441 jurgiis
554 2370 965 2441 implicantur;
1016 2387 1271 2441 cumque
1310 2375 1567 2427 terrenas
1616 2386 1708 2425 res
1756 2368 2016 2424 studiose

305 2460 457 2515 tueri
512 2460 862 2529 desiderant,
922 2460 1114 2516 cordis
1163 2461 1419 2531 requiem
1481 2460 1780 2527 deserunt,
1843 2474 2011 2529 quam

311 2551 688 2623 quaerebant;
722 2556 928 2609 etcum
956 2553 1288 2608 substantia
1315 2554 1541 2625 fugiens
1575 2552 1852 2607 continua
1886 2566 2017 2621 pro-

308 2643 530 2699 visione
559 2642 899 2715 protegitur,
951 2651 1271 2714 conceptus
1303 2645 1361 2697 in
1394 2643 1591 2698 animo
1621 2644 1828 2698 divinze
1861 2644 2007 2701 231

316 2733 573 2789 scientia:
605 2749 794 2790 sermo
825 2733 1163 2805 dissipatur,
1196 2734 1350 2805 quia,
1385 2735 1541 2805 juxta
1571 2735 1845 2791 Veritatis
1878 2753 2016 2792 sen-

311 2823 552 2879 tentiam
603 2824 812 2895 (Matth.
863 2841 1019 2891 xxm,
1072 2825 1339 2891 Marc.1v,
1392 2827 1521 2880 Luc.
1544 2826 1690 2895 vm),
1740 2827 2009 2882 obortum

301 2930 502 2969 semen
536 2913 713 2984 spinae
747 2914 1107 2986 opprimunt,
1140 2931 1271 2970 cum
1311 2915 1552 2970 verbum
1598 2916 1697 2971 Dei
1732 2932 1761 2971 a
1793 2932 2016 2973 memo-

304 3004 389 3057 ria
424 3003 772 3075 importunaa
804 3009 1168 3059 terrenarum
1217 3021 1409 3060 rerum
1458 3005 1885 3062 sollicitudines
1916 3023 2011 3062 ex-

2139 492 2229 541 cta
2273 503 2553 558 reparare.
2589 488 2710 550 Quo
2755 486 2949 557 itaque
2980 484 3076 539 isti
3109 484 3219 539 nisi
3254 485 3311 539 in
3352 487 3472 538 rete
3512 483 3838 549 ambulant,

2138 594 2285 646 quos
2322 594 2349 630 a
2385 576 2654 648 praesenti
2702 574 2909 630 saeculo
2940 574 3207 629 inchoata
3240 575 3365 644 jam
3400 571 3528 627 vita:
3571 573 3837 642 perfectio

2138 665 2409 733 solverat,
2434 666 2531 722 sed
2550 666 2914 721 inordinatus
2936 680 3100 719 amor
3122 668 3357 720 terrenae
3382 661 3748 734 cognationis
3771 659 3838 716 li-

2137 757 2279 827 gat?

2209 848 2293 900 41.
2328 849 2669 918 Propinquus
2721 847 2811 901 Dei
2840 862 3003 900 causa
3048 845 3307 900 debemus
3354 844 3645 915 deSpicere,
3691 843 3839 899 odis-

2133 952 2211 1003 se,
2243 939 2474 992 nescire.
2510 968 2575 975 —-
2608 936 2710 1001 Qui
2759 937 2910 991 enim
2936 934 3201 989 districto
3232 933 3450 1003 studio,
3484 940 3538 988 et
3569 949 3681 989 non
3711 933 3838 989 dis-
3868 980 3871 983 λ

2136 1027 2340 1083 solutis
2363 1027 2661 1097 gressibus
2685 1031 2905 1081 aeternas
2922 1024 3253 1098 sponsionis
3268 1023 3568 1095 praemium
3587 1039 3838 1094 sequun-

2134 1121 2248 1183 tur,
2298 1118 2448 1172 sicut
2497 1117 2837 1187 scmetipsos
2871 1132 2971 1187 pro
3005 1115 3197 1170 divino
3246 1130 3439 1169 amore
3488 1111 3834 1183 despiciunt,

2132 1210 2211 1263 sic
2235 1212 2464 1276 cuncta,
2490 1210 2700 1279 quibus
2724 1226 2784 1264 se
2804 1206 3400 1279 sentiuntprazpediri,
3431 1211 3831 1278 postponunt;

2132 1304 2185 1354 et
2214 1317 2341 1355 cum
2377 1317 2479 1370 pro
2512 1300 2625 1355 Deo
2670 1316 2906 1356 necesse
2929 1303 3017 1355 est
3047 1304 3110 1353 ut
3142 1298 3355 1370 quibus
3385 1296 3579 1351 valent
3606 1297 3833 1352 cunctis

2130 1390 2469 1455 inserviant,
2507 1406 2609 1462 pro
2652 1390 2765 1446 Deo
2812 1390 3035 1461 privata
3066 1388 3347 1461 obsequia
3394 1386 3564 1443 etiam
3590 1386 3831 1458 propin-

2131 1481 2264 1551 quis
2298 1485 2533 1551 negant.
2570 1480 2713 1535 Hinc
2745 1484 2829 1535 est
2858 1480 3008 1535 enim
3044 1480 3197 1549 quod
3232 1478 3469 1549 quidam
3502 1493 3635 1532 cum
3668 1477 3829 1533 dicc-

2129 1574 2213 1624 ret
2246 1586 2257 1623 :
2294 1572 2556 1624 Permitte
2586 1571 2724 1624 mihi
2749 1568 2904 1640 prius
2935 1571 3019 1624 ire
3046 1576 3096 1624 et
3136 1569 3365 1639 sepelire
3404 1578 3616 1638 patrem
3647 1583 3832 1623 meum

2129 1659 2334 1726 (illatlh.
2370 1676 2489 1721 vm.
2524 1660 2638 1731 21),
2692 1658 2957 1715 Veritatis
2989 1675 3084 1713 ore
3118 1657 3381 1728 protinus
3433 1656 3653 1711 audivit
3684 1673 3698 1711 :
3734 1657 3830 1712 Si-

2129 1765 2197 1803 ne
2226 1760 2283 1804 ut
2310 1752 2511 1805 mortui
2560 1750 2837 1820 sepeliant
2879 1752 3122 1804 mortuos
3168 1764 3311 1815 suos,
3345 1752 3403 1801 tu
3452 1752 3633 1801 autem
3679 1746 3829 1816 vade,

2126 1841 2401 1895 annuntio
2428 1856 2654 1908 regnum
2684 1840 2779 1893 Dei
2810 1838 2990 1906 (lbid.,
3021 1838 3132 1897 22).
3166 1838 3287 1901 Qua
3318 1837 3377 1891 in
3403 1852 3462 1891 re
3508 1836 3828 1891 notandum

2127 1934 2215 1986 est
2246 1931 2379 2001 quia
2412 1930 2631 1985 electus
2666 1928 2987 2000 discipulus
3021 1928 3158 1983 dum
3194 1945 3225 1982 a
3250 1926 3508 1999 parentis
3531 1927 3829 1998 sepultura

2126 2022 2530 2091 compescitur,
2565 2020 2670 2076 hoc
2720 2020 2989 2074 devotum
3042 2032 3335 2088 quemque
3366 2016 3635 2070 exhibere
3680 2015 3829 2088 patri

2126 2119 2353 2166 mortuo
2387 2126 2452 2164 ex
2476 2111 2679 2165 atl‘ectu
2729 2110 2946 2164 carnali
2996 2112 3218 2178 proriter
3250 2108 3561 2162 Dominum
3609 2123 3723 2161 non
3756 2106 3826 2161 li-

2124 2205 2234 2266 cet,
2287 2201 2441 2271 quod
2492 2204 2723 2271 propter
2775 2198 3078 2254 Dominum
3112 2202 3168 2251 et
3208 2197 3413 2251 exteris
3461 2196 3650 2251 debet.
3688 2197 3823 2267 [νει.

2123 2292 2324 2361 Xl’lll.]
2360 2292 2503 2345 Hinc
2548 2305 2781 2345 rursum
2834 2288 3052 2345 Veritas
3084 2288 3223 2342 dicit
3257 2304 3268 2340 :
3321 2286 3380 2341 Si
3408 2286 3527 2356 quis
3568 2286 3713 2341 venit
3754 2286 3825 2340 ad

2122 2400 2230 2447 me,
2261 2387 2311 2437 et
2360 2398 2465 2435 non
2499 2381 2611 2436 odit
2640 2386 2853 2451 patrem
2902 2394 3083 2444 suum,
3114 2385 3162 2432 et
3192 2384 3444 2444 matrem,
3485 2384 3535 2429 et
3575 2391 3824 2446 uxorem,

2121 2475 2173 2527 et
2194 2472 2358 2541 ﬁlios,
2390 2478 2441 2525 et
2461 2474 2682 2542 fratres,
2717 2472 2767 2524 et
2804 2484 3035 2534 sorores,
3068 2466 3247 2521 adhuc
3285 2469 3468 2521 autem
3499 2470 3549 2519 et
3579 2468 3825 2520 animam

2120 2578 2296 2629 suam,
2328 2578 2434 2618 non
2484 2564 2655 2631 potest
2700 2574 2848 2613 meus
2894 2573 3004 2613 esse
3046 2555 3342 2626 discipulus
3381 2557 3529 2623 (Luc.
3562 2572 3677 2620 xiv,
3710 2556 3823 2626 26).

2122 2653 2243 2718 Quo
2278 2651 2335 2705 in
2367 2650 2491 2706 loco
2522 2649 2809 2717 videlicet,
2852 2646 2992 2701 dum
3035 2646 3491 2718 pr0pinquorum
3533 2645 3662 2699 odio
3696 2645 3825 2699 ani-

2123 2757 2228 2795 mae
2266 2757 2493 2811 quoque
2526 2745 2737 2795 nostrae
2777 2736 2973 2793 odium
3014 2735 3389 2803 subiniertur,
3436 2737 3693 2805 patenter
3730 2749 3824 2789 os-

2121 2832 2381 2887 tenditur
2414 2830 2551 2902 quia
2576 2830 2656 2885 sic
2690 2829 3071 2900 propinquos,
3096 2826 3248 2882 sicut
3276 2824 3665 2895 nosmetipsos
3690 2824 3823 2879 odio

2119 2923 2335 2979 habere
2369 2920 2761 2991 praecipimur,
2796 2922 2859 2972 ut
2889 2916 2994 2973 hos
3026 2918 3092 2971 ad
3127 2920 3337 2970 aeterna
3380 2914 3691 2985 rapientes,
3724 2927 3823 2969 eo-

2122 3029 2367 3085 rumque
2400 3011 2686 3069 carnalem
2721 3008 2958 3079 gratiam
2997 3022 3129 3062 cum
3162 3004 3441 3077 praepedit
3471 3008 3825 3076 postponen-

294 3090 542 3162 pellunt.
570 3090 882 3149 Dissolutis
912 3093 1106 3164 itaque
1137 3093 1432 3161 gressibus
1455 3093 1511 3148 in
1538 3098 1655 3150 rete
1686 3095 2010 3164 ambulant,

295 3181 393 3207 -.-ξ
435 3182 568 3207 λη...
604 3183 882 3207 ...η-,ιηηι
922 3184 1167 3207 ---ι’-,ι-
1203 3199 1312 3207 ..--
1352 3184 1618 3207 Δ,---.-..ι
1667 3186 2009 3207 _-._-L:....--

2130 3109 2230 3169 tes,
2265 3105 2557 3160 discamus
2590 3104 2906 3171 temperata
2935 3115 3033 3154 eos
3064 3096 3430 3153 discretionis
3460 3099 3581 3151 arte
3611 3098 3667 3150 et
3689 3110 3827 3150 con-

2233 3196 2244 3207 ι
2332 3199 2341 3207 .
2461 3193 2544 3207 ισιο
2750 3194 2790 3207 ,ι
2905 3188 2980 3207 In!
3012 3188 3144 3207 ,21-..
3183 3186 3301 3207 ,ΔΕΑ
3344 3185 3550 3207 L_,L_..-
3620 3189 3787 3207 _--_L_

293 3181 397 3253 qui
432 3182 569 3237 dum
604 3183 884 3239 mundum
922 3184 1171 3254 perfecte
1203 3199 1317 3239 non
1350 3184 1640 3251 deserunt,
1665 3186 2011 3256 semetipsos

295 3271 622 3342 gradiendo
652 3272 934 3343 obligant,
969 3288 1039 3328 ne
1079 3274 1439 3344 gradiantur.

376 3360 464 3415 40.
495 3360 559 3415 Et
590 3365 729 3416 sunt
758 3361 1019 3433 plerique
1050 3361 1149 3432 qui
1184 3379 1296 3417 non
1330 3362 1517 3418 solum
1553 3363 1741 3419 aliena
1775 3381 1889 3420 non
1914 3381 2013 3436 ap-

298 3453 526 3521 petunt,
577 3466 779 3506 verum
846 3451 1017 3506 etiam
1063 3455 1272 3507 cuncta
1332 3468 1459 3523 quae
1517 3454 1896 3524 possederant
1950 3454 2009 3510 in

296 3540 525 3595 mundo
556 3538 996 3611 derelinquunt,
1031 3542 1378 3612 semetipsos
1408 3543 1757 3613 despiciunt,
1788 3542 2009 3599 nullam

290 3631 603 3703 praesentis
636 3631 762 3685 vitae
813 3630 1061 3703 gloriam
1112 3633 1439 3703 requirunt,
1484 3633 1555 3687 ab
1588 3633 1764 3704 hujus
1806 3634 2010 3688 mundi

291 3736 355 3775 se
389 3720 717 3776 actionibus
748 3726 1045 3793 separant,
1078 3728 1131 3776 et
1156 3737 1300 3793 pene
1337 3723 1617 3793 quidquid
1664 3724 2011 3795 prosperita-

290 3810 371 3866 tis
394 3810 471 3881 (Ῑ)
497 3809 755 3867 arriserit
777 3810 1025 3867 calcant.
1051 3810 1161 3866 Sed
1188 3819 1377 3867 tamen
1403 3812 1594 3867 adhuc
1626 3813 1859 3869 vinculo
1883 3829 2010 3869 car-

293 3900 456 3956 nalis
486 3900 850 3972 cognationis
880 3901 1141 3972 obligati,
1174 3902 1310 3957 dum
1344 3902 1524 3957 amori
1558 3902 2009 3974 propinquitatis

288 3988 612 4046 indiscrete
663 3990 1021 4060 deserviunt,
1067 3991 1136 4047 ad
1164 4008 1227 4047 ea
1259 4008 1412 4063 saepe
1452 4008 1551 4063 per
1598 3993 1865 4048 effectum
1916 4008 2011 4050 co-

290 4078 646 4151 gnationum
676 4081 940 4147 redeunt,
965 4096 1090 4152 quae
1108 4081 1227 4149 jam
1252 4086 1463 4137 etcum
1485 4082 1713 4153 proprio
1736 4082 2008 4152 despectu

290 4169 675 4240 subegerunt.
725 4168 979 4240 Cumque
1021 4169 1154 4241 plus
1196 4186 1369 4240 quam
1416 4185 1653 4226 necesse
1693 4175 1780 4226 est
1819 4171 2010 4226 carnis

295 4257 663 4330 propinquos
707 4258 983 4330 diligunt,
1027 4259 1256 4315 retracti
1305 4260 1578 4328 exterius,
1615 4278 1646 4315 a
1677 4261 1867 4316 cordis
1909 4278 2010 4331 pa-

292 4350 465 4403 rente
522 4348 882 4404 dividuntur.
946 4348 1089 4403 Nam
1159 4366 1307 4421 saepe
1377 4350 1658 4420 quosdam
1718 4350 2008 4417 videmus,

288 4441 588 4509 quantum
622 4439 693 4493 ad
728 4438 1026 4510 proprium
1059 4440 1321 4495 studium
1356 4445 1591 4511 spectat,
1620 4441 1737 4511 jam
1764 4458 2009 4513 praesen-

291 4504 373 4583 tis
410 4526 539 4582 vita:
580 4504 867 4583 desideria
908 4545 1021 4584 non
1067 4530 1296 4598 habere,
1342 4504 1637 4585 mundum
1667 4536 1722 4585 et
1753 4504 1923 4603 opere
1954 4534 2011 4586 et
2042 4504 2087 4569 D

292 4615 657 4688 professione
685 4618 1029 4689 reliquisse;
1064 4620 1161 4674 sed
1196 4624 1387 4675 tamen
1423 4637 1523 4691 pro
1556 4620 1901 4675 inordinatis
1933 4620 2009 4676 af-

293 4706 550 4761 fectibus
582 4706 1043 4779 propinquorum
1071 4710 1333 4779 praetoria
1371 4709 1713 4781 irrumpere,
1749 4715 2007 4765 terrena-

297 4812 437 4853 rum
471 4812 658 4853 rerum
684 4797 891 4869 jurgiis
922 4814 1145 4866 vacare,
1181 4797 1507 4855 libertatem
1541 4800 1757 4855 intimae
1799 4800 2010 4872 quietis

374 4945 455 5027 (ti)
494 4948 733 5027 Turon.,
768 4946 864 5024 qui
900 4943 987 5027 ad
1008 4947 1203 5027 flatum
1235 4948 1433 5027 teporis
1464 4947 1704 5001 membra
1734 4947 2006 5003 dissoluit.

302 5015 728 5100 Corb.h(}e_r_m.,
761 5016 858 5087 qui
887 5018 1046 5100 amat
1074 5015 1462 5100 aetepo‘ribus.
1488 5090 1498 5100 .

376 5087 456 5159 (b)
485 5087 564 5141 lta
584 5087 1295 5161 MisssomnesAngliciet
1320 5090 1524 5155 nostri,
1552 5106 1650 5161 pro
1674 5106 1734 5145 ea
1757 5106 1877 5161 qua:
1897 5095 2010 5146 ler-

305 5175 441 5214 rena
468 5166 615 5231 sunt,
649 5161 713 5213 ut
744 5158 801 5214 in
842 5158 1300 5231 Editislegitur.
1335 5158 1709 5216 Occasionem
1744 5158 2007 5217 mutandi

300 5235 533 5310 aeternae
562 5230 883 5310 indterrena
923 5230 1081 5287 dedit
1120 5230 1329 5289 sensus
1375 5232 1546 5303 paulo
1587 5234 1909 5301 obscurior,
1953 5238 2009 5289 et

302 5306 499 5357 tamen
536 5306 806 5372 optimus.

359 5374 443 5447 (ι’)
479 5372 745 5440 r'loriac.,
786 5374 1029 5447 Turon.,
1061 5375 1095 5429 2
1135 5376 1476 5447 Compend.,
1520 5393 1589 5432 ne
1617 5394 1805 5446 gressu
1836 5378 2006 5432 libero

299 5444 385 5499 ad
417 5447 583 5500 Deum
628 5448 879 5526 pergant.
920 5445 1132 5518 Germ,
1169 5448 1193 5502 1
1230 5444 1543 5520 Compend.
1578 5444 1634 5505 et
1666 5452 1688 5505 1
1737 5449 2005 5517 Vindoc.,

298 5533 368 5571 ne
395 5532 635 5587 gressum
666 5516 923 5573 liberum.

377 5606 450 5677 (ἀ)
482 5606 707 5683 Gemct.
729 5612 787 5683 et
819 5608 915 5683 alii
948 5608 1220 5665 Norman.
1262 5625 1327 5683 ac
1355 5610 1594 5683 Turon.,
1626 5627 1857 5683 cumque
1895 5610 2006 5678 ﬂu-

308 5680 399 5752 xis
427 5680 861 5752 conversationis
891 5696 1003 5735 suae
1023 5682 1237 5735 actibus
1267 5682 1644 5752 implicantur.

385 5749 454 5822 (e)
505 5750 622 5805 Duo
669 5749 1013 5822 Compend.,
1066 5752 1279 5807 Turon.
1314 5749 1366 5807 et
1396 5751 1618 5823 Norm.,
1653 5754 1732 5807 ita
1765 5753 1999 5808 habent.

2118 3196 2414 3253 venienter
2445 3193 2708 3264 diligere,
2742 3194 2799 3246 et
2835 3188 3148 3245 salubriter
3177 3186 3306 3242 odio
3344 3185 3576 3252 habere,
3615 3189 3825 3256 quate-

2120 3304 2231 3344 nus
2255 3286 2339 3342 sic
2362 3283 2509 3341 sciat
2532 3298 2632 3354 per
2654 3294 2909 3337 amorem
2933 3278 3132 3334 odium
3160 3292 3415 3348 surgere,
3442 3279 3505 3330 ut
3526 3274 3827 3331 valeamus

2117 3393 2216 3434 eos
2248 3376 2438 3431 verius
2471 3388 2571 3444 per
2602 3371 2801 3427 odium
2836 3384 3050 3425 amare.
3088 3366 3231 3421 Hinc
3269 3382 3504 3421 rursum
3540 3380 3640 3436 per
3671 3367 3826 3437 Moy-

2117 3484 2220 3523 sen
2254 3466 2465 3520 dicitur
2498 3479 2509 3516 :
2547 3461 2653 3529 Qui
2682 3458 2892 3515 dixerit
2922 3457 3072 3529 patri
3102 3472 3199 3512 suo
3229 3465 3278 3511 et
3307 3454 3481 3510 matri
3504 3471 3638 3523 suae,
3686 3458 3826 3510 Nes-

2116 3559 2198 3612 cio
2232 3572 2337 3624 vos,
2370 3562 2422 3609 et
2450 3554 2721 3623 fratribus
2753 3550 2888 3617 suis,
2921 3549 3109 3618 Ignoro
3133 3546 3283 3615 illos,
3316 3553 3368 3600 et
3415 3545 3724 3600 nescierunt
3753 3546 3827 3610 li-

2119 3648 2219 3701 lios
2267 3661 2410 3713 suos,
2453 3642 2511 3697 hi
2562 3640 2939 3695 custodierunt
2982 3637 3259 3707 eloquium
3309 3639 3464 3689 tuum
3510 3642 3560 3689 et
3598 3641 3822 3705 pactum

2120 3741 2293 3793 tuum,
2344 3742 2393 3789 et
2442 3736 2799 3788 seriuzverunt
2834 3729 3052 3800 judicia
3103 3731 3197 3780 tua
3260 3727 3437 3797 (Deut.
3497 3740 3695 3793 χχχιιι,
3746 3725 3819 3795 9).

2120 3826 2219 3879 Ille
2250 3824 2404 3878 enim
2451 3821 2596 3875 scire
2649 3820 2824 3874 Deum
2874 3814 3217 3871 familiarius
3269 3812 3510 3883 appetit,
3562 3810 3659 3881 qui
3707 3828 3822 3882 praa

2118 3927 2313 3968 amore
2381 3910 2610 3983 pietatis
2680 3906 2900 3961 nescire
2967 3902 3253 3959 desiderat
3317 3916 3462 3971 quos
3515 3899 3824 3954 carnaliter

2117 4003 2302 4059 scivit.
2355 4002 2507 4058 232
2559 3997 2723 4053 Gravi
2784 3994 2994 4051 etenim
3048 3994 3261 4047 damno
3321 3989 3569 4045 scientia
3624 3987 3823 4043 divina

2119 4092 2422 4161 minuitur,
2449 4091 2498 4146 si
2522 4104 2651 4144 cum
2678 4085 2867 4142 carnis
2894 4082 3099 4140 notitia
3124 4078 3390 4152 partitur.
3416 4078 3586 4133 Extra
3608 4093 3822 4149 cogna-

2117 4188 2210 4241 tos
2242 4198 2377 4253 ergo
2410 4182 2657 4253 quisque
2690 4194 2753 4234 ac
2788 4174 3077 4247 proximos
3109 4169 3280 4227 debet
3312 4167 3455 4237 fieri,
3492 4167 3537 4223 si
3568 4168 3688 4224 vult
3721 4172 3821 4239 p'a-

2119 4272 2265 4330 renti
2297 4271 2561 4327 omnium
2611 4267 2801 4323 verius
2843 4262 3037 4334 jungi,
3072 4264 3359 4333 quatenus
3406 4258 3641 4313 eosdem
3676 4274 3823 4330 quos

2118 4367 2351 4434 prOptcr
2374 4360 2554 4415 Deum
2574 4360 2650 4429 (g)
2671 4348 3402 4424 utiliternegligittanto(h)
3426 4346 3672 4403 solidius
3690 4347 3823 4402 dili-

2118 4457 2233 4525 gat,
2268 4454 2333 4523 (i)
2360 4454 2575 4523 quanto
2606 4449 2664 4502 in
2697 4448 2779 4502 eis
2813 4444 3079 4500 allectum
3115 4440 3423 4497 solubilem
3456 4439 3673 4510 copulae
3696 4454 3821 4493 car-

2121 4543 2271 4599 nalis
2304 4542 2550 4611 ignorat.

2191 4634 2277 4690 42.
2313 4628 2643 4703 Propinquis
2683 4628 2805 4700 plus
2854 4624 3066 4682 caeteris
3114 4621 3362 4693 prodesse
3408 4618 3682 4685 debemus,
3711 4632 3821 4672 mo-

2120 4725 2184 4778 do
2215 4724 2339 4777 hinc
2368 4732 2553 4776 noster
2600 4718 2666 4773 ad
2699 4719 2864 4774 Deum
2894 4728 3207 4786 progressus
3238 4710 3320 4764 nil
3350 4709 3683 4764 retardetur.
3718 4706 3824 4771 Qui

2118 4812 2370 4869 debemus
2408 4828 2539 4880 erga
2568 4825 2653 4866 eos
2687 4810 2913 4878 benigne
2951 4804 3121 4874 a/ﬁci,
3164 4816 3263 4856 nec
3299 4803 3483 4853 tamen
3516 4795 3583 4849 ab
3624 4792 3823 4848 itinere

2119 4955 2251 5011 Coc.
2286 4958 2341 5009 et
2380 4958 2590 5011 recent.
2624 4954 2802 5021 Edit.,
2843 4968 2945 5022 pro
2983 4946 3237 5022 maculis,
3270 4942 3590 5022 posuerunt
3628 4938 3821 5020 vinea:

2120 5010 2217 5093 lis,
2244 5010 2397 5082 forte
2436 5010 2973 5098 quodiignorarent
3007 5010 3603 5098 niaculas'aliquando
3664 5010 3822 5065 sumi

2119 5087 2220 5171 pro
2255 5099 2389 5171 retis
2415 5087 2798 5171 foraminibus
2830 5093 3045 5171 (iallice
3084 5087 3318 5171 mailles.
3402 5154 3446 5171 ﬂ
3536 5155 3543 5163 _

2189 5152 2267 5239 (vf)?
2290 5152 2529 5225 Vindoc.
2562 5177 2616 5224 et
2640 5168 2806 5223 Corb.
2840 5165 3053 5228 Germ.,
3086 5163 3135 5215 et
3154 5174 3289 5229 pene
3315 5152 3579 5227 quidquid
3597 5167 3818 5226 ρνοκρε-

2118 5246 2302 5298 rilatis
2331 5242 2688 5297 admiserant.
2820 5306 2873 5309 η
3304 5303 3312 5309 _
3400 5299 3435 5309 ,,
3474 5297 3485 5309 ,
3600 5296 3608 5305 .
3657 5298 3665 5307 .

2186 5296 2259 5384 (q)
2282 5296 2410 5368 Goc.
2437 5313 2607 5368 solito
2642 5324 2797 5365 more
2819 5306 2913 5384 hic
2942 5305 3161 5384 utiliter
3192 5299 3445 5384 mutavit
3471 5297 3531 5380 in
3554 5296 3815 5365 viriliter,

2116 5368 2286 5455 quem
2319 5384 2415 5438 alii
2452 5386 2666 5439 recent.
2715 5377 2900 5435 secuti
2936 5381 3071 5432 sunt
3102 5391 3242 5430 mss.
3276 5371 3413 5429 Cod.
3449 5368 3646 5427 minus
3677 5384 3816 5425 con-

2116 5456 2396 5511 sulentes.

2186 5528 2267 5596 (li)
2299 5526 2464 5581 Corb.
2498 5526 2689 5580 Germ.
2715 5526 2769 5577 et
2796 5519 3046 5596 Ebroic.,
3077 5517 3367 5596 solicitius.

2184 5583 2547 5669 (i)'Vindoc.,
2581 5603 2782 5665 quanto
2818 5595 2876 5649 in
2923 5583 3043 5665 ejus
3077 5591 3275 5662 aﬂeclu
3322 5586 3556 5646 sobolem
3602 5583 3813 5657 copula

2114 5668 2357 5726 carnalis
2398 5672 2634 5742 ignorat.
