4108 6184
288 256 399 317 791

1554 247 1834 307 SANCTI
1879 247 1921 306 G
1936 244 2253 306 REGORll
2299 242 2543 303 MAGNI

3692 228 3813 287 792

285 388 428 462 quod
455 386 525 444 ad
554 388 723 444 Deum
752 386 905 441 ducit
932 384 1225 441 declinare.
1251 414 1317 424 —
1347 383 1636 438 Debemus
1651 382 1886 452 quidem
1918 389 1995 434 ot-
2029 382 2082 448 Α
2114 383 2325 451 quanto
2345 377 2708 434 discretionis
2739 375 3135 431 moderamine
3163 375 3369 432 divinae
3396 368 3697 431 sententias
3730 381 3821 462 ar-

291 475 687 550 temporaliter
717 475 808 531 bis
833 474 1054 547 quibus
1077 471 1649 543 viciniusjungimur
1674 471 1803 543 plus
1837 474 2001 526 caste-

295 567 379 624 ris
409 568 699 638 prodesse,
749 564 886 637 quia
915 568 972 620 et
1002 569 1238 619 ﬂamma
1287 560 1537 617 admotis
1587 561 1762 616 rebus
1801 560 1999 614 incen-

295 655 459 711 dium
492 654 756 727 porrigit,
781 653 884 709 sed
920 653 1027 709 hoc
1057 654 1249 723 ipsum
1288 651 1448 722 prius
1478 648 1577 705 ubi
1622 648 1877 705 nascitur
1908 650 1997 702 in-

296 745 508 803 cendit.
545 743 829 801 Debemus
850 742 1120 815 copulam
1153 748 1392 797 terrenae
1426 740 1790 813 cognationis
1820 756 1997 810 agno-

287 851 478 903 scere;
510 835 613 892 sed
644 838 842 890 tamen
880 833 1053 901 hanc,
1087 849 1220 889 cum
1265 848 1499 889 cursum
1544 830 1752 886 mentis
1784 846 1999 902 prospe-

286 924 701 996 dit,ignorare,
739 927 1024 995 quatenus
1050 923 1238 979 fidelis
1262 923 1496 979 animus
1517 922 1573 978 in
1588 922 1780 978 divino
1805 921 1998 977 studio

281 1029 584 1083 accensus,
615 1030 723 1069 nec
756 1029 824 1069 ea
855 1029 985 1084 quas
1016 1013 1129 1069 sibi
1161 1018 1303 1070 sunt
1334 1013 1393 1068 in
1427 1012 1647 1068 intimis
1691 1012 1999 1082 conjuncta

282 1100 587 1171 despiciat,
620 1106 678 1157 et
717 1101 834 1156 haec
888 1102 1040 1173 apud
1075 1100 1460 1172 semetipsum
1512 1105 1664 1156 recte
1703 1100 1997 1167 ordinans,

290 1206 660 1247 summorum
709 1206 907 1247 amore
966 1192 1361 1248 transcendat.
1421 1191 1626 1247 Solerti
1679 1206 1812 1263 ergo
1861 1206 2001 1246 cura

290 1278 717 1350 providendum
753 1284 842 1336 est
875 1296 947 1335 ne
977 1281 1172 1337 carnis
1202 1279 1389 1352 gratia
1428 1280 1724 1351 subrepat,
1766 1285 1939 1350 atque
1971 1296 2003 1334 a

289 1372 450 1424 recto
481 1368 685 1425 itinere
716 1369 909 1427 cordis
938 1386 1202 1440 gressum
1234 1370 1517 1435 deﬂectat,
1552 1385 1623 1426 ne
1654 1370 1767 1425 vim
1798 1386 1999 1440 super-

297 1459 358 1517 ni
391 1460 606 1517 amoris
634 1461 935 1532 impediat,
968 1468 1023 1518 et
1053 1474 1387 1533 surgentem
1429 1465 1679 1517 mentem
1710 1464 2002 1532 superim-

295 1551 481 1621 posito
512 1552 763 1623 pondere
792 1552 1063 1609 deorsum
1112 1559 1349 1624 premat.
1384 1553 1478 1608 Sic
1509 1551 1721 1607 etenim
1754 1550 2006 1622 quisque

293 1640 759 1713 propinquorum
778 1641 944 1697 debet
967 1641 1419 1697 necessitatibus
1437 1641 1710 1713 compati,
1737 1644 1799 1694 ut
1813 1647 2006 1696 tamen

2102 486 2230 527 cam
2284 473 2487 541 portat.
2540 468 2692 525 233
2742 466 2989 523 Amissis
3034 482 3281 537 namque
3346 463 3545 520 vitulis
3605 454 3822 528 mugit.

2102 559 2253 630 quia,
2290 559 2487 614 audita
2526 563 2709 613 morte
2752 557 3023 626 ﬁliorum,
3056 556 3112 610 in
3166 561 3379 611 terram
3413 558 3583 609 tonso
3629 546 3820 614 capite

2104 651 2321 706 corruit
2352 650 2488 718 (Job.
2525 668 2563 715 ι,
2595 650 2689 717 20)
2713 665 2725 716 ;
2752 648 2849 703 sed
2886 654 3036 703 recto
3068 650 3263 702 tamen
3305 646 3514 701 itinere
3548 637 3821 709 mugiens

2105 738 2391 811 graditur,
2416 738 2550 808 quia
2574 754 2637 791 os
2660 738 2781 807 ejus
2806 737 2864 791 in
2887 736 3106 807 gemitu
3134 735 3205 790 ad
3230 733 3330 788 Dei
3370 732 3575 788 laudes
3623 728 3828 798 aperi-

2105 832 2218 897 tur,
2265 845 2395 883 cum
2444 827 2703 897 protinus
2763 826 2950 881 dicit:
3003 826 3270 881 Dominus
3326 822 3493 888 dedit,
3559 821 3828 875 Dominus

2105 918 2357 982 abstulit,
2388 919 2528 972 sicut
2558 916 2785 972 Domino
2824 914 3056 983 placuit,
3103 914 3181 969 ita
3218 916 3426 984 factum
3468 920 3585 972 est;
3617 911 3689 964 sit
3716 926 3831 964 no—

2104 1025 2233 1064 men
2281 1009 2498 1063 Domini
2546 1005 2889 1062 benedictum
2939 1004 3126 1075 (Ibid,
3156 1004 3269 1071 21).
3322 1002 3434 1057 Sed
3495 1000 3828 1056 indiscrete

2110 1102 2335 1155 mentes
2376 1097 2525 1152 hanc
2570 1096 2793 1152 vivendi
2839 1094 3091 1167 regulam
3146 1092 3433 1161 nesciunt,
3466 1098 3519 1146 et
3559 1106 3671 1161 quo
3702 1090 3831 1144 vias

2115 1188 2210 1243 Dei
2255 1186 2537 1243 dissolute
2583 1189 2883 1259 appetunt,
2916 1201 2981 1241 eo
3016 1185 3084 1240 ad
3132 1182 3337 1238 mundi
3391 1180 3601 1236 itinera
3646 1179 3832 1234 stulte

2112 1276 2491 1348 replicantur.

2208 1367 2295 1421 44.
2333 1365 2543 1437 Teporis
2573 1365 2775 1420 damna
2807 1366 2866 1419 in
2898 1363 3029 1419 aliis
3073 1364 3189 1417 visa
3215 1359 3350 1433 plus
3388 1374 3601 1415 movere
3629 1357 3829 1413 solent.

2113 1488 2179 1496 —
2212 1457 2382 1513 Recte
2414 1457 2593 1527 igitur
2632 1458 2876 1511 sanctus
2928 1454 3015 1509 vir
3068 1455 3203 1524 post
3250 1450 3511 1505 Theman
3561 1447 3833 1515 semitas,

2114 1547 2266 1604 Saba
2298 1547 2500 1601 itinera
2541 1549 2844 1611 memorat,
2883 1545 3023 1616 quia
3053 1560 3200 1613 quos
3241 1544 3449 1597 Auster
3479 1538 3712 1610 reprobi
3744 1543 3835 1593 te—

2114 1637 2273 1709 poris
2313 1636 2564 1701 solverit,
2600 1636 2705 1692 bos
2738 1636 3021 1691 nimirum
3052 1639 3169 1689 rete
3200 1629 3619 1703 implicationis
3649 1634 3833 1684 tenet.

292 1744 395 1800 per
419 1730 889 1801 compassionem
923 1747 1040 1786 non
1074 1731 1228 1786 sinat
1252 1731 1363 1786 vim
1397 1748 1513 1786 suae
1537 1730 1880 1786 intentionis
1903 1732 2007 1785 im-
2041 1767 2086 1831 Β
2118 1734 2264 1785 Bene
2295 1734 2488 1784 autem
2532 1744 2835 1800 pravorum
2883 1726 3033 1781 facta
3076 1723 3415 1779 describens
3457 1720 3835 1831 considerare

382 1819 393 1831 .
468 1817 480 1829 .
585 1822 594 1831 .
675 1817 717 1831 η.
783 1828 790 1831 .
987 1820 1036 1831 ..
1306 1821 1339 1831 ..
1431 1820 1443 1831 .
1746 1818 1756 1831 .
1841 1824 1850 1831 .
1989 1818 2004 1831 .
2124 1820 2134 1831 .
2331 1819 2344 1831 .
2531 1823 2541 1831 ,
2697 1816 2707 1827 .
3182 1829 3195 1831 ,
3374 1810 3662 1831 ,ειεᾲεμμ
3733 1825 3784 1831 __

289 1817 505 1890 pedari,
540 1822 603 1874 ut
633 1817 871 1875 aﬂ‘ectus
902 1820 1137 1891 quidem
1162 1821 1377 1876 mentis
1396 1820 1617 1875 viscera
1640 1818 1881 1890 repleat,
1906 1818 2010 1874 sed

286 1909 491 1962 tamen
519 1923 552 1962 a
582 1907 827 1979 spiritali
872 1909 1164 1980 proposito
1198 1924 1312 1965 non
1344 1912 1583 1964 avertat.
1626 1908 1824 1981 Neque
1853 1908 2009 1964 enim

292 1996 483 2051 sancti
507 1995 615 2052 viri
640 1997 712 2051 ad
736 1997 1131 2068 impendenda
1148 1999 1474 2054 necessaria
1509 1999 1864 2070 propinquos
1884 2015 2008 2053 car-

301 2084 392 2143 nis
424 2103 538 2142 non
575 2085 849 2160 diligunt,
883 2089 982 2145 sed
1019 2105 1210 2146 amore
1257 2089 1613 2160 spiritalium
1636 2089 1826 2161 ipsam
1860 2090 1917 2144 in
1952 2106 2012 2146 se

297 2175 673 2232 dilectionem
693 2178 954 2248 vincunt,
971 2182 1261 2250 quatenus
1276 2178 1359 2235 sic
1372 2194 1499 2234 eam
1515 2178 1883 2235 discretionis
1897 2195 2016 2234 mo-

300 2264 602 2320 deramine
631 2270 980 2337 temperent,
1007 2272 1070 2322 ut
1100 2284 1199 2340 per
1229 2269 1376 2325 hanc
1408 2268 1468 2325 in
1495 2285 1670 2340 parvo
1710 2268 1917 2325 saltem
1950 2285 2015 2324 ac

303 2353 550 2410 minimo
584 2372 618 2411 a
647 2360 802 2411 recto
833 2355 1042 2412 itinere
1075 2374 1192 2414 non
1216 2358 1524 2415 declinent.
1552 2361 1707 2425 Quos
1729 2359 1874 2416 bene
1910 2376 2014 2415 no-

312 2443 401 2498 bis
428 2460 529 2515 per
559 2444 1047 2516 signiﬁcationem
1089 2464 1271 2503 vaccas
1304 2449 1579 2517 innuunt,
1604 2466 1754 2520 quae,
1780 2450 1889 2504 sub
1915 2466 2015 2504 ar-

316 2550 385 2589 ca
422 2533 652 2590 Domini
693 2536 764 2591 ad
813 2540 1093 2592 montana
1133 2539 1458 2609 tendentes,
1500 2539 1708 2594 aﬂ'ectu
1748 2539 1925 2594 simul
1965 2544 2020 2597 et

314 2622 502 2695 rigido
530 2639 704 2680 sensu
733 2626 1106 2698 gradiuntur,
1141 2626 1288 2683 sicut
1316 2628 1597 2699 scriptum
1640 2633 1728 2684 est
1760 2645 1772 2684 :
1810 2629 2020 2684 Tollen-

305 2715 383 2767 tes
426 2711 564 2769 duas
602 2729 791 2770 vaccas
834 2729 959 2788 quae
1008 2716 1288 2772 iactabant
1348 2718 1568 2787 vitulos,
1606 2718 1913 2785 iunxerunt
1949 2717 2020 2772 ad

302 2804 637 2874 plaustrum,
668 2805 972 2878 vitulosque
992 2821 1185 2861 earum
1214 2808 1527 2864 clauserunt
1559 2807 1732 2874 domi,
1754 2817 1807 2864 et
1829 2823 2021 2879 posue-

300 2901 436 2948 runt
474 2909 663 2950 arcam
712 2896 812 2951 Dei
855 2912 1019 2967 super
1065 2896 1382 2965 plaustrum
1422 2898 1467 2971 (Ι
1490 2900 1619 2967 Reg.
1662 2915 1736 2967 v1,
1782 2900 1889 2968 10).
1952 2902 2019 2954 Bt

309 2982 485 3054 paulo
529 2990 661 3054 post
695 3000 713 3039 :
756 2982 915 3040 Ibant
954 2987 1014 3040 in
1049 2986 1315 3042 directum
1358 3003 1539 3046 vaccae
1579 3004 1674 3059 per
1713 2991 1859 3045 viam
1898 3003 2022 3061 quae

308 3072 459 3128 ducit
501 3072 826 3143 Bethsames,
859 3084 909 3131 et
936 3076 1135 3131 itinere
1164 3093 1271 3133 uno
1319 3078 1737 3148 gradiebantur,
1784 3094 2020 3149 pergen-

313 3166 389 3218 tes
419 3166 470 3218 et
502 3137 827 3235 mugientes,
858 3170 1046 3222 etnon
1075 3137 1406 3225 declinantes
1434 3186 1606 3242 neque
1626 3172 1695 3226 ad
1712 3137 2017 3238 ite-Iterum,
2051 3137 2095 3205 C

315 3266 490 3321 neque
537 3252 607 3306 ad
650 3253 932 3310 sinistram
983 3256 1170 3327 (Iibd.,
1226 3258 1328 3328 12).
1364 3259 1506 3313 Ecce
1551 3258 1727 3326 enim,
1774 3260 2021 3316 reclusis

320 3340 476 3396 domi
508 3341 728 3411 vitulis,
771 3360 955 3401 vacca
985 3362 1110 3417 quae
1142 3348 1251 3401 sub
1282 3364 1416 3403 arca
1460 3348 1691 3404 Domini
1721 3349 1792 3404 ad
1826 3348 2025 3421 plaus-

319 3438 471 3485 trum
506 3431 846 3503 religantur,
877 3439 1117 3506 gemunt
1148 3440 1204 3491 et
1237 3442 1505 3509 pergunt,
1538 3438 1677 3494 dant
1708 3439 1779 3494 ad
1812 3437 2025 3495 intimis

322 3518 599 3591 mugitus,
635 3526 691 3578 et
720 3527 913 3579 tamen
945 3525 1017 3580 ab
1050 3525 1254 3587 itinere
1287 3543 1401 3583 non
1433 3528 1738 3584 demutant
1768 3545 2023 3600 gressus.

315 3608 585 3666 Amorem
641 3613 876 3683 quidem
926 3630 1026 3685 per
1073 3617 1539 3688 compassionem
1595 3620 1877 3685 sentiunt,
1924 3620 2025 3677 sed

318 3699 466 3756 colla
496 3702 785 3771 posterius
817 3720 932 3760 non
963 3704 1303 3761 deﬂectunt.
1339 3708 1453 3777 Sic,
1486 3709 1572 3764 sic
1598 3725 1830 3764 necesse
1853 3715 1938 3766 est
1965 3714 2028 3766 ut

319 3787 589 3845 incedere
615 3790 866 3847 debeant
894 3792 1014 3863 qui,
1036 3810 1207 3849 sacra:
1232 3795 1535 3868 legisjugo
1570 3798 1879 3869 suppositi,
1898 3798 2023 3869 jam

318 3894 421 3947 per
450 3878 741 3936 internam
774 3879 1082 3938 scientiam
1119 3883 1345 3940 Domini
1377 3902 1571 3941 arcam
1607 3892 1858 3957 portant,
1892 3905 2028 3959 qua-

316 3970 491 4023 tenus
541 3984 643 4039 per
690 3968 799 4025 hoc
849 3971 1005 4041 quod
1068 3973 1524 4045 prepinquorum
1581 3976 2027 4051 necessitatibus

319 4057 631 4113 condolent
658 4077 692 4114 ει
723 4064 908 4130 empto
940 4061 1306 4117 rectitudinis
1338 4064 1544 4119 itinere
1578 4081 1691 4121 non
1715 4065 2025 4122 declinent.

325 4146 668 4204 Bethsames
718 4150 935 4221 quippe
983 4151 1195 4207 domus
1236 4151 1369 4208 solis
1420 4153 1651 4210 dicitur.
1699 4160 1848 4213 Area
1896 4171 2032 4228 ergo

324 4236 560 4293 Domini
583 4237 951 4309 superposita
971 4239 1309 4298 Bethsames
1326 4259 1558 4313 pergere
1580 4253 1664 4301 est
1680 4262 1815 4302 cum
1834 4264 2034 4318 super-

326 4343 403 4381 na
424 4326 665 4383 scientia
688 4329 760 4383 ad
783 4333 1008 4386 aeternas
1026 4330 1176 4388 lucis
1196 4331 1595 4390 habitaculum
1618 4338 2031 4411 propinquare.

324 4412 435 4468 Sed
468 4417 605 4472 tunc
631 4431 765 4471 vere
794 4416 1136 4475 Bethsames
1168 4422 1484 4491 tendimus,
1517 4440 1647 4481 cum
1679 4427 1830 4483 viam
1864 4433 2032 4487 recti-

2124 1820 2243 1875 batc
2278 1819 2568 1885 admonet,
2612 1816 2752 1888 quia
2792 1831 3060 1887 perversa
3101 1813 3321 1884 agendo
3364 1810 3685 1881 diligimus,
3730 1809 3832 1863 sed

2121 1907 2245 1964 haec
2278 1908 2392 1963 visa
2424 1908 2480 1962 in
2513 1907 2644 1962 aliis
2668 1906 3104 1977 dijudicamus;
3139 1913 3189 1959 et
3214 1919 3336 1974 quae
3360 1901 3419 1956 in
3447 1898 3613 1956 nobis
3632 1899 3836 1953 minus

2058 2060 2065 2064 ,
2122 1998 2496 2067 dijudicanda
2537 1996 2853 2066 credimus,
2895 2011 3069 2065 quam
3115 1994 3230 2049 sint
3270 1991 3460 2062 turpia
3491 1990 3548 2044 in
3580 1988 3835 2044 aliorum

2125 2088 2351 2143 actione
2394 2085 2840 2157 cognoscimus;
2886 2084 3087 2156 sicque
3113 2083 3176 2138 iit
3221 2087 3285 2137 ut
3326 2081 3397 2136 ad
3451 2078 3837 2150 semetipsam

2126 2192 2293 2233 mens
2336 2177 2553 2243 redeat,
2586 2180 2641 2231 et
2671 2191 2840 2247 agere
2880 2175 3037 2247 quod
3086 2171 3461 2244 reprehendit
3504 2168 3835 2225 erubescat.

2126 2267 2298 2332 Quasi
2350 2267 2501 2321 enim
2552 2285 2583 2320 ιι
2638 2265 2872 2337 speculo
2927 2264 3080 2319 imda
3132 2263 3306 2318 facies
3355 2259 3644 2331 displicet,
3696 2273 3839 2313 cum

2128 2373 2295 2413 mens
2325 2375 2356 2412 a
2391 2356 2499 2413 vita
2529 2356 2707 2413 simili
2746 2356 2806 2410 in
2839 2371 2897 2409 se
2942 2354 3072 2425 ipsa
3118 2353 3272 2423 quod
3321 2354 3618 2407 aversetur
3655 2348 3836 2403 videt.

2126 2450 2221 2504 Ait
2260 2464 2395 2520 ergo
2430 2466 2441 2502 :
2487 2446 2834 2503 Considerate
2871 2446 3092 2500 semitas
3137 2443 3390 2509 theman,
3424 2441 3627 2495 itinera
3669 2436 3838 2504 Saba,

2127 2548 2175 2594 et
2203 2541 2509 2610 exspectate
2545 2538 2840 2608 paulisper.
2883 2541 2959 2588 Ac
2990 2533 3039 2587 si
3070 2536 3265 2604 aperte
3304 2530 3519 2586 diceret
3552 2544 3565 2582 :
3609 2526 3842 2582 Damna

2128 2628 2298 2684 alieni
2332 2626 2546 2698 teporis
2574 2626 2874 2690 attendite,
2907 2635 2959 2679 et
2990 2627 3130 2678 tunc
3162 2636 3327 2693 spem
3361 2621 3431 2675 de
3461 2616 3690 2674 aeternis
3727 2615 3845 2669 ﬁir—

2130 2720 2286 2775 mius
2311 2718 2578 2784 sumetis,
2612 2717 2661 2773 si
2693 2720 2849 2772 recto
2879 2714 3070 2772 cordis
3099 2711 3267 2769 oculo
3291 2711 3445 2784 quod
3468 2710 3525 2764 in
3558 2705 3684 2763 aliis
3712 2706 3835 2760 dis-

2129 2810 2339 2881 pliceat
2378 2808 2610 2864 videtis.

2201 2900 2333 2969 [Vet.
2367 2898 2507 2967 XX.)
2541 2897 2628 2950 45.
2688 2895 2824 2952 Vitae
2885 2893 3051 2965 hujus
3111 2890 3349 2947 brevitas
3398 2905 3571 2961 quam
3613 2885 3844 2941 utiliter

2129 2989 2462 3044 attendntur.
2497 3019 2563 3028 —
2595 2987 2746 3041 Bene
2786 2989 2984 3040 autem
3030 2982 3281 3039 dicitur:
3334 2981 3653 3050 Exspectate
3690 2992 3843 3045 pau-

2133 3081 2322 3149 lisper.
2382 3078 2536 3148 Saepe
2590 3075 2801 3131 etenim
2849 3074 2990 3129 dum
3043 3069 3349 3145 prmsentis
3406 3069 3535 3123 vitae
3584 3064 3844 3120 brevitas

2134 3168 2301 3240 quasi
2326 3167 2424 3222 diu
2457 3168 2891 3237 perseveratura
2920 3161 3200 3235 diligitur,
3235 3160 3307 3215 ab
3337 3166 3548 3214 aeterna
3577 3171 3679 3227 spe
3710 3151 3844 3208 ani-

2135 3274 2265 3313 mus
2298 3257 2601 3327 frangitur,
2635 3260 2691 3310 et
2722 3254 3041 3309 delectatus
3072 3242 3849 3323 prmeentibus,desperatio-

2134 3348 2227 3405 nis
2258 3364 2376 3403 sua:
2400 3344 2645 3416 caligine
2673 3342 3091 3399 reverberatur.
3115 3340 3378 3409 Cumque
3413 3337 3649 3408 longum
3675 3333 3847 3403 putat

2136 3439 2290 3511 quod
2324 3438 2391 3492 ad
2423 3434 2728 3492 vivendum
2762 3432 2875 3489 sibi
2906 3431 3154 3504 spatium
3178 3427 3478 3499 restat,(b)
3507 3427 3744 3496 repente
3765 3420 3848 3475 vi-

2134 3534 2256 3585 tam
2295 3528 2589 3591 deserens,
2638 3528 2854 3578 aeterna
2898 3521 3136 3590 invenit,
3178 3535 3301 3589 quae
3352 3518 3531 3571 vitare
3575 3515 3694 3585 jam
3731 3527 3850 3570 ne—

2138 3624 2324 3690 queat.
2359 3616 2503 3671 Hinc
2532 3622 2619 3671 est
2648 3612 2806 3669 enim
2837 3611 2991 3682 quod
3026 3625 3128 3681 per
3160 3608 3477 3681 quemdam
3518 3607 3845 3677 sapientem

2138 3709 2352 3765 dicitur
2384 3724 2396 3761 :
2439 3708 2521 3762 Vae
2552 3705 2637 3760 his
2675 3705 2770 3775 qui
2803 3701 3169 3774 perdiderunt
3211 3699 3601 3754 sustinentium
3648 3699 3844 3767 (Eccli.

2140 3817 2198 3870 ιι,
2233 3800 2347 3869 16).
2378 3794 2795 3853 Sustinentiam
2849 3791 3117 3847 videlicet
3145 3790 3395 3860 perdunt
3422 3790 3540 3860 qui,
3574 3789 3714 3843 dum
3747 3789 3849 3844 diu

2138 3906 2200 3945 se
2229 3886 2529 3943 immorari
2558 3882 2885 3939 visibilibus
2916 3879 3226 3949 aestimant,
3265 3894 3427 3950 spem
3461 3877 3850 3933 invisibilium

2141 3975 2567 4046 derelinquunt.
2603 3972 2867 4042 Cumque
2901 3985 3063 4026 mens
3103 3968 3161 4023 in
3199 3965 3583 4039 praesentibus
3623 3966 3850 4037 ﬁgitur,

2141 4066 2255 4122 vita
2292 4064 2642 4121 terminatur
2673 4081 2686 4129 ;
2720 4068 2773 4117 et
2812 4063 3047 4132 repente
3087 4060 3157 4113 ad
3204 4056 3495 4129 supplicia
3532 4056 3855 4127 improvisa

2144 4155 2505 4229 perveniunt,
2539 4170 2689 4223 quas,
2724 4150 2946 4221 decepti
2989 4150 3114 4205 suis
3145 4146 3722 4220 presumptionibus,
3753 4152 3857 4204 aut

2144 4260 2447 4317 nunquam
2478 4259 2539 4298 se
2569 4240 2923 4312 contingere,
2956 4242 3056 4294 aut
3085 4238 3247 4293 tarde
3277 4235 3668 4293 crediderunt.
3702 4235 3855 4293 Hinc

2142 4336 2368 4393 Veritas
2400 4334 2542 4390 dicit
2578 4350 2589 4386 :
2629 4331 2860 4401 Vigilate
2884 4332 3085 4400 itaque,
3108 4329 3245 4401 quia
3266 4328 3483 4383 nescitis
3503 4326 3655 4383 diem
3678 4342 3859 4398 neque

2145 4429 2335 4483 horam
2368 4424 2576 4496 (Matth.
2614 4440 2741 4489 xxv,
2780 4422 2884 4491 13).
2927 4421 3073 4476 Hinc
3118 4434 3353 4474 rursum
3400 4418 3683 4488 scriptum
3711 4425 3803 4473 est
3837 4434 3853 4473 :

323 4499 547 4593 tudinis
584 4502 932 4593 gradientes,
986 4509 1055 4562 ad
1097 4509 1290 4566 vicina
1321 4513 1533 4568 erroris
1565 4514 1743 4571 latera
1784 4535 1887 4574 nec
1927 4539 2030 4593 pro
2065 4516 2109 4580 D
2142 4520 2263 4573 Dies
2297 4517 2515 4573 Domini
2542 4515 2682 4570 sicut
2712 4515 2808 4583 fur
2856 4515 2913 4566 in
2955 4514 3130 4577 nocte,
3165 4513 3240 4565 ita
3288 4510 3466 4564 veniet
3501 4509 3551 4577 (ι
3580 4508 3762 4563 Thess.
3796 4525 3858 4575 v,

323 4592 531 4649 aﬂ'ectu
564 4594 645 4664 (a)
675 4592 984 4665 pignorum
1016 4597 1406 4659 declinamus.
1450 4608 1711 4671 Quorum
1749 4592 2032 4668 nimirum

323 4682 512 4754 gratia
542 4686 797 4739 mentem
830 4690 1090 4743 nostram
1122 4692 1314 4747 tenere
1360 4693 1551 4764 debet,
1594 4697 1696 4752 sed
1745 4699 2034 4758 reﬂectere

324 4788 440 4828 non
482 4772 673 4840 debet,
712 4788 784 4828 ne
822 4773 945 4829 haec
995 4777 1199 4833 eadem
1234 4795 1397 4837 mens
1440 4792 1536 4839 aut
1576 4785 1626 4840 si
1668 4787 1878 4844 aﬂ'ectu
1922 4807 2037 4846 non

325 4862 608 4934 tangitur,
644 4863 793 4920 dura
825 4864 938 4935 sit;
974 4872 1074 4923 aut
1102 4868 1235 4939 plus
1279 4873 1452 4941 tacta,
1499 4873 1547 4929 si
1580 4875 1916 4949 inﬂectitur,
1950 4898 2039 4937 re-

335 4954 537 5011 missa.

406 5045 545 5117 [νει.
594 5045 755 5117 ΧΙΧ.]
813 5048 902 5106 43.
959 5050 1401 5121 Propinquorum
1430 5056 1611 5123 gratia
1643 5059 1824 5114 tenere
1864 5060 2037 5132 debet,

334 5136 618 5204 reﬂeclere
651 5151 754 5191 non
778 5134 951 5193 debet.
974 5141 1279 5195 —Intueri
1330 5140 1473 5198 libet
1520 5144 1756 5202 beatum
1805 5148 1937 5217 Job,
1977 5150 2036 5206 in

338 5238 455 5292 quo
485 5223 663 5280 divini
697 5224 920 5282 timoris
948 5228 1151 5300 jugum
1184 5229 1331 5285 colla
1362 5233 1553 5288 cordis
1584 5234 1908 5304 attriverat,
1933 5239 2038 5296 sub

379 5415 740 5511 stayiemet"
756 5423 927 5481 Corb.
944 5430 1137 5483 Germ.
1153 5432 1209 5484 et
1226 5428 2037 5511 alii,vetustiores,pignerum,

334 5487 791 5565 hic_et_semper.

404 5560 479 5645 (b)
511 5560 754 5645 Turon.,
785 5576 1006 5645 repente
1049 5574 1217 5645 vitam
1251 5573 1519 5645 deserens,
1560 5586 1828 5635 arternam
1878 5581 2035 5638 inve-

331 5634 474 5716 niat,
507 5649 646 5716 quae,
671 5641 793 5716 .etc.
835 5634 1097 5716 Goccius,
1141 5642 1340 5701 invitis
1382 5634 1517 5704 Mss:
1552 5654 1607 5705 et
1649 5634 2036 5711 anterioribus

331 5703 479 5757 Edit.
514 5704 758 5773 addidit,
789 5707 937 5761 mala
963 5703 1329 5779 post’ztcrna.

2143 4609 2218 4678 2).
2269 4608 2413 4673 Quia
2460 4605 2617 4663 enim
2651 4605 2719 4660 ad
2754 4601 3092 4674 rapiendam
3138 4600 3398 4655 animam
3448 4598 3859 4670 propinquans

2150 4697 2389 4753 minime
2421 4695 2797 4766 conspicitur,
2834 4692 2945 4748 furi
2972 4690 3029 4746 in
3056 4694 3225 4747 nocte
3243 4692 3634 4761 comparatur.
3662 4688 3857 4744 Tanto

2149 4789 2323 4860 igitur
2356 4787 2522 4842 debet
2573 4783 2738 4857 quasi
2770 4797 3003 4854 semper
3052 4779 3292 4836 veniens
3334 4778 3534 4844 metui,
3569 4782 3793 4850 quanto
3823 4796 3860 4833 a

2149 4877 2319 4933 nobis
2351 4893 2464 4932 non
2496 4876 2568 4946 (ε)
2600 4873 2750 4929 valet
2779 4877 3023 4928 ventura
3057 4868 3335 4942 presciri.
3389 4867 3551 4923 Unde
3582 4871 3639 4922 et
3668 4867 3858 4923 sancti

2149 4966 2277 5031 viri,
2329 4965 2466 5037 quia
2517 4964 2850 5018 brevitatem
2898 4960 3023 5017 vitae
3086 4957 3485 5013 indesinenter
3532 4956 3858 5026 accipiunt,

2149 5057 2317 5127 quasi
2363 5053 2621 5127 quotidie
2670 5051 2980 5106 morientes
3028 5048 3269 5115 vivunt;
3312 5051 3474 5102 tanto
3510 5062 3571 5101 se
3604 5045 3684 5118 (ά)
3715 5044 3860 5101 soli-

2150 5146 2281 5201 dius
2316 5144 2599 5199 mansuris
2633 5143 2977 5213 praeparant,
3013 5141 3230 5209 quanto
3260 5140 3316 5192 et
3347 5135 3510 5191 nulla
3539 5150 3669 5191 esse
3698 5140 3865 5191 tran-

2147 5236 2347 5293 sitoria
2372 5251 2604 5307 semper
2626 5250 2694 5288 ex
2724 5232 2837 5288 ﬁne
2870 5235 3126 5302 pensant.
3159 5227 3303 5283 Hinc
3344 5225 3559 5298 quippe
3605 5225 3860 5283 Psalmi-

2216 5436 2284 5508 (c)
2316 5435 2578 5499 Floriac.,
2630 5434 2837 5489 Turon.
2872 5434 2927 5488 et
2954 5424 3352 5508 2_Compend.,
3375 5432 3578 5508 quanto
3632 5442 3667 5481 a
3696 5426 3860 5481 nobis

2144 5499 2276 5565 non
2303 5510 2441 5562 valet
2487 5512 2749 5561 venturus
2806 5499 3237 5575 praesciri.Alii,
3282 5513 3392 5553 non
3436 5500 3579 5575 valet
3621 5507 3858 5554 ventura

2141 5581 2412 5655 praesciri.
2446 5577 2656 5655 Aliqui,
2688 5571 2968 5655 non'valet
2996 5578 3231 5655 ventura
3272 5571 3554 5655 praescire.

2213 5651 2287 5723 (ά)
2335 5640 2793 5709 Vindocinenses
2824 5652 2881 5704 et
2929 5644 3096 5701 Corb.
3151 5642 3373 5711 Germ.,
3404 5648 3456 5697 et
3485 5645 3634 5697 tanta
3664 5656 3723 5696 se
3744 5640 3856 5698 sot-

2140 5726 2360 5782 licitius.
