4108 6184
256 227 372 288 793

1126 234 1545 298 ΜΟΗΑΙᾸΗΜ
1596 239 1739 299 LIB.
1788 241 1919 301 VII.
1969 274 2044 286 ——
2088 244 2164 303 IN
2208 245 2467 306 CAPUT
2508 248 2583 309 VI
2633 250 2700 309 Β.
2749 250 2914 310 JOB.

3663 256 3779 317 ’794

251 368 363 431 sta,
398 364 576 420 veloci
609 382 778 422 cursu
825 369 1022 439 fugere
1056 369 1232 427 vitam
1280 374 1601 443 peccatoris
1647 376 1959 446 aspiciens,
1990 378 2042 447 Α
2076 378 2185 435 rita
2216 384 2551 453 obscurant,
2576 385 2677 439 sed
2701 388 2837 441 tunc
2867 385 3121 458 cognitio
3148 389 3343 443 reatus
3366 386 3679 457 illuminat,
3718 393 3783 445 ut

252 453 336 508 ait
370 470 383 509 :
418 458 699 511 Pusillum
730 458 924 525 adhuc,
958 466 1008 514 et
1039 476 1145 516 non
1178 464 1282 518 erit
1300 475 1553 534 peccator
1574 466 1741 536 (Psat.
1772 485 1956 532 xxxvx,

256 544 369 617 10).
420 546 563 602 Hinc
614 550 824 604 iterum
876 550 1051 605 dicit:
1087 554 1249 609 Homo
1282 556 1420 610 sicut
1447 558 1638 626 fenum
1681 559 1795 613 dies
1842 560 1961 628 ejus

253 640 421 711 (Psal.
471 654 564 701 cu,
616 637 722 708 I5).
777 638 921 694 Hinc
974 639 1151 696 Isaias
1181 642 1304 696 ait:
1339 644 1529 699 Omnis
1574 662 1701 701 caro
1743 649 1957 716 fenum,

248 738 303 784 et
336 729 513 799 gloria
536 727 653 795 eius
686 728 760 797 (a)
794 728 933 782 sicut
960 729 1056 796 ﬂos
1086 730 1212 801 feni
1235 731 1385 803 (Isai.
1419 751 1506 800 xc,
1535 736 1611 805 6).
1639 736 1780 790 IIinc
1806 752 1962 791 men-

251 827 336 874 tes
369 816 847 889 praesumentium
878 817 1133 874 Jacobus
1166 822 1403 892 corripit
1435 824 1633 879 dicens
1668 842 1680 878 :
1718 826 1844 893 Quae
1884 833 1960 880 est

250 912 373 965 vita
421 908 653 962 vestra?
707 907 880 976 Vapor
926 914 1002 962 est
1044 909 1114 963 ad
1146 911 1428 966 mo-‘ticum
1468 929 1664 983 parens
1706 915 1845 984 (Jac.
1883 931 1955 979 1v,

256 1001 365 1065 15).
417 998 586 1051 Recte
625 1011 761 1067 ergo
808 996 1062 1053 dicitur:
1101 1003 1425 1071 Exspectate
1471 1004 1774 1073 paulisper,
1821 1004 1960 1075 quia

247 1093 307 1143 et
346 1088 705 1142 immensum
741 1088 1000 1157 estquod
1036 1088 1159 1143 sine
1194 1090 1443 1147 termino
1466 1093 1750 1162 sequitur,
1785 1098 1839 1148 et
1865 1111 1961 1165 pa-

247 1194 382 1234 rum
411 1185 495 1232 est
519 1174 805 1246 quidquid
840 1175 1059 1231 ﬁnitur.
1090 1179 1348 1251 Longum
1374 1181 1587 1253 quippe
1612 1182 1776 1239 nobis
1803 1184 1959 1239 234

248 1266 567 1335 videriﬁnon
592 1265 760 1320 debet
780 1266 860 1334 (b)
884 1266 1040 1337 quod
1062 1283 1229 1325 cursu
1257 1270 1347 1326 sui
1378 1275 1658 1343 temporis
1682 1274 1870 1329 tendit
1894 1279 1959 1331 ut

247 1373 367 1413 non
402 1358 494 1422 sit,
530 1353 684 1424 quod
734 1354 873 1409 dum
924 1372 1025 1427 per
1062 1367 1351 1414 momenta
1400 1360 1652 1430 ducitur,
1680 1363 1808 1433 ipsa
1854 1364 1959 1419 hoc

252 1447 550 1501 momenta
575 1459 677 1498 sua
701 1443 771 1513 (ο)
798 1459 921 1514 quas
945 1446 1221 1502 differunt
1245 1448 1549 1518 impellunt
1574 1468 1588 1519 ;
1615 1454 1783 1523 atque
1808 1454 1959 1510 unde

246 1534 437 1591 teneri
468 1532 747 1593 cernitur,
784 1533 917 1589 inde
950 1535 1140 1605 agitur
1170 1554 1237 1593 ne
1264 1542 1548 1594 teneatur.
1584 1541 1734 1596 Bene
1765 1551 1955 1598 autem

248 1627 461 1680 beatus
492 1622 621 1689 Job,
655 1626 963 1694 postquam
989 1624 1328 1683 brevitatem
1363 1629 1664 1699 praesentis
1697 1631 1825 1687 vitae
1859 1633 1959 1687 de-

2069 473 2123 524 et
2156 472 2324 527 modo
2358 474 2653 541 sequenda
2675 492 2787 530 non
2821 477 3073 545 videant,
3108 481 3164 532 et
3195 482 3333 533 tunc
3364 493 3431 533 ea
3453 480 3764 548 postquam

2067 560 2370 616 amiserint
2419 569 2675 618 cernant.
2728 569 2892 619 Nunc
2938 566 3154 638 quippe
3196 570 3409 622 aeterna
3449 566 3777 638 intelligere

2070 648 2394 720 negligunt,
2439 652 2523 706 vel
2564 658 2833 724 appetere
2878 655 3171 712 intellecta
3203 661 3589 713 contemnunt
3623 676 3637 724 ;
3674 658 3774 713 sed

2071 742 2209 791 tunc
2257 754 2323 793 ea
2366 739 2756 813 intelligentes
2806 744 3002 813 procul
3048 745 3224 800 dubio
3267 746 3782 818 desiderantesque

2067 831 2455 901 conspiciunt,
2518 848 2648 887 cum
2716 835 3042 890 desiderata
3109 837 3343 908 assequi
3403 853 3773 910 nequaquam

2074 925 2342 987 possunt.

2140 1009 2276 1077 [Vet.
2315 1012 2464 1082 .\'XI.]
2510 1013 2596 1066 48.
2641 1013 2819 1068 Amici
2851 1014 2945 1070 Job
2988 1032 3060 1070 ex
3108 1016 3221 1086 ejus
3261 1016 3322 1070 in
3365 1017 3533 1071 Deum
3580 1017 3781 1087 ﬁducia

2064 1099 2271 1169 pudore
2299 1102 2515 1172 suﬂusi.
2548 1134 2604 1141 —
2646 1104 2779 1168 Quae
2813 1104 2984 1159 etiam
3023 1104 3169 1159 beati
3213 1104 3322 1160 Job
3354 1106 3531 1161 verba
3574 1106 3777 1160 amicis

2068 1190 2195 1259 ejus
2218 1190 2543 1260 specialiter
2564 1197 2914 1265 congruunt,
2940 1195 3039 1266 qui
3071 1195 3233 1250 duris
3265 1195 3774 1266 objurgationibus

2068 1279 2251 1334 sancti
2310 1281 2414 1335 viri
2479 1284 2741 1338 animum
2823 1284 3168 1341 labefactare
3236 1286 3612 1342 conabantur.
3681 1285 3776 1340 Ait

2068 1370 2221 1425 enim
2260 1387 2271 1425 :
2308 1367 2534 1443 Confusi
2580 1379 2729 1441 sunt,
2775 1378 2903 1445 quia
2966 1376 3199 1446 speravi.
3256 1378 3327 1431 Ac
3359 1375 3408 1431 si
3451 1378 3647 1446 aperte
3687 1375 3781 1430 di-

2068 1468 2217 1515 ceret
2252 1478 2262 1514 :
2298 1460 2447 1516 Dum
2494 1478 2582 1517 me
2623 1463 2818 1518 stultis
2863 1465 3359 1537 increpationibus
3394 1466 3465 1520 ad
3500 1465 3772 1536 despera-

2067 1549 2282 1605 tionem
2316 1551 2540 1607 ﬂectere
2586 1559 2899 1623 nequeunt,
2934 1554 3041 1625 ipsi
3076 1554 3419 1610 temeritatis
3460 1571 3579 1610 sua:
3611 1554 3774 1610 insa-

2067 1639 2164 1695 nia
2196 1642 2654 1699 confunduntur.
2705 1645 2973 1699 Venerunt
3022 1660 3234 1716 quoque
3270 1661 3434 1716 usque
3479 1644 3548 1698 ad
3589 1660 3694 1711 me,
3727 1652 3777 1699 et

248 1714 509 1786 spiciens
538 1710 755 1780 intulit,
790 1718 988 1767 contra
1020 1714 1254 1785 iniquos
1287 1717 1550 1787 protinus
1580 1719 1638 1775 in
1665 1736 1802 1777 voce
1834 1738 1956 1777 om-
1992 1743 2038 1809 Β
2065 1730 2272 1801 pudore
2309 1733 2547 1799 cooperti
2592 1737 2739 1788 sunt.
2776 1735 2853 1789 Ac
2880 1733 2929 1788 si
2961 1710 3115 1788 dicat
3142 1710 3161 1786 ἐ
3197 1710 3463 1791 Videntes
3509 1731 3770 1802 corporis

249 1806 418 1861 nium
451 1800 765 1857 electorum
801 1802 1006 1874 surgit,
1047 1805 1410 1877 adjungens:

884 1920 1112 1976 CAPUT
1148 1923 1338 1979 XXXI.

323 2026 500 2084 Vens.
530 2029 619 2082 20.
651 2058 715 2067 —
750 2028 976 2097 Con/usi
997 2040 1141 2097 sunt,
1175 2034 1306 2102 quia
1336 2035 1574 2104 speravi.

324 2114 411 2169 46.
439 2115 706 2185 Reprobos
753 2116 959 2186 pudore
1007 2119 1182 2187 a/ﬁcit
1223 2121 1487 2176 bonorum
1529 2127 1857 2178 constantia.
1895 2154 1959 2164 —

249 2205 399 2259 Cum
434 2206 601 2260 bonis
635 2207 787 2262 mala
820 2210 1048 2279 reprobi
1091 2210 1388 2282 ingerunt,
1424 2213 1469 2268 si
1501 2213 1607 2269 hos
1640 2232 1670 2269 a
1702 2231 1804 2284 spe
1831 2216 1961 2269 inti-

250 2312 351 2349 ma
380 2296 713 2352 labefactari
747 2298 1137 2369 conspiciunt,
1167 2302 1370 2355 eti‘ectu
1423 2303 1781 2374 deceptionis
1814 2304 1961 2359 hila-

250 2388 507 2438 rescunt.
545 2385 795 2439 Lucrum
832 2402 1079 2456 namque
1113 2389 1454 2456 maximum,
1480 2393 1691 2446 erroris
1716 2392 1805 2447 sui
1833 2409 1959 2461 pro-

250 2474 618 2543 pagationem
644 2474 949 2545 deputant,
979 2476 1117 2545 quia
1144 2477 1350 2532 habere
1380 2495 1441 2532 se
1474 2480 1543 2533 ad
1578 2481 1961 2550 perditionem

252 2563 446 2617 socios
486 2563 799 2619 exsultant.
852 2566 995 2620 Cum
1053 2584 1185 2622 vero
1216 2567 1496 2623 bonorum
1532 2585 1665 2640 spes
1716 2571 1963 2627 interius

253 2652 478 2722 figitur,
511 2658 568 2708 et
597 2671 965 2725 nequaquam
1004 2657 1173 2711 malis
1213 2660 1596 2714 exterioribus
1626 2662 1695 2715 ad
1728 2662 1845 2718 ima
1876 2679 1963 2718 re-

258 2741 537 2807 clinatur,
571 2760 873 2814 pravorum
926 2755 1177 2801 mentem
1228 2749 1492 2803 confusio
1534 2756 1799 2822 occupat,
1833 2753 1966 2822 quia

252 2830 402 2885 dum
448 2835 742 2901 pervenire
791 2835 861 2889 ad
902 2835 1248 2892 afﬂictarum
1281 2839 1489 2893 intima
1520 2847 1840 2911 nequeunt,
1872 2842 1964 2896 in-

255 2939 489 2978 cassum
541 2942 603 2979 se
651 2926 895 2982 existere
960 2929 1222 2984 crudeles
1290 2932 1660 2987 erubescunt.
1722 2938 1969 2989 Sanctus

256 3013 441 3084 igitur
469 3014 556 3069 vir
586 3016 743 3071 dicat
773 3033 840 3072 ex
870 3034 1006 3073 voce
1036 3035 1163 3087 sua,
1197 3020 1352 3076 dicat
1382 3037 1446 3076 ex
1491 3023 1833 3081 universalis
1866 3026 1969 3081 Ec-

258 3102 451 3158 clesia:
499 3104 721 3159 afﬂictae
769 3109 1171 3180 gementisque
1219 3112 1566 3179 constantia,
1638 3130 1765 3186 qum
1820 3115 1969 3171 inter
2000 3116 2048 3182 C

258 3192 506 3248 adversa
537 3195 913 3263 reproborum
956 3213 1222 3268 supernae
1254 3201 1647 3258 retributionis
1688 3206 1967 3275 gaudium

257 3282 388 3339 sine
438 3284 557 3339 ullo
606 3287 822 3341 mentis
872 3287 1097 3343 defectu
1148 3290 1456 3357 desiderat,
1493 3301 1660 3364 atque
1690 3296 1758 3350 ad
1790 3297 1966 3352 vitam

254 3374 561 3429 moriendo
596 3376 868 3443 perdurat
909 3394 921 3431 :
960 3378 1187 3449 Con/usi
1234 3390 1381 3447 sunt,
1431 3385 1568 3453 quia
1609 3389 1840 3455 speravi.
1891 3389 1969 3442 Ac

254 3462 310 3517 si
339 3468 535 3534 aperte
566 3465 758 3520 dicat:
793 3466 938 3529 Quia
985 3468 1148 3525 duris
1198 3472 1699 3541 persecutionibus
1741 3477 1968 3547 reprobi

252 3552 379 3607 vim
415 3555 528 3609 mei
557 3554 755 3623 rigoris
788 3571 902 3613 non
944 3558 1272 3627 emolliunt,
1305 3561 1713 3619 erubescentes
1766 3567 1967 3635 procul

251 3643 438 3699 dubio
489 3644 745 3700 laborem
794 3664 915 3702 suae
964 3649 1327 3705 crudelitatis
1384 3653 1655 3721 perdunt.
1710 3655 1867 3711 Unde
1912 3662 1969 3711 et

257 3747 397 3786 mox
424 3737 689 3789 venturis
719 3735 1121 3792 retributionis
1155 3737 1303 3792 bona
1325 3739 1492 3809 quasi
1519 3741 1634 3809 iam
1659 3743 1967 3812 praesentia

251 3821 568 3891 conspicit,
610 3827 667 3877 et
696 3824 796 3894 qui
829 3830 1024 3880 reatus
1066 3826 1124 3880 in
1161 3826 1384 3897 judicio
1415 3829 1497 3898 (ά)
1530 3832 1805 3901 reprobos
1839 3850 1966 3887 ma—

253 3914 394 3965 neat
424 3913 692 3982 attendit,
736 3914 993 3971 subdens
1026 3932 1039 3971 :

858 4031 1090 4087 CAPUT
1130 4033 1355 4089 XXXII.

329 4136 474 4194 IBID.
507 4168 576 4179 —
611 4138 877 4195 Venerunt
920 4157 1130 4213 quoque
1180 4159 1343 4215 usque
1400 4144 1468 4201 ait
1513 4162 1617 4216 me,
1664 4153 1715 4204 et
1760 4148 1966 4221 pudore

249 4230 490 4298 cooperti
519 4234 667 4283 sunt.

327 4318 415 4371 47.
448 4318 822 4390 Beproborum
873 4324 1171 4394 trepidatio
1202 4326 1261 4378 in
1290 4325 1525 4393 judicio.
1560 4359 1626 4369 -
1658 4329 1854 4402 Usque
1894 4332 1962 4387 ad

253 4416 520 4463 sanctam
554 4409 770 4481 quippe
811 4409 1131 4468 Ecclesium
1182 4412 1242 4468 in
1293 4413 1447 4470 diem
1493 4418 1697 4487 judicii
1731 4419 1963 4491 reprobi

2071 1819 2327 1885 vulnera,
2361 1823 2427 1890 (e)
2464 1821 2562 1875 sed
2592 1822 2801 1877 mentis
2834 1821 3221 1878 constantiam
3253 1821 3600 1885 nescientes,
3634 1819 3775 1874 dum

2073 1925 2164 1963 me
2196 1910 2261 1963 de
2293 1909 2584 1979 injustitia
2627 1910 2926 1981 increpare
2969 1910 3097 1967 ausi
3140 1914 3301 1977 sunt,
3355 1924 3537 1981 usque
3578 1908 3652 1965 ad
3687 1923 3777 1963 me

2073 2001 2317 2053 necdum
2370 2002 2688 2067 venerunt;
2731 2001 2829 2056 sed
2884 2002 3029 2056 dura
3088 2017 3181 2056 me
3238 1999 3563 2056 invectione
3623 1999 3771 2055 235

2072 2087 2393 2160 pulsantes,
2429 2090 2563 2144 dum
2600 2098 2751 2145 stare
2805 2090 3066 2146 animum
3121 2092 3267 2146 inter
3297 2089 3537 2145 adversa
3568 2089 3778 2160 depre-

2072 2181 2222 2235 hend
2237 2185 2357 2247 unt,
2387 2181 2548 2251 quasi
2576 2182 2645 2235 ad
2674 2197 2765 2237 me
2792 2180 3082 2236 venientes
3105 2183 3475 2236 erubescunt.
3511 2180 3589 2235 Eo
3621 2179 3777 2234 enim

2071 2271 2141 2324 ad
2164 2284 2253 2323 me
2275 2270 2520 2325 veniunt
2551 2286 2665 2341 quo
2689 2286 2781 2325 me
2802 2271 2861 2325 in
2894 2270 3122 2325 intimis
3145 2272 3542 2341 cognoscunt;
3579 2268 3775 2338 ibique

2073 2377 2170 2417 eos
2203 2361 2391 2432 pudor
2421 2362 2697 2432 cooperit,
2730 2362 2829 2417 ubi
2864 2379 2955 2418 me
2988 2365 3245 2418 stantem
3278 2361 3502 2417 fortiter
3530 2358 3778 2415 exterior

2066 2448 2297 2518 jactura
2337 2465 2451 2503 non
2505 2448 2710 2519 tangit.
2760 2448 2909 2504 Sunt
2956 2465 3088 2505 vero
3131 2448 3395 2504 nonnulli
3440 2448 3538 2519 qui
3571 2447 3778 2502 timere

2074 2540 2254 2595 Deum
2306 2540 2591 2605 nesciunt,
2645 2539 2756 2594 nisi
2806 2555 2941 2595 cum
2971 2538 3063 2594 vel
3094 2540 3149 2593 in
3183 2555 3241 2594 se
3291 2542 3547 2610 experta,
3598 2535 3685 2592 vel
3718 2535 3778 2590 in

2076 2628 2204 2685 aliis
2236 2631 2467 2703 cognita
2498 2630 2841 2685 adversitate
2873 2633 3179 2699 terrentur,
3205 2645 3348 2699 quos
3384 2643 3657 2698 prospera
3681 2642 3781 2697 per

2076 2720 2378 2776 audaciam
2426 2720 2674 2785 elevant,
2722 2720 3012 2776 contraria
3061 2736 3164 2791 per
3213 2718 3616 2775 infirmitatem
3657 2720 3786 2770 tur-

2077 2810 2236 2864 bant.
2275 2812 2355 2864 Ex
2383 2825 2628 2881 quorum
2674 2809 2896 2866 scilicet
2942 2826 3184 2866 numero
3228 2809 3451 2864 amicos
3482 2823 3622 2864 suos
3654 2822 3783 2863 esse

2078 2900 2278 2954 beatus
2310 2900 2413 2955 Job
2445 2900 2762 2971 redarguit,
2798 2916 2931 2955 cum
2976 2898 3243 2970 protinus
3283 2897 3499 2966 subdit,
3532 2896 3732 2954 dicens
3767 2911 3781 2952 :

2682 2989 2917 3045 CAPUT
2949 2990 3193 3045 XXXIII.

2151 3078 2317 3135 Vane.
2366 3080 2454 3134 2t.
2490 3112 2558 3121 --
2604 3080 2760 3135 Nunc
2805 3081 3045 3150 venistis,
3077 3083 3126 3135 et
3163 3078 3319 3136 modo
3371 3078 3613 3134 videntes
3654 3076 3787 3147 pla-

2078 3185 2203 3240 gam
2236 3186 2413 3225 meam
2442 3170 2666 3225 timetis.
3770 3253 3783 3265 ο

2165 3260 2232 3314 49
2281 3262 2417 3315 Deus
2464 3263 2631 3317 etiam
2678 3266 2736 3316 in
2785 3262 3059 3332 prosperis
3104 3259 3444 3317 metuendus.
3494 3288 3562 3298 -
3608 3258 3683 3312 Ac
3734 3258 3788 3309 si

2080 3359 2274 3421 aperte
2322 3351 2516 3407 dicat:
2579 3354 2694 3423 Ego
2741 3355 2882 3407 tunc
2934 3350 3114 3406 Deum
3158 3349 3345 3415 timui,
3400 3363 3556 3416 cum,
3606 3344 3788 3400 fultus

2080 3442 2390 3512 prosperis,
2443 3439 2799 3511 flagellorum
2850 3440 3201 3496 detrimenta
3260 3455 3376 3494 non
3436 3436 3617 3493 sensi.
3666 3433 3785 3488 Vos

2076 3534 2274 3585 autem
2312 3530 2413 3599 qui
2444 3546 2515 3584 ex
2557 3546 2756 3585 amore
2802 3532 2983 3584 Deum
3033 3546 3147 3585 non
3196 3528 3515 3594 metuistis,
3562 3541 3631 3580 ex
3661 3523 3786 3579 sola

2077 3634 2210 3673 eum
2253 3618 2503 3674 verberis
2536 3618 2907 3690 percussione
2940 3617 3282 3674 formidatis.
3318 3615 3590 3686 Sequitur
3621 3631 3636 3669 :

2132 3752 2133 3755 η
2678 3706 2908 3762 CAPUT
2934 3707 3188 3761 XXXIV.

2149 3796 2319 3851 Vens.
2352 3797 2443 3867 22,
2481 3796 2571 3850 23.
2605 3826 2671 3836 —
2703 3794 2962 3867 Nunquid
2996 3795 3119 3851 dixi
3148 3812 3166 3849 .'
3213 3796 3413 3865 Aﬂerte
3439 3794 3602 3862 mihi,
3630 3798 3681 3848 et
3719 3790 3785 3847 de

2074 3886 2381 3941 substantia
2438 3895 2613 3942 vestra
2656 3887 2857 3941 donate
2899 3884 3227 3941 mihimet:
3283 3885 3527 3939 Liberate
3586 3899 3671 3938 me
3719 3881 3785 3936 de

2074 3992 2245 4031 manu
2276 3976 2460 4046 hostis,
2490 3978 2539 4032 et
2570 3976 2635 4032 de
2666 3992 2833 4031 manu
2862 3976 3210 4031 robustorum
3234 3974 3409 4029 eruite
3440 3974 3570 4026 me?

2142 4066 2233 4122 50.
2265 4066 2507 4121 Ecclesia
2553 4066 2620 4121 ab
2651 4066 2721 4121 iis
2765 4066 2862 4136 qui
2902 4081 3075 4136 prava
3113 4066 3180 4119 de
3211 4061 3313 4131 ﬁde
3356 4062 3631 4125 asserunt,
3659 4075 3779 4129 quw

2073 4156 2138 4211 de
2159 4156 2405 4211 moribus
2439 4172 2563 4212 vera
2586 4155 2795 4225 docent,
2828 4155 3025 4210 audire
3055 4170 3162 4210 non
3201 4153 3341 4209 vult.
3390 4150 3633 4221 Μαὶὶρηί
3662 4150 3777 4219 spi-

2075 4247 2216 4302 ritus
2245 4247 2445 4317 absque
2481 4248 2666 4302 carnis
2714 4244 3043 4315 inﬁrmitate
3085 4252 3213 4299 sunt
3245 4240 3479 4299 conditi.
3514 4270 3583 4280 ——
3615 4238 3674 4294 Si
3708 4238 3779 4293 ad

2075 4352 2386 4408 personam
2448 4342 2663 4391 sanctas
2713 4334 2981 4390 Ecclesiae
3030 4335 3150 4389 haec
3198 4332 3372 4389 verba
3432 4328 3781 4396 referuntur,

2077 4425 2217 4496 quia
2247 4424 2464 4480 amicos
2508 4423 2660 4480 beati
2688 4423 2798 4479 Job
2845 4423 3249 4480 haereticorum
3299 4425 3497 4477 tenere
3528 4417 3783 4491 speciem

249 4497 525 4564 veniunt,
576 4498 712 4568 quia
763 4515 949 4570 usque
996 4502 1065 4556 ad
1127 4503 1252 4573 ejus
1313 4509 1450 4559 tunc
1500 4509 1969 4579 conspiciendam
1998 4495 2045 4559 D
2079 4495 2354 4579 diximus,
2393 4518 2545 4571 recte
2576 4530 2638 4570 se
2669 4513 2879 4569 asserit
2907 4530 3111 4571 eorum
3141 4510 3471 4569 substantia
3502 4526 3617 4565 non
3641 4507 3785 4563 indi-

247 4586 500 4657 gloriam
535 4590 949 4659 perducuntur,
986 4595 1048 4645 ut
1098 4593 1164 4647 ad
1211 4592 1433 4663 majora
1468 4600 1661 4653 reatus
1709 4598 1797 4654 sui
1828 4615 1970 4672 sup-

251 4676 432 4747 plicia
464 4677 681 4748 repulsi
730 4678 966 4736 videant
1017 4682 1169 4753 quod
1212 4682 1609 4753 perdiderunt.
1644 4688 1806 4745 Tunc
1836 4707 1968 4746 vero

254 4766 497 4837 iniquos
530 4768 713 4838 pudor
746 4771 1022 4839 cooperit,
1057 4787 1190 4825 cum
1223 4787 1318 4826 eos
1342 4773 1397 4828 in
1424 4780 1971 4850 conspectujudicis

251 4856 424 4911 testis
457 4858 815 4914 conscientia
865 4860 1100 4916 addicit.
1136 4860 1297 4916 Tunc
1337 4864 1520 4932 judex
1568 4870 1819 4926 exterius
1852 4888 1973 4926 cer-

255 4946 438 5013 nitur,
478 4947 573 5001 sed
608 4954 903 5005 accusator
941 4951 1185 5010 interius
1234 4953 1531 5011 toleratur.
1567 4958 1729 5014 Tunc
1778 4960 1972 5016 omnis

257 5040 392 5091 ante
425 5035 621 5091 oculos
654 5038 831 5109 culpa
862 5041 1182 5113 reducitur,
1216 5051 1272 5102 et
1306 5063 1465 5103 mens
1491 5063 1663 5117 super
1693 5047 1970 5118 gehennae

258 5124 530 5181 incendia
562 5143 667 5183 suo
707 5128 941 5197 gravius
972 5130 1105 5203 igne
1137 5136 1452 5193 cruciatur.
1478 5137 1556 5192 De
1580 5136 1794 5208 quibus
1821 5144 1971 5197 recte

258 5231 363 5287 per
413 5217 761 5287 Prophetam
816 5220 1069 5279 dicitur:
1120 5226 1367 5291 Domine,
1438 5228 1719 5285 excitetur
1775 5246 1972 5288 manus

263 5312 380 5371 tua,
432 5311 491 5362 ut
533 5324 640 5365 non
682 5309 925 5377 videant,
992 5314 1211 5372 videant
1258 5322 1309 5373 et
1364 5319 1776 5389 confundantur
1822 5323 1969 5391 (Isai.

262 5412 418 5464 xxvi,
454 5398 562 5468 11.)
585 5399 947 5458 Intellectum
980 5405 1196 5478 quippe
1250 5409 1629 5479 reproborum
1664 5428 1818 5467 nunc
1860 5427 1973 5467 me-

446 5504 718 5592 Mendose
745 5509 891 5592 9.00..
912 5515 967 5566 et
998 5528 1143 5592 seq.,
1180 5518 1324 5592 sicut
1350 5518 1449 5587 ﬂos
1480 5521 1627 5592 agri.

338 5575 414 5663 (b)
448 5576 644 5662 Turon
677 5620 691 5663 ,
744 5580 1009 5663 Floriac.,
1043 5575 1306 5663 bbngip.,
1340 5575 1471 5657 etc.,
1512 5575 1666 5663 quod
1708 5607 1873 5647 cursu
1903 5590 1974 5646 ad

271 5662 520 5722 occasum
550 5653 637 5704 sui
669 5656 926 5722 temporis
959 5656 1130 5711 tendit
1162 5653 1361 5715 etnon
1389 5653 1481 5716 sit.

347 5721 414 5793 (ο)
448 5720 663 5794 Germ.,
693 5724 727 5779 2
758 5720 1098 5799 Compend.,
1148 5730 1360 5798 Turon,
1410 5741 1463 5789 et
1513 5732 1802 5803 nonnulli,
1852 5749 1973 5804 quae

2079 4618 2232 4675 gere.
2267 4603 2683 4659 Haereticorum
2743 4604 2956 4675 quippe
3012 4601 3346 4659 substantia
3394 4599 3643 4655 carnalis
3684 4614 3781 4652 sa-

2081 4693 2303 4763 pientia
2333 4709 2446 4749 non
2478 4693 2949 4750 inconvenienter
2979 4693 3285 4764 accipitur,
3331 4707 3448 4762 qua
3478 4688 3619 4743 dum
3652 4702 3781 4757 per-

2080 4799 2243 4840 verse
2292 4783 2637 4852 fulciuntur,
2688 4785 2857 4856 quasi
2900 4785 2960 4841 in
3013 4784 3206 4841 verbis
3252 4798 3315 4839 se
3347 4780 3551 4837 divites
3589 4782 3782 4833 osten-

2081 4875 2268 4943 dunt;
2293 4889 2467 4944 quam
2501 4890 2566 4930 eo
2599 4882 2797 4930 sancta
2821 4873 3070 4930 Ecclesia
3095 4890 3211 4929 non
3235 4868 3461 4942 quaerit,
3487 4883 3601 4937 quo
3634 4866 3781 4920 hanc

2081 4963 2330 5035 spiritali
2374 4964 2673 5020 intellectu
2721 4964 3093 5020 transcendit.
3138 4963 3295 5031 Stepe
3334 4973 3466 5013 vero
3507 4953 3785 5023 haeretici,

2081 5070 2215 5111 cum
2249 5070 2517 5129 perversa
2547 5056 2616 5111 de
2648 5055 2761 5109 fide
2796 5055 3086 5117 asserunt,
3135 5046 3419 5105 nonnulla
3450 5047 3651 5099 contra
3682 5059 3787 5098 an-

2081 5146 2311 5218 tiquum
2353 5146 2579 5201 hostem
2624 5142 2857 5200 subtilia
2900 5144 2969 5197 de
3010 5140 3201 5197 carnis
3242 5134 3665 5236 tentationibus
3697 5134 3783 5189 lo-

2083 5244 2355 5307 quuntur.
2409 5234 2555 5290 Nam
2602 5247 3022 5302 nonnunquam
3074 5245 3139 5285 eo
3193 5228 3252 5283 in
3302 5242 3364 5282 se
3423 5228 3589 5296 quasi
3638 5239 3784 5278 sana

2083 5324 2345 5380 membra
2374 5321 2727 5393 Operationis
2760 5319 3098 5383 ostendunt,
3124 5332 3238 5387 quo
3268 5314 3327 5370 in
3357 5314 3470 5370 fide
3499 5311 3787 5369 vulnerati

2083 5412 2369 5484 serpentis
2404 5428 2592 5467 morsu
2626 5412 2684 5465 in
2726 5410 2912 5478 capite
2944 5412 3236 5464 tenentur.
3279 5406 3391 5462 Sed
3437 5409 3640 5463 sancta
3679 5405 3786 5461 Ec-

2082 5519 2353 5575 deserunt.
2390 5518 2634 5583 Gemet.,
2670 5532 2796 5587 quae
2828 5515 3102 5571 deserunt.

2153 5590 2225 5659 (ά)
2260 5589 2535 5645 Norman.
2569 5594 2625 5643 et
2650 5587 2819 5643 Corb.
2854 5588 3070 5655 Germ.,
3093 5587 3339 5659 reprobi:
3366 5588 3606 5642 maneat.

2155 5658 2223 5730 (θ)
2252 5660 2450 5718 Norm.
2491 5668 2543 5717 et
2582 5662 2821 5726 Turon.,
2864 5660 2958 5717 sed
3002 5658 3209 5717 mentis
3253 5658 3642 5717 conscientiam
3686 5671 3787 5712 ne-

2082 5732 2336 5791 scientes.
