4108 6184
416 268 530 325 795

1669 265 1950 328 SANCTI
1997 263 2363 326 GREGORH
2412 263 2663 323 MAGNI
3770 268 3865 325 796

417 402 593 457 clesia
639 402 839 457 audire
888 403 960 458 ab
1009 403 1100 458 his
1150 403 1390 459 subtilia
1418 406 1487 460 de
1526 404 1947 460 tentationibus
1999 420 2109 459 non
2148 407 2195 471 Α
2226 404 2283 457 in
2313 403 2607 474 arguendis
2632 403 2987 473 potestatibus
3008 404 3254 462 libertas.
3284 437 3350 446 —
3399 405 3556 461 Libet
3593 405 3723 460 inter
3774 407 3867 461 haec

420 490 567 557 vult,
600 490 702 562 qui
748 493 888 547 dum
922 509 1051 549 vera
1082 492 1347 564 quaedam
1381 495 1450 548 de
1480 494 1915 550 conversatione
1959 509 2119 548 asse-

422 586 579 651 runt,
614 581 684 636 ad
717 580 858 636 falsa
892 583 1142 654 perfidia
1194 584 1534 654 perducunt.
1582 584 1739 639 Unde
1783 587 1933 640 recte
1966 599 2120 639 nunc

417 669 630 725 dicitur
666 686 677 724 :
713 671 967 743 Nunquid
1005 672 1127 727 dixi
1155 688 1173 726 :
1214 674 1416 744 A/ferte
1444 674 1607 741 mihi,
1639 679 1689 729 et
1718 673 1784 729 de
1812 674 2123 729 substantia

418 768 600 816 vestra
638 760 831 816 donate
867 763 1006 816 mihi
1028 763 1055 817 ἲ
1084 763 1164 817 vel
1195 781 1213 817 :
1236 763 1483 819 Liberale
1513 780 1597 820 me
1618 764 1681 818 de
1720 780 1894 819 manu
1926 762 2120 831 hostis,

417 855 471 905 et
508 851 572 907 de
602 867 774 906 manu
821 852 1170 907 robustorum
1218 856 1396 909 eruite
1445 855 1581 909 me?
1622 856 1854 910 Manum
1907 854 2123 925 quippe

424 941 608 997 hostis
666 942 893 998 Satanze
952 944 1353 1000 fortitudinem
1407 950 1589 1011 vocat,
1656 960 1892 1000 manum
1943 944 2126 998 robu—

424 1034 645 1085 storum
680 1032 827 1086 vires
873 1033 1266 1104 malignorum
1308 1035 1617 1105 spirituum
1656 1034 1926 1107 appellat.
1973 1033 2124 1096 Quos

421 1120 637 1176 idcirco
682 1123 955 1179 robustos
988 1131 1291 1191 memorat,
1326 1124 1462 1195 quia
1501 1126 1642 1179 dum
1685 1125 1904 1194 absque
1937 1124 2126 1179 carnis

424 1209 765 1267 infirmitate
786 1216 921 1269 sunt
944 1214 1185 1281 conditi,
1216 1214 1403 1285 pravis
1426 1215 1942 1271 eorumadnisibus
1968 1214 2127 1270 imbe-

425 1296 638 1354 cillitas
656 1299 937 1371 adjuncta
959 1318 1073 1358 non
1096 1302 1307 1357 obviat.
1334 1303 1448 1359 Hoc
1473 1320 1604 1360 vero
1632 1304 1780 1375 quod
1806 1302 2078 1359 subditur
2111 1319 2125 1358 :

1033 1392 1263 1448 CAPUT
1293 1394 1505 1450 XXXV.

504 1482 675 1536 Vens.
720 1482 809 1536 24.
845 1511 913 1523 -—-
945 1484 1138 1539 Docete
1186 1499 1291 1553 me,
1342 1492 1393 1540 et
1438 1500 1533 1556 ego
1583 1485 1765 1541 tacebo
1786 1502 1806 1547 ,'
1845 1487 1969 1541 etsi
1999 1485 2131 1557 quid

423 1572 569 1640 forte
602 1573 870 1641 ignoravi,
905 1572 1169 1629 instruite
1195 1590 1294 1631 me.

504 1662 590 1716 51.
645 1661 760 1716 Sub
821 1664 987 1733 cujus
1045 1665 1435 1722 distinctionis
1492 1665 1800 1722 libramine
1859 1667 2132 1737 pendeat,

2230 492 2428 548 oculos
2460 493 2667 547 mentis
2701 492 2982 563 attollere,
3017 494 3164 566 (b)et
3193 493 3400 551 electos
3433 493 3529 549 Dei
3556 494 3777 549 exterius
3794 512 3869 565 op-

2232 598 2461 651 pressos
2501 586 2725 652 quantae
2765 582 3118 639 intrinsecus
3163 585 3283 640 arci
3335 584 3662 656 praesideant
3696 583 3866 638 videre.

2232 672 2448 727 Cuncta
2500 672 2714 743 quippe
2760 688 2888 742 quas
2940 672 3077 730 foris
3126 676 3398 739 eminent,
3451 674 3677 729 occultis
3711 689 3868 729 eorum

2233 760 2527 815 obtutibus
2577 777 2678 831 per
2716 762 3046 833 despectum
3091 764 3307 835 jaceat.
3345 763 3507 830 Nam,
3541 780 3700 834 super
3728 779 3781 817 se
3804 763 3871 817 ia-

2233 852 2410 907 terius
2433 852 2603 923 rapti,
2627 852 2685 908 in
2711 854 2823 909 alto
2846 855 3106 911 animum
3133 855 3318 927 ﬁgunt
3349 876 3362 923 ;
3398 860 3453 911 et
3475 871 3697 926 quaeque
3717 854 3766 909 in
3790 855 3870 908 ὶιιεε

2232 943 2352 997 vita
2392 943 2710 1013 patiuntur,
2746 945 2914 1016 quasi
2946 944 3113 1017 longe
3146 945 3286 1001 infra
3323 944 3565 1002 labentia
3600 952 3751 1015 atque
3779 961 3804 998 a
3828 959 3872 998 se

2234 1031 2422 1087 aliena
2442 1033 2810 1103 conspiciunt
2835 1059 2849 1103 ;
2874 1040 3067 1105 atque,
3093 1042 3151 1089 ut
3177 1036 3252 1089 ita
3288 1034 3549 1103 dixerim,
3574 1036 3698 1089 dum
3727 1039 3877 1088 mente

2235 1127 2393 1177 extra
2423 1140 2648 1178 carnem
2688 1124 2808 1178 ﬁeri
2850 1125 3166 1194 decertant,
3202 1141 3345 1196 pene
3375 1125 3495 1195 ipsa
3520 1141 3639 1195 qua:
3676 1123 3879 1177 tolerant

2235 1210 2525 1283 ignorant.
2562 1215 2624 1267 In
2658 1213 2863 1268 horum
2897 1214 3148 1285 profecto
3179 1214 3363 1269 oculis
3386 1213 3655 1285 quidquid
3698 1217 3877 1283 tempo-

2235 1300 2431 1357 raliter
2460 1302 2675 1357 eminet
2696 1304 2885 1358 altum
2917 1320 3031 1358 non
3073 1305 3179 1359 est.
3231 1301 3398 1369 Nam,
3441 1301 3594 1357 velut
3628 1301 3680 1355 in
3726 1301 3880 1369 magni

2238 1391 2445 1446 vertice
2469 1391 2684 1447 montis
2698 1392 2816 1459 siti,
2841 1392 3140 1463 praesentis
3156 1392 3283 1447 vitae
3296 1392 3370 1462 (c)
3391 1391 3559 1464 plana
3584 1389 3879 1460 despiciunt,

2240 1497 2418 1553 seque
2466 1482 2621 1554 ipsos
2670 1497 2772 1554 per
2818 1482 3134 1552 spiritalem
3184 1481 3583 1537 celsitudinem
3632 1484 3880 1534 transcen-

2242 1572 2463 1641 dentes,
2504 1572 2766 1641 subjecta
2811 1572 3046 1628 sibimet
3094 1571 3253 1627 intus
3282 1570 3501 1637 vident,
3567 1584 3778 1641 quisque
3810 1583 3883 1638 per

2241 1659 2533 1717 carnalem
2552 1660 2796 1733 gloriam
2822 1661 2957 1717 l’oris
2977 1664 3227 1715 tument.
3279 1659 3443 1715 Unde
3459 1664 3515 1715 et
3536 1657 3700 1713 nullis
3728 1661 3883 1711 contra

435 1748 720 1803 incertum
772 1751 1033 1818 videtur;
1077 1758 1275 1811 utrum
1330 1757 1401 1810 ad
1452 1754 1560 1811 hoc
1608 1756 1988 1826 subjunctum
2041 1756 2132 1821 sit,
2168 1783 2213 1849 Β
2243 1751 2541 1807 veritatem
2584 1750 2967 1822 potestatibus
3000 1755 3284 1821 parcunt;
3318 1750 3419 1804 sed
3444 1746 3786 1847 quosattolli
3812 1760 3884 1817 per

435 1841 591 1908 quod
624 1840 900 1898 intulerat
931 1861 943 1899 :
982 1846 1234 1917 Nunquid
1277 1845 1440 1902 dixi?
1470 1863 1541 1901 an
1588 1853 1738 1902 certe
1780 1847 2071 1917 disjuncta
2105 1862 2137 1901 a
2170 1837 2211 1849 “’
2247 1839 2552 1896 elationem
2587 1839 2977 1911 conspiciunt,
3012 1856 3108 1910 per
3132 1839 3379 1912 spiritus
3400 1837 3771 1893 auctoritatem
3798 1850 3884 1905 pre-

435 1930 840 1999 superioribus
871 1934 1160 1989 sententia
1191 1936 1473 2007 promitur
1515 1952 1628 2008 qua
1659 1951 1757 2005 per
1793 1935 2138 2005 increpatio-

436 2032 570 2075 nem
618 2019 839 2076 dicatur
877 2039 888 2076 :
924 2024 1113 2079 Docete
1162 2040 1263 2090 me,
1304 2032 1359 2080 et
1410 2042 1507 2095 ego
1558 2027 1784 2087 tacebo;
1816 2032 1865 2081 et
1910 2027 1961 2080 si
2007 2024 2138 2097 quid

436 2108 584 2172 forte
637 2108 895 2177 ignoravi
949 2113 1213 2169 instruite
1266 2130 1370 2170 me.
1432 2115 1591 2180 Quod
1654 2118 1846 2170 tamen
1907 2114 2139 2185 utrique

438 2195 801 2255 distinctioni
832 2202 1121 2270 convenit,
1153 2203 1291 2272 quia
1321 2204 1392 2259 ab
1423 2204 1756 2260 intellectus
1786 2204 1913 2260 sani
1939 2204 2138 2259 trami-

429 2290 485 2339 te
518 2303 620 2357 per
651 2294 916 2345 neutram
950 2292 1183 2348 recedit.
1233 2293 1341 2349 Sed
1377 2293 1512 2365 quia
1543 2294 1662 2349 haec
1694 2294 1752 2349 in
1795 2298 2135 2349 transcursu

430 2393 528 2447 per
554 2377 894 2451 allegoriam
932 2382 1213 2451 diximus,
1254 2388 1431 2440 restat
1459 2387 1521 2440 ut
1553 2383 1852 2440 moraliter
1883 2383 2136 2441 historia:

424 2467 601 2522 verba
634 2475 1089 2539 perscrutemur.

495 2558 630 2625 [γει.
691 2561 842 2630 XXII,
904 2564 1020 2618 ηδε.
1085 2564 1307 2635 XV.]—
1382 2566 1600 2621 Sensus
1696 2582 1967 2629 mensus,
2044 2565 2134 2619 52.

432 2650 723 2719 Pauperis,
757 2655 1022 2723 Oppressi,
1057 2670 1120 2708 ac
1157 2655 1323 2710 stulti
1360 2664 1582 2727 pr0pter
1630 2657 1799 2711 Deum
1849 2654 2030 2726 qualis
2067 2656 2138 2709 sit

434 2739 674 2794 animus.
710 2771 776 2781 —-
809 2740 1017 2798 Beatus
1047 2744 1158 2798 Job
1190 2761 1384 2800 rerum
1412 2746 1626 2800 damna
1657 2746 1995 2815 pertulerat,
2023 2760 2137 2799 ma-

439 2827 731 2898 lignorum
765 2830 1077 2901 spirituum
1110 2834 1582 2904 percussionibus
1628 2834 1877 2889 traditus
1908 2833 2136 2889 dolores

439 2918 742 2974 vulnerum
776 2920 1098 2990 sentiebat;
1143 2924 1269 2989 sed,
1313 2924 1638 2996 sapientem
1680 2924 1778 2980 Dei
1825 2923 2135 2979 stultitiam

441 3002 706 3075 diligens,
741 3008 976 3064 stultam
1013 3012 1214 3065 mundi
1248 3012 1597 3083 sapientiam
1625 3012 1839 3067 mentis
1861 3012 2136 3083 despectu

439 3093 783 3151 calcaverat.
839 3097 1019 3169 Igitur
1072 3103 1273 3155 contra
1326 3101 1760 3157 mundidivites
1795 3101 1947 3157 238
1996 3116 2137 3170 pau-

445 3199 565 3253 per,
625 3192 825 3241 contra
884 3192 1144 3258 potentes
1203 3205 1541 3261 oppressus,
1603 3198 1803 3247 contra
1852 3190 2144 3260 sapientes

445 3271 657 3330 stultus
689 3275 918 3331 dicitur.
952 3276 1089 3331 Tria
1120 3279 1436 3349 respondit,
1480 3279 1616 3350 quia
1647 3296 1753 3335 nec
1793 3296 2012 3352 pauper
2048 3295 2145 3335 eo-

446 3378 571 3417 rum
606 3365 1024 3434 substantiam,
1059 3382 1163 3422 nec
1196 3383 1513 3440 oppressus
1554 3370 1911 3441 adjutorium
1951 3372 2148 3425 contra

447 3454 737 3521 robustos,
787 3473 892 3513 nec
933 3456 1147 3513 stultus
1187 3458 1514 3516 doctrinam
1557 3461 1854 3534 sapientia
1896 3459 2147 3515 carnalis

446 3544 671 3615 quaerit.
704 3547 953 3604 Sanctus
975 3551 1188 3607 etenim
1219 3552 1325 3619 vir,
1352 3551 1489 3624 quia
1510 3556 1701 3609 mente
1731 3567 1905 3623 super
1942 3554 2149 3606 semet-

446 3633 640 3703 ipsum
688 3638 934 3709 rapitur,
965 3644 1019 3696 et
1050 3658 1271 3714 pauper
1309 3642 1499 3713 inopia
1544 3659 1658 3698 non
1704 3646 2054 3713 angustatur
2094 3645 2151 3697 et

447 3739 765 3794 oppressus
795 3727 940 3781 nihil
987 3731 1223 3801 patitur,
1257 3735 1312 3788 et
1342 3731 1659 3789 volunlarie
1694 3731 1913 3787 stultus
1944 3747 2151 3787 carna-

449 3811 561 3867 lem
584 3814 929 3885 sapientiam
962 3834 1077 3874 non
1111 3820 1377 3877 miratur.
1410 3821 1555 3877 Hine
1582 3824 1671 3877 est
1701 3819 1853 3877 enim
1876 3820 2032 3891 quod
2057 3836 2152 3893 op-

451 3919 684 3975 pressus
727 3905 876 3962 alius
908 3926 1125 3982 pauper
1158 3911 1300 3969 dicit
1332 3928 1344 3967 :
1378 3913 1727 3984 Aporiamur,
1766 3912 1857 3967 sed
1890 3927 1999 3968 non
2030 3912 2150 3969 des-

452 3994 713 4050 tituimur
740 4014 758 4050 .·
788 4003 1200 4069 persecutionen
1231 4006 1493 4071 patimur,
1535 4003 1625 4058 sed
1664 4019 1773 4059 non
1813 4003 2151 4076 derelinqui-

448 4102 611 4149 mur;
646 4087 957 4159 dejicimur,
989 4092 1079 4146 sed
1110 4110 1215 4147 non
1244 4095 1494 4164 perimus
1521 4095 1597 4165 (I1
1633 4094 1751 4149 Cor.
1789 4111 1860 4161 ιν,
1896 4094 1973 4164 8).
2007 4095 2151 4149 Hinc

451 4178 538 4230 est
567 4176 644 4245 (a)
676 4179 827 4247 quod
874 4180 1219 4251 sapientiam
1264 4186 1479 4238 sanctae
1530 4182 1785 4238 stultitia:
1825 4184 2152 4251 insinuans,

451 4262 532 4318 ait
564 4279 576 4318 :
614 4265 748 4331 Qum
776 4270 946 4323 stulta
975 4277 1100 4325 sunt
1126 4270 1341 4341 mundi,
1374 4272 1539 4342 elegit
1570 4275 1737 4336 Deus,
1774 4280 1832 4327 ut
1851 4271 2155 4341 con/unddt

451 4354 729 4421 sapientes
758 4354 805 4423 (I
835 4357 954 4412 Cor.
985 4374 1025 4425 ι,
1064 4359 1179 4430 27).
1216 4360 1283 4415 Et
1316 4377 1327 4415 :
1361 4360 1422 4415 Si
1458 4358 1583 4431 quis
1625 4360 1840 4415 videtur
1883 4360 2033 4417 inter
2067 4376 2155 4417 vos

453 4438 673 4507 sapiens
725 4443 783 4495 in
831 4444 925 4499 hoc
972 4448 1194 4515 saeculo,
1241 4448 1442 4503 stultus
1484 4449 1605 4518 fiat,
1652 4456 1714 4502 ut
1761 4450 1833 4504 sit
1867 4451 2080 4519 sapiens
2109 4449 2153 4519 (I

2248 1936 2435 1987 munt.
2461 1931 2603 1986 Hinc
2636 1936 2723 1986 est
2753 1930 2905 1986 enim
2931 1930 3107 2001 quod,
3133 1947 3165 1985 a
3186 1930 3415 1985 deserto
3441 1928 3655 1999 Moyses
3677 1924 3882 1985 veniens,

2246 2022 2467 2095 Egypti
2493 2038 2685 2094 regem
2708 2038 2773 2078 ex
2796 2020 3141 2077 auctoritate
3162 2020 3518 2091 aggreditur,
3548 2018 3730 2073 dicens
3760 2034 3770 2071 :
3798 2015 3887 2068 Hec

2246 2114 2387 2170 dicit
2446 2114 2703 2169 Dominus
2753 2114 2886 2167 Deus
2945 2111 3331 2167 Hebrzorum:
3377 2111 3651 2181 Usquequo
3692 2122 3782 2161 non
3827 2105 3885 2158 vis

2243 2203 2443 2274 subjici
2472 2202 2655 2258 mihi?
2687 2202 2909 2257 Dimitte
2936 2202 3195 2273 populum
3225 2216 3431 2269 meum,
3462 2206 3521 2255 ut
3560 2194 3885 2266 sacriﬁcetmi-

2247 2293 2305 2347 hi
2327 2293 2519 2363 (Exod.
2552 2310 2606 2359 x,
2630 2293 2706 2363 3).
2740 2290 2843 2347 Cui
2874 2291 3013 2346 dum
3047 2289 3233 2362 plagis
3268 2305 3512 2362 pressus
3542 2287 3743 2342 Pharao
3769 2284 3886 2338 dice-

2247 2388 2332 2438 ret
2366 2399 2376 2435 :
2413 2384 2504 2449 Ite,
2536 2380 2843 2451 sacriﬁcate
2873 2382 2975 2435 Deo
3005 2388 3180 2434 vestro
3212 2381 3271 2433 in
3304 2386 3455 2435 terra
3476 2379 3579 2432 ista
3603 2375 3769 2445 (Exod.
3797 2388 3885 2435 vui,

2180 2476 2185 2479 “
2245 2474 2357 2544 25),
2393 2477 2563 2528 aucta
2613 2471 2875 2542 protinus
2921 2468 3263 2525 auctoritate
3316 2466 3654 2539 respondit:
3700 2465 3795 2520 Non
3817 2475 3887 2532 pa-

2249 2566 2352 2616 test
2381 2564 2462 2616 ita
2483 2562 2603 2631 ﬁeri
2623 2561 2697 2630 (ά)
2715 2576 2734 2620 ;
2774 2559 3212 2615 abominotiones
3233 2557 3614 2629 Egyptiorum
3636 2550 3889 2609 immolabi-

2249 2667 2367 2706 mus
2413 2652 2639 2707 Domino
2687 2650 2793 2704 Deo
2845 2656 3026 2703 nostro
3064 2646 3247 2718 (Ibid.,
3294 2647 3437 2718 26)?
3485 2645 3623 2700 Hinc
3660 2647 3738 2698 est
3772 2639 3888 2711 quod

2249 2751 2578 2814 peccantem
2606 2757 2794 2813 regem
2823 2739 3051 2795 Natban
3083 2736 3445 2809 aggreditur,
3477 2738 3564 2793 cui
3598 2734 3741 2806 prius
3767 2728 3891 2787 simi-

2249 2834 2553 2889 litudinem
2578 2834 2911 2903 perpetratae
2936 2827 3430 2900 praevaricationis
3460 2826 3737 2897 objiciens,
3759 2835 3891 2877 eant-

2248 2941 2361 2994 que
2392 2939 2549 2979 reum
2582 2938 2684 2992 per
2715 2919 2924 2991 preprii
2951 2917 3161 2989 judicii
3191 2933 3393 2973 vocem
3436 2922 3651 2981 tenens,
3682 2910 3895 2984 protinus

2248 3012 2535 3083 adjunxit,
2567 3010 2768 3065 dicens
2802 3026 2813 3063 :
2855 3010 2929 3064 Tu
2957 3024 3012 3063 es
3044 3007 3140 3063 ille
3169 3009 3275 3075 vir,
3309 3008 3412 3078 qui
3450 3006 3624 3077 [ecisti
3663 3002 3786 3057 hanc
3812 3012 3895 3051 rem

2253 3104 2324 3174 (II
2354 3102 2479 3170 Reg.
2513 3118 2610 3168 xu,
2640 3100 2719 3170 7).
2753 3098 2897 3154 Ilinc
2927 3101 3017 3151 est
3054 3096 3208 3168 quod
3266 3095 3363 3151 vir
3405 3094 3521 3165 Dei,
3553 3093 3620 3150 ad
3646 3093 3896 3147 destruen-

2255 3193 2386 3247 dam
2420 3190 2802 3247 idololatriam
2844 3186 3167 3243 Samariam
3214 3185 3460 3254 missus,
3491 3184 3768 3240 Jeroboam
3796 3188 3895 3244 rege

2257 3297 2434 3353 super
2462 3280 2642 3335 altare
2671 3277 2845 3333 thura
2870 3276 3141 3347 jaciente,
3184 3291 3299 3330 non
3342 3291 3533 3347 regem
3576 3272 3792 3335 veritus,
3812 3276 3897 3320 non

2257 3370 2567 3427 formidine
2610 3369 2815 3425 mortis
2862 3382 3120 3440 pressus,
3167 3369 3378 3422 contra
3408 3365 3585 3422 altare
3629 3354 3899 3429 intrepidus

2258 3460 2655 3518 auctoritatem
2710 3458 2900 3513 liberte
2939 3454 3090 3511 vocit
3127 3457 3410 3523 exercuit,
3463 3454 3697 3510 dicens:
3736 3446 3899 3507 Altam

2256 3551 2453 3617 altare,
2493 3551 2611 3607 haec
2647 3548 2779 3605 dicit
2818 3547 3079 3603 Dominus
3121 3544 3259 3599 Deus
3292 3561 3306 3603 :
3354 3546 3484 3602 Ecce
3526 3543 3669 3614 ﬁlius
3708 3537 3901 3592 nascetur

2256 3640 2444 3697 domui
2476 3639 2667 3708 David,
2698 3640 2874 3695 Josias
2904 3642 3144 3707 nomine,
3175 3642 3225 3693 et
3258 3632 3573 3691 immolabit
3601 3644 3749 3698 super
3771 3628 3813 3679 te
3840 3634 3901 3676 sa-

2258 3732 2499 3789 cerdotes
2555 3730 2896 3787 excelsorum
2950 3730 3044 3802 (III
3088 3731 3213 3801 Reg.
3265 3726 3419 3797 xm).
3480 3722 3620 3779 Hinc
3674 3721 3749 3776 est
3786 3709 3900 3785 quod

2261 3820 2462 3878 Achab
2509 3820 2818 3893 superbus,
2866 3818 3155 3875 idolorum
3202 3815 3440 3873 servitio
3484 3813 3766 3871 subactus,

2262 3911 2557 3983 increpare
2586 3888 2786 3966 -Eliain
2836 3910 3229 3982 praesumeret,
3282 3908 3529 3962 dicens:
3582 3888 3902 3989 Tartesii“!

2260 4000 2367 4071 υἱν,
2418 3980 2517 4070 (tui
2566 3980 2854 4056 conturbas
2896 3999 3062 4054 Israel
3111 3998 3371 4069 (IlIReg.
3419 4010 3574 4061 xviii,
3621 3987 3740 4079 t7)?
3787 3980 3901 4079 tilias

2262 4069 2528 4163 protinus
2560 4090 2793 4162 superbi
2824 4089 2974 4159 regis
3004 4087 3339 4156 stultitiam,
3368 4074 3770 4154 objurgationis
3795 4069 3907 4165 liber

2264 4161 2336 4236 ra;
2378 4161 2724 4237 auctoritate
2774 4180 3079 4251 percussit,
3133 4178 3382 4233 dicens:
3442 4176 3559 4229 Non
3604 4184 3693 4259 ego
3736 4161 3905 4259 turbati

2263 4272 2454 4338 Israel,
2511 4272 2606 4326 sed
2662 4278 2719 4325 tu
2765 4274 2815 4324 et
2880 4268 3067 4324 domus
3122 4269 3294 4338 patris
3370 4267 3476 4333 tui,
3536 4259 3628 4333 qui
3665 4252 3906 4349 dereliqui-

2263 4363 2367 4416 stis
2417 4361 2562 4417 237
2616 4358 2873 4414 mandata
2924 4359 3162 4427 Domini,
3211 4363 3261 4411 et
3305 4356 3484 4411 seculi
3539 4351 3687 4439 estis
3717 4339 3904 4439 Βίξιξίίηξ

2267 4450 2409 4505 Ilinc
2434 4453 2517 4505 est
2548 4449 2699 4520 quod
2734 4446 2992 4513 Elisaeus,
3034 4461 3227 4501 veram
3263 4442 3524 4515 magistri
3562 4429 3905 4520 celsitudinth

458 4498 581 4596 σόν,
615 4545 699 4597 ιιι,
729 4530 834 4600 18).
860 4498 2154 4609 marginata;statutas:itaista
2192 4498 2233 4563 ί)
2266 4498 3308 4612 esset.)‘2;)‘;.:.a1a;.aaab
3342 4498 3415 4589 ζει
3443 4549 3503 4588 se
3533 4544 3655 4585 cum
3684 4515 3907 4589 Josaptml

456 4617 791 4674 desideratas
824 4625 1176 4694 paupertatis
1206 4626 1492 4697 aperiens,
1517 4628 1657 4683 dicit
1689 4645 1702 4683 :
1737 4628 1904 4696 Quasi
1925 4629 2153 4685 morien-

457 4716 556 4774 tes,
598 4715 649 4763 et
689 4723 806 4765 ecce
853 4710 1129 4780 vivimus,-
1156 4723 1214 4770 ut
1263 4718 1534 4786 castigati,
1570 4721 1750 4774 etnon
1792 4718 2117 4789 mortiﬁcati
2139 4734 2160 4781 ,ο

457 4798 619 4869 quasi
657 4800 866 4866 tristes,
898 4816 1105 4873 semper
1146 4807 1329 4860 autem
1372 4806 1671 4875 gaudentes
1692 4826 1712 4869 ;
1742 4810 1881 4864 sicut
1919 4814 2155 4877 egentes,

456 4889 663 4946 multos
700 4895 886 4948 autem
934 4892 1645 4969 locupletantes;tanquam
1693 4899 1837 4954 nihil
1883 4900 2158 4967 habentes,

458 4988 510 5035 et
540 4982 731 5037 omnia
750 4981 1086 5053 possidentes
1107 4984 1183 5057 (II
1212 4987 1334 5042 Cor.
1368 5003 1409 5052 ι,
1444 4987 1554 5059 19).

528 5072 616 5126 53.
660 5071 981 5129 Sanctorum
1032 5076 1277 5131 exterius
1324 5090 1697 5148 oppressorum
1742 5078 2160 5134 sublimitas.Et

532 5326 611 5410 (ᾳ)
659 5330 977 5410 compend.
1017 5334 1052 5388 2
1098 5341 1153 5390 et
1201 5334 1447 5406 Turon.,
1497 5334 1636 5408 quod
1676 5336 2003 5410 sapientiam
2046 5354 2163 5394 esse

462 5400 695 5455 stultam
726 5400 1032 5460 insinuans.

460 5469 611 5596 etcEb)
641 5470 879 5543 Turon.,
912 5482 963 5531 et
990 5478 1147 5533 electi
1193 5479 1288 5535 Dei
1320 5482 1563 5536 exterius
1610 5483 1876 5554 oppressi,
1917 5491 2159 5554 quantae,

538 5614 607 5685 (ε)
641 5617 779 5698 ttat
814 5616 1151 5698 Campano.)
1197 5624 1473 5698 Norman.
1506 5626 1563 5679 et
1600 5624 1843 5698 Turon.,
1875 5630 1984 5683 etc.
2027 5626 2159 5683 Coc.

412 5700 415 5703 ·
464 5689 801 5766 vero__gen_io
831 5704 938 5743 suo
978 5689 1397 5766 indulgens_s_ic
1429 5695 1696 5763 mutavit,
1725 5689 2017 5766 praesentis
2035 5698 2166 5756 vita:

468 5756 674 5827 gaudia
694 5759 875 5831 plene,
906 5773 1011 5815 nec
1039 5776 1072 5816 a
1110 5756 1233 5831 séq.
1265 5762 1413 5820 Edit.
1446 5772 1532 5822 est
1562 5756 1897 5837 castigatus.

2270 4611 2401 4703 rege
2430 4629 2755 4685 venientem
2792 4643 2858 4683 ex
2889 4632 3050 4682 reatu
3098 4624 3350 4697 perfidiae
3390 4619 3659 4684 confudit,
3703 4611 3902 4703 diceusf

2269 4692 2416 4789 Quid
2453 4720 2594 4775 mihi
2620 4726 2671 4774 et
2703 4717 2804 4773 tibi
2839 4722 2914 4773 est
2946 4719 2971 4769 .9
3006 4692 3143 4772 Vade
3174 4713 3243 4769 ad
3282 4712 3570 4785 prophetas
3596 4703 3757 4779 patris
3785 4694 3853 4791 tui
3870 4692 3907 4743 τί

2268 4812 2462 4866 matris
2515 4812 2623 4865 tuae
2680 4808 2770 4879 (IV
2832 4808 2959 4877 Reg.
3020 4821 3096 4873 ιν,
3168 4803 3276 4871 13).
3338 4803 3455 4857 Et:
3518 4796 3648 4853 Vivit
3698 4791 3906 4879 Domitius

2267 4901 2633 4964 exercituum,
2664 4870 2723 4951 in
2752 4895 2907 4967 cujus
2936 4896 3221 4966 conspectu
3242 4899 3338 4961 sto,
3365 4887 3508 4962 quod
3538 4888 3587 4943 si
3616 4897 3718 4975 non
3736 4870 3907 4975 υξξιίεξξξ

2266 4990 2526 5057 Iosophat
2582 4963 2725 5057 regis
2787 4963 2947 5041 Iudae
3011 4963 3397 5047 erubescerem,
3458 4992 3556 5031 nec
3616 4963 3907 5057 αηεηᾱιέιεηξ

2268 5040 2727 5153 nec
2770 5073 3125 5148 respexissem
3169 5071 3351 5141 (Ibid,
3386 5040 3651 5141 '14).Hiuc
3691 5059 3767 5113 cst
3792 5040 3907 5121 quod

2344 5331 2419 5403 (ἀ)
2450 5331 2698 5417 Genets
2728 5327 3021 5417 φωιρῖηίηα
3051 5326 3212 5417 ⁸3³ίῆ
3237 5301 3905 5417 £2ut€3°1£f£ffﬁl§

2272 5379 3018 5471 miﬁ’uf'm'dhinaiibnes’
3057 5379 3236 5465 enim,
3289 5379 3437 5460 eici;
3474 5388 3531 5442 in
3593 5379 3770 5440 multis
3808 5384 3834 5422 ι

2270 5476 2555 5559 rqurltm.‘
2592 5472 2762 5559 θρίω.
2862 5542 2878 5559 ς
2940 5538 3193 5559 -υε-›--
3267 5536 3431 5559 (1-.....
3500 5504 3867 5559 ,ιιεηρηπιηεηά

2345 5521 3241 5620 ῖῖ)’ἀῖ)“ι’ὶ).’ἀὸίιιι.,ᾶυονὶιιᾶοο.,
3266 5536 3479 5594 Germ..
3500 5528 3607 5584 duo
3620 5521 3905 5638 Compelnai

2345 5635 2458 5638 in;
2550 5616 2798 5638 nun“
2915 5611 3148 5638 ⁴···⁴⁴⁴³⁴“·
3227 5606 3388 5638 λη’-ηιι
3444 5601 3509 5638 ηδ
3560 5612 3608 5638 υ
3644 5604 3753 5638 cum
3814 5590 3883 5633 om

2272 5601 2492 5676 Τιίὲὸιὶέ
2550 5601 2849 5699 Nomas-1v
2906 5611 3151 5699 eumdem
3213 5601 3895 5699 λξηίξίί.9[¹,ξξ.ξ¹ξιέ²⁸ηιέῗέἑ

2270 5665 2633 5767 ᾗιῖἇῇδὸῐιῖιίᾶ
2643 5665 3221 5745 ᾙῖιῆῖὲείιιιιιέιιοιω
3241 5679 3543 5748 Scriptores
3559 5665 3848 5726 testimonlll
