4108 6184
222 264 342 326 797

1090 265 1509 326 MORALIUM
1560 265 1705 324 LIB.
1751 261 1882 322 vn.
1931 291 2004 308 -
2055 249 2130 322 1N
2181 263 2437 329 CAPUT
2478 265 2555 328 Vl
2604 265 2669 325 Β.
2716 261 2879 326 JOB.

3622 274 3742 335 798

221 403 409 458 isdem
442 403 524 456 vir
555 405 811 456 Naaman
847 402 917 456 ad
950 417 1011 457 se
1042 416 1177 458 cum
1209 401 1376 472 equis
1409 406 1466 458 et
1514 400 1779 456 curribus
1831 417 1925 456 ve-
1961 400 2014 466 Α
2045 405 2301 472 montem,
2360 401 2717 474 apprehendit
2744 400 2904 472 pedes
2945 401 3101 469 ejus;
3142 410 3192 458 et
3221 408 3438 462 accessit
3479 406 3644 476 Ciezi,
3679 413 3743 463 ut

221 493 474 547 nientem
509 495 640 545 ante
674 491 882 546 ostium
933 492 1135 547 domus
1165 491 1312 559 fixit,
1347 495 1402 548 ct
1448 490 1796 547 talentorum
1829 508 1928 547 co-

220 581 314 654 pia
350 598 413 637 ac
447 581 697 637 vestium
736 580 876 636 fulto
911 599 1022 635 non
1058 583 1350 651 occurrit;
1383 599 1499 637 non
1541 583 1788 652 januam
1828 583 1927 638 do—

219 689 356 727 mus
390 671 639 742 aperuit,
667 671 766 726 sed
796 675 856 725 ut
888 670 1300 742 lavarisepties
1333 672 1388 726 in
1415 672 1670 728 Jordane
1693 673 1930 727 debuis-

218 767 308 817 set
351 778 453 832 per
504 761 772 816 nuntium
819 762 998 829 jussit
1030 763 1117 831 (ιν
1167 764 1302 834 Reg.
1337 780 1389 829 v,
1420 763 1473 832 9,
1512 764 1618 834 10).
1665 762 1827 818 Unde
1875 769 1929 817 et

215 849 406 904 isdem
458 847 714 903 Naaman
767 848 952 904 iratus
1004 849 1305 906 recedebat
1358 849 1558 904 dicens
1609 866 1620 902 :
1664 850 1930 904 Putabam

217 938 360 1010 quod
389 939 737 1009 egrederetur
765 940 834 994 ad
865 955 948 994 me
977 941 1166 1010 (lbid.,
1209 939 1310 1013 tl).
1347 943 1422 1013 (a)
1469 941 1611 996 Hinc
1661 947 1749 996 est
1780 941 1930 1012 quod

218 1033 451 1095 Petrus,
486 1045 612 1084 cum
644 1045 775 1083 eum
806 1031 1133 1085 sacerdotes
1179 1047 1243 1085 ac
1277 1031 1568 1102 principes
1608 1033 1783 1086 etiam
1832 1047 1932 1101 per

220 1118 454 1190 ﬂagella
486 1120 786 1176 srevientes
818 1121 875 1176 in
911 1121 1143 1176 nomine
1173 1120 1306 1177 Jesu
1339 1121 1495 1194 loqui
1534 1122 1928 1193 prohiberent,

219 1220 354 1259 cum
390 1221 602 1276 magna
635 1206 898 1274 protinus
942 1209 1280 1264 auctoritate
1327 1210 1646 1280 respondit,
1680 1209 1877 1265 dicens
1913 1224 1926 1264 :

225 1294 287 1347 Si
309 1296 526 1364 justum
559 1304 634 1351 est
666 1297 722 1350 in
753 1301 1036 1368 conspectu
1067 1299 1166 1352 Dei
1198 1315 1285 1354 vos
1322 1301 1500 1369 potius
1530 1299 1727 1354 audire
1765 1316 1928 1371 quam

221 1387 412 1448 Deum,
437 1383 708 1455 judicate.
760 1387 874 1441 Non
907 1386 1058 1442 enim
1100 1403 1386 1458 possumus
1425 1403 1548 1459 quae
1594 1388 1832 1445 vidimus
1877 1395 1928 1446 et

217 1474 536 1530 audivimus
569 1493 676 1530 non
711 1477 862 1547 loqui
894 1478 1023 1545 (Act.
1059 1479 1270 1549 1v,19).
1309 1478 1452 1534 Hinc
1474 1484 1563 1535 est
1594 1481 1746 1551 quod
1779 1482 1927 1537 Pau-

219 1565 313 1618 lus
366 1580 495 1620 cum
549 1566 901 1621 residentem
963 1573 1166 1624 contra
1213 1568 1512 1625 veritatem
1563 1571 1926 1627 sacerdotum

215 1654 540 1724 principem
599 1660 881 1723 cerneret,
956 1673 1208 1730 eumque
1257 1657 1521 1715 minister
1552 1658 1708 1715 illius
1760 1660 1925 1731 alapa

2039 495 2314 546 amoveret
2363 506 2504 558 eam,
2535 497 2584 546 et
2615 492 2694 546 ait
2725 492 2880 546 homo
2913 491 3008 546 Dei
3047 511 3066 545 :
3095 492 3320 550 Dimitte
3365 513 3508 566 eam,
3550 497 3743 553 anima

2038 581 2187 635 enim
2226 581 2340 651 ejus
2385 583 2441 636 in
2490 583 2869 636 amaritudine
2898 589 2974 636 est
3028 584 3114 648 (IV
3162 583 3286 654 Reg.
3331 602 3404 652 ιν,
3435 587 3546 656 27).
3580 587 3740 651 Quo-

2042 670 2210 724 modo
2261 670 2414 726 Elias
2465 671 2712 740 superbo
2771 671 2889 742 regi
2954 670 3362 742 increpationis
3425 675 3592 730 verba
3644 692 3744 748 per

2040 763 2330 815 tumorem
2362 759 2576 825 intulit,
2611 759 2711 831 qui
2743 768 2872 815 ante
2904 762 3030 831 ejus
3063 777 3298 818 currum
3331 762 3631 821 humiliter
3651 782 3743 820 cu-

2039 851 2238 912 currit,
2273 851 2426 906 sicut
2456 852 2735 922 scriptum
2759 855 2876 906 est:
2911 851 3276 923 Accint'tisque
3306 855 3528 920 lumbis,
3549 872 3741 912 curre-

2041 939 2128 994 bat
2158 949 2280 995 ante
2310 941 2491 995 Achab
2524 942 2620 1012 (Ill
2648 946 2772 1012 Reg.
2808 959 2968 1008 xvm,
2995 943 3128 1013 46)?
3159 944 3456 1007 Quomodo
3514 946 3602 1001 vir
3639 947 3743 1002 Dei

2037 1028 2340 1084 Jeroboam
2379 1031 2742 1100 prmsentiam
2769 1047 2836 1086 ex
2875 1031 3119 1087 elatione
3145 1031 3425 1103 despexit,
3452 1034 3743 1106 quijaren-

2039 1120 2153 1172 tem
2183 1118 2472 1173 dexteram
2506 1120 2632 1188 ejus
2664 1119 2836 1175 saluti
2861 1119 3116 1190 pristinae
3149 1121 3414 1192 protinus
3439 1138 3505 1177 ex
3527 1122 3740 1194 pietate

2040 1207 2363 1277 reparavit?
2393 1208 2546 1263 sicut
2576 1210 2856 1280 scriptum
2902 1214 3027 1265 est:
3083 1209 3320 1282 Cumque
3366 1211 3607 1266 audisset
3638 1227 3738 1272 rex

2037 1307 2341 1352 sermonem
2399 1297 2637 1354 hominis
2697 1301 2812 1364 Dei,
2865 1316 3024 1369 quem
3082 1301 3483 1356 inclamaverat
3550 1305 3740 1356 contra

2036 1386 2214 1440 altare
2269 1390 2328 1441 in
2385 1389 2589 1455 Bethcl,
2649 1389 2890 1444 extendit
2936 1405 3162 1445 manum
3217 1406 3375 1446 suam
3433 1389 3498 1446 de
3547 1391 3738 1456 altari,

2036 1474 2218 1530 dicens
2272 1495 2290 1530 :
2336 1477 2735 1548 .4,rprelien.lite
2789 1495 2952 1539 eum;
2983 1484 3032 1534 et
3089 1480 3310 1534 exaruit
3364 1497 3564 1535 manus
3622 1481 3742 1551 ejus

2035 1566 2132 1636 (III
2163 1567 2286 1635 Reg.
2320 1583 2440 1634 xm,
2475 1567 2552 1638 4).
2597 1569 2660 1622 Et
2693 1567 2862 1640 paulo
2912 1573 3040 1638 post
3075 1586 3086 1622 :
3119 1570 3320 1625 Oravit
3365 1569 3453 1624 vir
3501 1570 3600 1624 Dei
3642 1571 3741 1640 fa-

2035 1657 2171 1710 ciem
2209 1657 2468 1719 Domini;
2499 1662 2549 1712 et
2603 1675 2814 1713 reversa
2849 1666 2928 1712 est
2975 1675 3173 1713 manus
3212 1661 3356 1728 regis
3398 1659 3468 1714 ad
3512 1675 3659 1728 eum,
3691 1668 3742 1716 et

216 1743 628 1813 percussisset,
674 1759 787 1798 non
843 1743 1217 1802 maledictum
1275 1747 1641 1818 perturbatus
1703 1749 1924 1819 intulit,
1959 1762 2002 1826 Β
2033 1748 2176 1816 facta
2207 1753 2284 1803 est
2313 1750 2455 1804 sicut
2477 1749 2634 1819 prius
2654 1751 2842 1819 fuerat
2867 1749 3054 1819 (Ibid,
3076 1752 3152 1818 6).
3173 1749 3319 1812 Quia
3345 1750 3498 1805 enim
3532 1765 3742 1821 super-

214 1832 319 1886 sed
352 1832 608 1902 repletus
639 1833 851 1904 Spiritu
885 1835 1065 1890 libera
1096 1851 1228 1891 voce
1261 1837 1643 1909 prOphelavit,
1685 1839 1923 1895 dicens:

215 1925 496 1977 Pereutiet
566 1931 618 1978 te
695 1926 854 1993 Deus,
909 1928 1094 1996 paries
1153 1928 1417 1983 dealbate.
1483 1929 1545 1983 Et
1613 1941 1671 1984 tu
1742 1929 1928 1985 sedens

213 2009 289 2080 (ὁ)
320 2011 580 2078 judicans
612 2027 697 2068 me
741 2015 1036 2070 secundum
1067 2016 1260 2086 legem,
1293 2025 1345 2072 et
1391 2025 1583 2073 contra
1637 2018 1806 2090 legem
1831 2020 1924 2089 ju-

212 2097 304 2152 bes
335 2115 422 2154 me
462 2103 674 2172 percuti
721 2101 913 2170 (Ibid,
943 2104 1031 2174 5)?
1065 2105 1205 2160 llinc
1255 2110 1344 2161 est
1396 2107 1549 2178 quod
1596 2107 1924 2179 Stephanus

214 2191 419 2243 contra
469 2189 582 2245 vim
617 2194 1088 2264 persequentium
1149 2195 1552 2251 auctoritatem
1612 2198 1767 2253 vocis
1800 2213 1928 2253 exe-

214 2293 344 2334 rere
376 2293 480 2334 nec
502 2281 824 2338 moriturus
855 2284 1104 2354 expavit,
1139 2285 1532 2341 dicenszDura
1553 2289 1843 2360 cervice(e)
1873 2296 1928 2345 et

211 2369 592 2425 ineireumcisi
640 2370 891 2427 cordibus
930 2382 980 2428 et
1030 2374 1280 2442 auribus,
1323 2391 1410 2431 vos
1457 2376 1695 2448 Spiritui
1741 2385 1926 2434 sancto

210 2459 496 2527 resistitis,
528 2462 666 2514 sicut
695 2466 873 2528 patres
907 2465 1069 2518 vestri
1098 2468 1147 2518 et
1181 2479 1266 2520 vos
1299 2465 1433 2536 (Act.
1466 2482 1562 2535 vn,
1591 2467 1707 2539 51).

292 2548 427 2617 [νει.
479 2549 689 2620 ΧΧΙΙΙ.)
739 2551 828 2605 54.
879 2553 1003 2608 Haec
1053 2556 1363 2609 sanctorum
1414 2556 1639 2612 libertas
1686 2574 1755 2613 ex
1810 2561 1924 2616 zelo

213 2639 474 2692 veritatis
516 2640 726 2709 existit,
760 2655 869 2695 non
916 2658 984 2696 ea:
1032 2643 1165 2698 vitio
1213 2645 1488 2700 elationis.
1523 2677 1590 2686 ——
1623 2648 1733 2703 Sed
1786 2651 1926 2720 quia

213 2727 412 2782 sancti
441 2728 542 2783 viri
567 2729 636 2783 ad
670 2730 841 2785 verba
872 2735 1045 2787 tantes
1097 2732 1419 2790 altitudinis
1468 2736 1586 2792 zelo
1643 2739 1920 2807 veritatis,

212 2833 336 2872 non
363 2825 553 2873 autem
583 2817 722 2876 vitio
749 2821 1014 2877 elationis
1044 2824 1337 2895 exsiliunt,
1372 2824 1479 2895 ipsi
1526 2831 1792 2898 patenter
1828 2830 1923 2885 iu—

213 2908 436 2976 dicant,
471 2911 570 2980 qui
603 2911 772 2967 factis
803 2912 1091 2985 dictisque
1116 2915 1243 2970 aliis
1274 2920 1566 2989 etquanta
1589 2918 1922 2978 humilitate

210 2997 494 3069 polleant,
528 3004 585 3055 et
613 3016 748 3072 erga
776 3018 873 3058 eos
914 3019 1057 3074 quos
1088 3006 1449 3077 redarguunt
1481 3013 1701 3079 quanta
1731 3011 1923 3066 chari-

2033 1836 2131 1891 bia
2176 1838 2412 1908 gignere
2467 1840 2708 1894 virtutes
2758 1840 2956 1904 nescit,
3011 1848 3226 1910 quanta
3284 1855 3352 1894 ex
3409 1837 3742 1895 humilitate

2038 1929 2230 1997 prodit
2260 1944 2368 1982 vox
2399 1927 2813 2000 increpationis
2845 1930 3192 1996 ostenditur,
3228 1946 3404 2001 quam
3447 1931 3614 2001 signa
3643 1947 3741 1986 co-

2033 2016 2329 2074 mitantur.
2364 2020 2661 2084 Quomodo
2692 2019 2916 2076 Nathan
2952 2024 3153 2076 contra
3183 2019 3361 2076 David
3413 2035 3608 2093 regem
3641 2037 3744 2093 per

2037 2110 2207 2165 verba
2230 2109 2642 2180 increpationis
2670 2109 2907 2176 tumuit,
2925 2110 3022 2180 qui
3046 2125 3176 2165 cum
3201 2110 3554 2180 increpanda
3569 2108 3742 2181 culpa

2037 2200 2285 2267 deesset,
2319 2200 2376 2254 in
2426 2203 2638 2255 terram
2673 2216 2734 2255 se
2766 2200 2825 2254 in
2870 2207 3179 2271 conspectu
3227 2200 3353 2269 ejus
3399 2201 3464 2270 (Γ)
3520 2215 3739 2271 pronus

2037 2289 2261 2354 stravit,
2295 2288 2445 2343 sicut
2477 2289 2756 2360 scriptum
2791 2292 2911 2344 est:
2945 2289 3347 2344 Nuntiaverunt
3385 2288 3505 2357 regi
3546 2288 3741 2344 dicen-

2036 2384 2116 2434 tes
2146 2397 2165 2433 :
2205 2379 2363 2434 Adest
2412 2378 2626 2435 lt'athan
2675 2379 2957 2449 propheta.
3011 2377 3249 2449 Cumque
3289 2375 3566 2432 introisset
3610 2382 3740 2431 ante

2035 2474 2378 2540 conspectum
2444 2470 2609 2538 regis,
2679 2468 2925 2523 adoravit
2989 2483 3113 2523 eum
3177 2483 3382 2539 pronus
3459 2467 3515 2521 in
3591 2470 3741 2522 terra

2036 2561 2132 2628 (Ill
2194 2560 2320 2628 Reg.
2362 2576 2404 2629 ι,
2464 2558 2606 2630 23)?
2663 2559 2960 2624 Quomodo
3013 2557 3238 2629 Moyses
3298 2557 3418 2629 regi
3476 2556 3742 2628 Egyptio

2036 2648 2213 2705 libere
2240 2649 2516 2705 resistens
2564 2665 2698 2704 cum
2731 2647 3026 2720 despicere
3067 2647 3270 2720 potuit,
3321 2647 3443 2718 qui,
3493 2647 3609 2702 Deo
3659 2647 3742 2701 ta-

2037 2738 2340 2794 miliariter
2383 2739 2736 2809 colloquens,
2784 2742 3124 2809 sequentem
3171 2755 3234 2794 se
3281 2737 3480 2793 Jethro
3530 2752 3741 2808 cogna-

2033 2832 2159 2884 tum
2191 2846 2360 2884 suum
2389 2828 2626 2884 humilis
2669 2828 2926 2884 adoravit
2969 2827 3171 2898 (Exod.
3214 2844 3374 2895 xvm,
3417 2826 3523 2896 7)?
3553 2827 3738 2897 Cujus

2032 2919 2206 2974 etiam
2239 2918 2481 2974 consilio
2520 2922 2748 2974 tantam
2803 2917 3192 2974 obedientiam
3227 2916 3486 2987 praebuit,
3513 2922 3572 2971 ut
3602 2918 3737 2987 post

2032 3012 2252 3065 secreta
2283 3008 2382 3065 Dei
2413 3007 2702 3079 colloquia
2733 3023 3011 3078 magnum
3044 3006 3272 3062 lucrum
3314 3006 3548 3062 duceret
3579 3004 3730 3076 quod

210 3093 327 3142 tate
360 3088 617 3144 ferveant
671 3090 1065 3148 manifestant.
1127 3095 1409 3166 Superbia
1453 3097 1668 3170 quippe
1715 3101 1915 3158 odium
1948 3130 1995 3195 Ο
2031 3099 2170 3155 foris
2199 3099 2270 3154 ab
2303 3115 2400 3153 ore
2433 3097 2686 3153 hominis
2717 3097 2964 3152 audiret.

209 3181 473 3246 generat,
503 3177 806 3235 humilitas
838 3198 1113 3238 amorem.
1150 3184 1336 3242 Verba
1369 3186 1563 3259 itaque
1596 3206 1722 3261 quae
1754 3207 1918 3246 amor

208 3272 520 3340 exasperat
548 3271 805 3340 profecto
838 3289 904 3328 ex
935 3274 1088 3329 fonte
1113 3274 1460 3334 humilitatis
1481 3285 1739 3336 manant.
1767 3283 1916 3346 Quo-

206 3356 386 3412 modo
436 3373 570 3429 ergo
627 3359 956 3432 Stephanus
1007 3364 1260 3436 proferre
1309 3367 1763 3439 increpationem
1817 3388 1919 3443 per

205 3445 523 3502 elationem
555 3450 768 3519 potuit,
800 3451 898 3522 qui
933 3469 1029 3521 pro
1062 3453 1282 3510 eisdem
1317 3471 1460 3526 quos
1494 3457 1914 3530 increpaverat,

203 3537 278 3590 ad
313 3537 599 3594 deteriora
643 3541 1060 3613 crescentibus,
1095 3559 1273 3616 seque
1303 3545 1720 3617 lapidanlibus,
1754 3550 1918 3605 ﬂexis

199 3626 452 3696 genibus
501 3627 576 3698 (Δ)
600 3629 799 3700 oravit,
843 3630 1090 3688 dicens:
1138 3635 1383 3699 Domine,
1418 3652 1486 3692 ne
1531 3646 1743 3693 statuas
1791 3640 1916 3694 illis

199 3715 308 3771 hoc
337 3722 616 3787 peccatum
639 3717 825 3787 (ibid,
856 3721 989 3793 59)?
1016 3722 1091 3793 (c)
1122 3723 1422 3786 Quomodo
1465 3726 1678 3783 Paulus
1712 3737 1914 3784 contra

198 3806 398 3878 gentis
420 3823 538 3862 suae
561 3810 914 3865 sacerdotem
950 3827 1024 3866 ac'
1041 3813 1360 3884 principem
1385 3816 1716 3887 asperitatis
1739 3819 1915 3875 verba

199 3899 557 3970 superbiens
589 3899 801 3968 intulit,
836 3902 936 3973 qui
969 3903 1296 3961 humilitate
1328 3924 1386 3962 se
1417 3909 1586 3964 etiam
1611 3909 1912 3982 discipulo-

199 4004 340 4042 rum
375 3987 603 4044 servitio
624 3990 959 4058 substernit,
979 3991 1175 4050 dicens
1201 4010 1212 4048 :
1249 3995 1363 4050 Non
1385 3999 1532 4052 enim
1562 4003 1913 4073 nosmetipsos

194 4077 594 4149 praedicamus,
626 4081 717 4135 sed
758 4081 1048 4138 Dominum
1097 4088 1344 4142 nostrum
1391 4089 1571 4143 Iesum
1612 4090 1910 4162 Christum,

198 4181 302 4222 nos
334 4176 518 4222 autem
548 4183 726 4224 servos
773 4175 978 4226 vestros
1023 4187 1120 4241 per
1153 4173 1424 4230 Christum
1457 4176 1526 4248 (II
1553 4178 1678 4233 Cor.
1715 4197 1791 4250 ιν,
1821 4179 1912 4248 5)?

198 4257 508 4321 Quomodo
541 4257 743 4313 Petrus
777 4276 878 4332 per
921 4259 1228 4318 elationem
1267 4265 1626 4338 principibus
1677 4271 1908 4339 restitit,

200 4361 463 4419 quorum
501 4347 680 4402 errori
721 4351 1077 4420 compatiens
1108 4360 1328 4409 reatum
1365 4355 1795 4428 velutexcusat,
1829 4362 1914 4416 di-

199 4450 376 4490 cens:
402 4433 522 4490 Scio
553 4435 683 4507 quia
710 4454 807 4508 per
835 4440 1217 4510 ignorantiam
1238 4443 1473 4512 fecistis,
1498 4446 1639 4502 sicut
1666 4457 1717 4504 et
1745 4452 1910 4521 prin-

197 4527 349 4595 cipes
370 4527 558 4580 vestri.
582 4527 720 4582 Deus
751 4534 957 4597 autem,
993 4531 1090 4603 qui
1116 4537 1521 4602 praenuntiavit
1551 4553 1650 4609 per
1696 4555 1752 4594 os
1795 4557 1910 4598 om-

196 4616 365 4670 nium
399 4616 793 4686 prophetarum
833 4622 951 4692 pati
1000 4621 1274 4678 Christum
1321 4642 1502 4690 suum,
1548 4628 1794 4698 implevit
1834 4633 1912 4686 sic

198 4705 347 4774 (Act.
390 4719 475 4771 ιιι,
511 4706 616 4777 17).
672 4706 826 4770 Quos
867 4709 935 4764 ad
981 4711 1156 4767 vitam
1207 4713 1661 4774 misericorditer
1705 4718 1906 4788 trahit,

199 4793 409 4848 dicens
437 4809 449 4847 :
483 4795 838 4853 Pwnitemini
869 4800 1042 4866 igitur
1071 4807 1121 4856 et
1150 4806 1557 4871 convertimini,
1589 4812 1649 4861 ut
1691 4807 1911 4865 delean-

202 4887 302 4937 tur
329 4891 550 4953 peccata
578 4888 753 4942 vestra
786 4889 964 4958 (lbid.,
1002 4891 1107 4961 19).
1136 4893 1431 4956 Quomodo
1463 4895 1696 4952 Elisaeus
1716 4899 1914 4957 videre

200 4972 469 5029 Naaman
508 4990 575 5029 ex
614 4975 861 5034 elatione
911 4980 1119 5052 noluit,
1154 4982 1250 5052 qui
1285 4999 1398 5038 non
1447 4984 1638 5040 solum
1673 5003 1735 5043 se
1773 5004 1914 5044 con.

205 5062 377 5133 spici,
421 5064 521 5119 sed
556 5067 738 5122 teneri
787 5068 962 5124 etiam
993 5087 1025 5125 a
1055 5072 1298 5128 muliere
1347 5075 1653 5143 permisit?
1699 5077 1770 5133 de
1801 5096 1915 5151 qua

203 5152 317 5208 seri
327 5157 493 5229 ptum
522 5159 610 5212 est
634 5173 647 5212 :
672 5159 916 5229 Cumque
945 5164 1176 5218 venisset
1202 5163 1274 5218 ad
1305 5164 1486 5220 virum
1529 5165 1622 5222 Dei
1672 5169 1731 5223 in
1760 5169 1912 5229 238

278 5323 358 5396 (a)
389 5326 744 5406 Auctoritate
766 5327 906 5406 Mss.
927 5330 1269 5406 Compend.,
1307 5334 1609 5406 Bellovac.,
1641 5337 1907 5404 Vindoc.,

203 5395 434 5462 Norm.,
458 5403 598 5472 βίον
633 5401 986 5472 removimus
1018 5395 1173 5472 hinc,
1206 5395 1266 5463 et
1306 5417 1460 5464 stans
1505 5395 1784 5470 invocaret
1805 5395 1909 5470 ne;

206 5483 334 5522 men
367 5471 466 5523 Dei
492 5469 598 5536 sui,
633 5471 703 5526 ab
735 5472 884 5528 Edit.
919 5475 1156 5531 inserta.

280 5539 355 5628 (ξ)
377 5539 599 5628 Censet
622 5543 720 5628 alii
752 5545 1121 5616 seq.,judicas
1151 5550 1596 5624 me.Legendum
1625 5557 1908 5628 judicans,

206 5626 276 5665 ex
310 5610 501 5668 Gnaeo
524 5616 705 5672 textu.

286 5681 350 5749 (c)
383 5683 468 5766 ita
513 5684 852 5766 compend,
884 5689 1105 5766 Norm.,
1150 5697 1258 5751 etc.
1291 5700 1362 5753 At
1411 5699 1582 5766 Editi,
1632 5704 1688 5756 et
1737 5700 1911 5756 incir-

210 5757 447 5809 cumcisi
472 5757 632 5814 corde
658 5757 710 5816 et
757 5760 1016 5832 auribus,
1048 5779 1138 5821 vos
1186 5781 1400 5840 semper
1443 5757 1683 5842 Spiritui
1728 5775 1911 5827 sancto

2099 3187 2225 3261 [νει.
2289 3187 2480 3257 ΧΧΙν.]
2540 3187 2628 3241 55.
2666 3187 2769 3254 Qui
2825 3186 2962 3242 alios
3019 3192 3282 3255 arguunt,
3352 3183 3554 3254 seipsos
3621 3196 3732 3237 non

2025 3278 2270 3350 palpent.
2304 3308 2372 3318 —-
2421 3280 2501 3332 Ex
2544 3277 2671 3332 aliis
2717 3292 2852 3348 ergo
2896 3279 3229 3331 sanctorum
3275 3272 3417 3328 facis
3447 3270 3730 3327 discimus

2027 3367 2168 3439 quid
2214 3369 2284 3424 de
2332 3367 2461 3424 aliis
2511 3383 2751 3437 pensare
2798 3365 3136 3423 debeamus.
3169 3362 3362 3420 Sancti
3393 3363 3549 3418 enim
3599 3359 3728 3430 viri,

2027 3473 2132 3513 nec
2164 3473 2232 3513 ex
2261 3457 2511 3512 elatione
2542 3459 2677 3512 sunt
2706 3455 2897 3522 liberi,
2930 3471 3034 3510 nec
3066 3469 3136 3509 ex
3174 3454 3381 3508 timore
3410 3448 3686 3507 submissi
3713 3468 3728 3517 ;

2028 3548 2126 3603 sed
2153 3562 2283 3601 cum
2307 3545 2587 3602 rectitudo
2619 3560 2716 3600 eos
2747 3545 2818 3598 ad
2841 3543 3174 3598 libertatem
3197 3541 3354 3597 vocis
3386 3539 3575 3610 erigit,
3600 3554 3728 3594 con-

2024 3637 2298 3693 sideratio
2330 3634 2686 3692 inﬁrmitatis
2721 3633 2963 3707 propria:
2998 3632 3054 3688 in
3088 3631 3418 3688 humilitate
3451 3629 3726 3686 custodit.

2024 3726 2240 3798 Culpas
2270 3725 2483 3798 quippe
2513 3723 2970 3794 delinquentium
3006 3723 3113 3779 etsi
3136 3739 3203 3777 ex
3225 3721 3339 3777 alto
3362 3722 3728 3792 increpantes

2022 3816 2260 3876 feriunt,
2295 3815 2637 3886 semetipsos
2669 3819 2864 3869 tamen
2898 3814 3046 3884 apud
3081 3829 3141 3868 se
3171 3810 3726 3881 subtiliusjudican-

2023 3909 2126 3974 tes,
2168 3906 2336 3976 quasi
2380 3904 2440 3959 in
2491 3901 2731 3973 abjcctis
2764 3906 3020 3974 ponunt;
3054 3908 3106 3956 et
3138 3917 3250 3971 quo
3292 3915 3466 3970 prava
3497 3898 3558 3953 in
3597 3897 3728 3954 aliis

2021 3994 2430 4065 insequuntur,
2464 4009 2528 4048 eo
2558 3993 2634 4062 (g)
2665 3991 2735 4046 ad
2768 3989 3168 4061 reprimendas
3200 4003 3262 4041 se
3292 3986 3605 4041 atrociores
3636 3999 3726 4038 re-

2021 4083 2202 4139 deunt
2229 4102 2242 4151 ;
2277 4098 2596 4154 rursusque
2626 4097 2738 4153 quo
2755 4079 2992 4135 sibimet
3031 4077 3272 4134 meliora
3294 4074 3602 4146 agentibus
3626 4088 3726 4129 ne-

2021 4190 2317 4246 quaquam
2352 4179 2615 4245 parcunl,
2648 4187 2712 4228 eo
2742 4167 3074 4241 vigilantius
3114 4167 3303 4222 aliena
3333 4165 3485 4220 facta
3531 4177 3728 4234 repre-

2021 4264 2306 4320 hendunt.
2355 4261 2502 4326 Quid
2551 4260 2706 4318 enim
2767 4261 2838 4315 de
2905 4257 3164 4313 humana
3214 4252 3474 4327 potentia
3523 4251 3724 4307 mirari

2020 4355 2271 4411 exterius
2302 4356 2593 4426 poterunt,
2621 4351 2715 4424 qui
2741 4349 3087 4421 semetipsos
3119 4361 3352 4419 quoque
3373 4341 3724 4415 despiciunt,

2021 4446 2195 4501 etiam
2245 4460 2378 4500 cum
2410 4442 2630 4498 intimas
2663 4457 2806 4512 pene
2830 4441 2955 4510 jam
2988 4453 3179 4494 arcem
3212 4432 3587 4492 sublimitatis
3624 4449 3726 4504 ap-

2021 4533 2410 4606 prehendunt.
2446 4532 2669 4588 Idcirco
2699 4529 2881 4602 igitur
2910 4529 3056 4584 bene
3090 4526 3229 4582 foris
3251 4523 3575 4596 diiudicant
3598 4521 3728 4578 alti-

2019 4624 2285 4680 tudinem
2323 4630 2556 4680 terrenee
2585 4618 2971 4685 celsitudinis,
2995 4617 3133 4690 quia
3163 4616 3318 4671 intus
3342 4612 3573 4672 oculum
3608 4629 3723 4667 non

2021 4719 2220 4787 gravat
2249 4715 2476 4787 pondus
2506 4712 2776 4768 tumoris.
2820 4710 2982 4766 Unde
3013 4717 3065 4764 et
3098 4708 3301 4764 beatus
3333 4703 3462 4770 Joh,
3494 4717 3629 4759 cum
3664 4702 3723 4756 in

2022 4805 2227 4862 amicis
2256 4804 2403 4859 dura
2429 4802 2804 4874 loquentibus
2829 4804 3117 4858 terrenam
3134 4793 3522 4869 prudentiam,
3553 4791 3720 4856 vires,

2022 4893 2528 4968 substantiamque
2575 4891 3141 4966 despiceret,dicens
3190 4903 3204 4942 :
3243 4881 3506 4956 Nunquid
3552 4880 3674 4935 dixi
3703 4895 3724 4934 :

2021 4989 2218 5060 Afferte
2249 4987 2408 5053 mihi,
2439 4990 2489 5043 et
2518 4985 2580 5043 de
2607 4986 2913 5042 substantia
2933 4986 3109 5038 vestra
3139 4978 3342 5034 donate
3388 4970 3571 5027 mihi?
3591 4969 3672 5025 vel
3706 4985 3725 5023 :

2021 5081 2265 5135 Liberale
2295 5094 2379 5134 me
2415 5077 2482 5132 de
2521 5093 2695 5132 manu
2741 5075 2946 5134 hostis;
2976 5081 3026 5127 et
3068 5070 3133 5124 de
3161 5081 3331 5121 manu
3377 5061 3723 5117 robustorum

2021 5173 2200 5228 eruite
2241 5173 2360 5228 me?
2392 5171 2576 5228 Docete
2603 5183 2708 5235 me,
2755 5170 2805 5222 et
2849 5179 2943 5236 ego
2990 5159 3207 5219 tacebo;
3229 5163 3280 5213 et
3326 5155 3381 5212 si
3424 5151 3558 5226 quid
3585 5153 3724 5224 [orte

2022 5340 2299 5406 resistitis,
2324 5340 2464 5393 sicut
2491 5339 2670 5406 patres
2695 5330 2867 5406 vestri
2897 5333 2976 5386 ita
2999 5337 3048 5386 et
3073 5342 3186 5384 vos.

2091 5413 2171 5484 (ά)
2201 5405 2440 5484 Comet,
2472 5405 2745 5484 adoravit.
2835 5476 2849 5484 _
2985 5473 2996 5484 ι
3189 5470 3200 5478 ι
3291 5475 3302 5484 ι
3412 5467 3456 5484 ﬂ
3493 5469 3516 5484 ‘
3561 5467 3597 5484 Α,

2092 5467 2168 5553 ξε)
2195 5467 2441 5538 Additur
2468 5481 2525 5534 in
2560 5476 2876 5553 Compend.
2896 5473 3030 5545 quia
3051 5470 3304 5528 nesciunt
3325 5467 3456 5541 quid
3482 5467 3717 5536 faciunt.

2091 5546 2152 5624 (Ι)
2181 5554 2350 5621 Male,
2384 5546 3004 5625 Gussanv.,'protiiius.
3161 5616 3174 5625 Δ
3229 5613 3298 5625 m

2089 5609 2168 5708 ἴα)
2199 5609 2439 5708 Getes!»
2487 5621 2579 5708 αίί.
2603 5609 3100 5708 ἀεέξνῖητεηίὲίξξείὶε
3155 5612 3499 5708 ε..νίῆξ³.⁰ἒ.·›
3519 5609 3723 5708 ἐξ)-ἐά

2018 5681 2392 5767 νερἷγηεηάοδ
2421 5681 2478 5751 se
2524 5681 2813 5767 atrociores
2860 5691 3114 5767 reddunt.
3161 5690 3246 5744 Ita
3292 5685 3470 5742 etiam
3519 5681 3719 5738 Norm.

2018 5762 2300 5842 plerique.
2330 5772 2386 5840 2,
2418 5764 2816 5828 eo....atroeius
2846 5762 3090 5820 redeunt.
