4090 6180
503 223 625 282 799

1773 227 2046 289 SANCTI
2093 225 2467 288 GREGORII
2513 225 2763 286 MAGNI
3842 248 3935 309 800

495 355 771 425 ignoravi,
811 354 1077 413 instruite
1115 373 1198 413 me
1242 375 1254 426 ;
1302 358 1440 429 quid
1488 360 1559 416 de
1618 359 1931 431 semetipso
1974 360 2205 427 sentiat,
2240 360 2291 426 Α
2322 359 2740 430 increpationis
2762 359 3098 416 effrenatur.
3123 362 3474 427 Quibusdam
3506 369 3650 426 enim
3673 374 3823 431 ruina
3847 397 3933 436 sua

495 449 670 515 paulo
710 444 958 500 inferius
1012 446 1367 515 manifestat,
1430 448 1665 503 dicens:
1710 450 1888 519 Super
1933 450 2209 521 pupillum

494 534 716 588 irruitis
745 533 915 604 (Vers.
950 534 1063 605 27).
1103 540 1251 591 Luce
1292 536 1486 606 itaque
1519 537 1732 594 clarius
1776 543 1929 610 patet
1977 543 2208 609 quantas

495 636 557 674 se
591 620 950 678 infirmitatis
979 622 1322 693 conspiciat,
1361 640 1534 696 quem
1569 626 1857 698 pupillum
1895 630 2074 682 vocat.
2110 626 2208 681 Se-

493 708 701 777 quitur
739 726 750 761 :

917 798 1147 854 CAPUT
1187 801 1399 856 xxxvr
1441 804 1584 874 [ιιεσ.
1628 803 1777 874 xw].

560 884 732 941 Vsus.
765 887 852 941 25.
895 916 963 926 —
1000 889 1180 955 Quare
1209 890 1538 947 detraxistis
1568 892 1909 948 sermonibus
1942 893 2208 957 veritatis,

482 993 607 1032 cum
636 993 664 1031 θ
694 978 839 1032 vobis
869 979 1057 1035 nullus
1088 982 1277 1053 sitqui
1303 984 1476 1055 possit
1506 1000 1740 1053 arguere
1760 987 1785 1038 .9

553 1066 640 1118 56.
694 1066 924 1121 Mundus
980 1085 1089 1124 esse
1148 1070 1299 1127 debet
1357 1072 1453 1145 qui
1482 1073 1628 1129 alios
1671 1074 1782 1129 vult
1812 1073 2108 1141 corrigere.
2143 1103 2207 1113 —

484 1154 743 1210 Mundus
774 1155 852 1227 (a)
882 1157 1003 1229 ipse
1033 1175 1063 1214 e
1094 1176 1155 1215 se
1186 1178 1218 1216 a
1256 1161 1410 1217 vitiis
1450 1163 1620 1218 debet
1663 1164 1763 1235 qui
1804 1168 1970 1221 curat
2022 1165 2210 1221 aliena

2317 449 2593 521 gradibus
2616 449 2900 505 desidiosa
2928 468 3093 507 mens
3116 452 3198 523 (ὁ)
3220 452 3275 508 in
3306 455 3521 514 foveam
3541 460 3724 531 lapsus
3745 465 3933 538 impelli-

2316 543 2432 593 tur.
2476 538 2621 593 Nam
2662 539 2803 593 dum
2852 539 3030 597 otiosa
3081 542 3257 598 verba
3295 561 3490 603 cavere
3527 549 3852 625 negligimus,
3887 563 3933 614 ad

2320 628 2488 683 noxia
2529 630 2922 700 pervenimus,
2970 636 3036 687 ut
3074 633 3236 703 prius
3286 635 3442 707 loqui
3492 638 3672 696 aliena
3715 642 3876 712 libeat,
3900 654 3937 704 et
4038 630 4039 637 γ

2320 719 2695 787 postmodum
2741 720 3202 778 detractionibus
3241 740 3439 781 eorum
3466 728 3657 795 vitam,
3695 731 3754 787 de
3782 735 3937 806 quibus

2318 805 2597 877 loquitur,
2647 807 2847 879 lingua
2897 811 3177 877 mordeat,
3219 816 3566 886 quandoque
3593 824 3765 875 autem
3803 805 3940 895 usque

2320 897 2394 952 ad
2423 902 2651 969 apertas
2684 900 3061 955 contumelias
3094 909 3377 973 erumpat.
3411 906 3553 961 Hinc
3581 908 3649 979 (ε)
3680 909 3861 968 irarum
3884 931 3941 969 se-

2321 987 2620 1042 minantur
2659 987 2908 1057 stimuli,
2951 990 3223 1047 oriuntur
3248 994 3401 1061 rixas,
3442 998 3811 1055 accenduntur
3837 1003 3939 1057 Iaces

2322 1079 2608 1147 odiorum,
2641 1096 2750 1150 pax
2777 1083 2896 1135 tota
2928 1082 3322 1154 exstinguitur
3372 1087 3645 1143 cordium.
3671 1088 3812 1147 Unde
3839 1092 3942 1149 bene

2320 1184 2417 1238 per
2449 1168 2819 1225 Salomonem
2852 1172 3064 1227 dicitur
3096 1188 3109 1227 :
3144 1173 3250 1241 Qui
3270 1173 3505 1231 dimittit
3524 1194 3716 1249 aquam
3734 1190 3867 1252 caput
3889 1191 3941 1237 est

486 1243 794 1314 corrigere,
832 1252 891 1300 ut
920 1250 1151 1304 terrena
1185 1267 1298 1307 non
1331 1252 1564 1324 cogitet,
1603 1257 1666 1307 ut
1708 1255 2015 1312 desideriis
2058 1257 2206 1313 239
2310 1256 2646 1327 jurgiorum
2673 1258 2857 1329 (Prov.
2889 1276 3024 1328 xvn,
3060 1262 3169 1331 14).
3215 1264 3441 1334 Aquam
3487 1243 3685 1338 quippe
3721 1243 3942 1326 dimittere
4038 1243 4039 1311 Τ

486 1330 706 1389 intimis
740 1351 854 1390 non
884 1340 1224 1395 succumbat
1258 1358 1271 1407 ;
1303 1347 1588 1412 quatenus
1621 1346 1782 1398 tanto
1814 1346 2209 1417 perspicacius

496 1419 628 1478 aliis
660 1423 937 1496 fugienda
980 1427 1192 1497 videat,
1229 1437 1443 1502 quanto
1476 1431 1595 1488 haec
1627 1433 1753 1506 ipse
1784 1452 1885 1507 per
1914 1438 2207 1494 scientiam

494 1516 552 1567 et
583 1513 760 1569 vitam
792 1515 986 1571 verius
1020 1518 1294 1587 declinat,
1338 1522 1478 1593 quia
1517 1539 1882 1597 nequaquam
1916 1514 2054 1599 pure
2086 1546 2209 1585 ma-

500 1604 690 1658 culam
742 1605 801 1659 in
854 1607 1116 1664 membro
1172 1612 1503 1668 considerat
1551 1614 1757 1672 oculus
1805 1633 1976 1688 quem
2023 1619 2211 1689 pulvis

497 1698 718 1761 gravat,
745 1698 801 1747 et
832 1698 1192 1767 superjectas
1224 1701 1419 1756 sordes
1450 1705 1671 1774 tergere
1703 1721 1821 1762 non
1850 1707 2047 1763 valent
2088 1725 2210 1763 ma-
2243 1726 2291 1792 B

500 1795 615 1835 nus
648 1796 775 1851 quae
807 1780 993 1838 lutum
1027 1790 1244 1843 tenent.
1278 1790 1460 1854 Quod,
1490 1791 1657 1862 juxta
1687 1795 1941 1867 antiquae
1974 1798 2215 1854 transla-

454 1938 457 1941 _
497 1867 672 1925 tionis
722 1871 949 1939 seriem,
1002 1874 1149 1931 bene
1194 1878 1264 1933 ad
1315 1878 1492 1936 David
1554 1898 1689 1951 erga
1738 1885 2018 1941 exteriora
2066 1887 2216 1943 bella

500 1958 865 2018 laborantem
915 1980 1018 2036 per
1064 1965 1541 2037 signiﬁcationem
1593 1974 1792 2031 divina
1846 1994 1953 2033 vox
1999 1977 2213 2047 innuit,

501 2064 636 2105 cum
689 2050 879 2108 dicit:
941 2053 1059 2111 Non
1102 2062 1162 2112 tu
1218 2059 1517 2130 sediﬁcabis
1564 2065 1710 2121 mihi
1760 2069 2035 2139 templum,
2085 2071 2217 2140 quia

504 2142 590 2194 vir
632 2143 966 2212 sanguinum
1006 2160 1060 2200 es
1109 2147 1176 2217 (II
1225 2149 1347 2221 Reg.
1414 2168 1529 2221 vn;
1574 2171 1687 2221 XVI,
1718 2156 1791 2222 8;
1833 2156 1855 2211 Ι
1904 2159 2033 2213 Par.
2073 2176 2214 2227 χιιι,

500 2229 581 2300 8).
641 2232 735 2286 Dei
786 2236 977 2288 autem
1038 2236 1313 2304 templum
1373 2242 1641 2313 mdiﬁcat,
1699 2247 1796 2316 qui
1854 2249 2215 2321 corrigendis

508 2323 680 2391 atque
706 2320 1084 2380 instituendis
1111 2329 1505 2397 proximorum
1528 2336 1823 2392 mentibus
1846 2320 2029 2393 vacat.
2055 2341 2218 2396 Tem-

509 2413 671 2485 plum
710 2416 923 2487 quippc
955 2415 1054 2471 Dei
1092 2433 1195 2473 nos
1226 2435 1452 2489 sumus,
1486 2424 1585 2495 qui
1611 2427 1681 2482 ad
1716 2444 1908 2484 veram
1942 2430 2114 2487 vitam
2147 2448 2214 2489 ex

506 2505 634 2574 ejus
663 2503 1082 2562 inhabitatione
1112 2510 1527 2582 oonstruimur,
1564 2516 1739 2572 Paulo
1762 2524 2081 2592 attestante,
2115 2522 2216 2593 qui

509 2592 588 2648 ait
646 2608 658 2645 :
720 2594 1000 2665 Templum
1079 2599 1175 2653 Dei
1247 2610 1491 2658 sanctum
1552 2614 1648 2673 est,
1719 2612 1869 2679 quod
1931 2611 2059 2667 estis
2126 2592 2217 2666 vos

504 2680 549 2751 (Ι
600 2681 718 2738 Cor.
774 2701 859 2754 ιιι,
912 2685 1020 2755 17).
1064 2686 1171 2741 Sed
1220 2688 1306 2743 vir
1358 2694 1711 2763 sanguinum
1770 2697 2051 2769 templum
2101 2698 2215 2758 Deo

505 2771 792 2828 aediﬁcare
829 2773 1188 2845 prohibetur,
1232 2785 1369 2849 quia
1400 2782 1510 2852 qui
1544 2785 1735 2842 adhuc
1778 2789 1924 2844 actis
1966 2793 2214 2848 carnali-

504 2860 616 2916 bus
665 2862 971 2918 incumbat
1021 2881 1256 2922 neoesse
1304 2875 1394 2925 est
1438 2877 1500 2928 ut
1548 2874 1835 2934 instruere
1879 2881 2218 2950 Spiritaliter

504 2952 898 3020 proximorum
949 2958 1171 3009 mentes
1193 2958 1515 3017 erubescat.
1562 2968 1713 3022 Bene
1765 2982 1901 3039 ergo
1951 2970 2212 3029 dicitur:

501 3043 691 3109 Quare
745 3040 1061 3099 detraxistis
1116 3050 1459 3106 sermonibus
1497 3055 1766 3124 veritatis,
1829 3074 1950 3114 cum
1994 3076 2022 3114 e
2064 3062 2214 3118 vobis

497 3130 687 3187 nullus
717 3135 787 3189 sit
816 3139 912 3205 qui
938 3139 1111 3208 possit
1140 3142 1426 3212 argueret.
1458 3145 1537 3200 Ac
1567 3145 1611 3199 si
1645 3152 1841 3217 aperte
1872 3149 2162 3207 diceretur
2193 3168 2207 3209 :

502 3222 626 3285 Qua
657 3224 974 3282 temeritate
1004 3232 1205 3287 audita
1245 3233 1691 3305 reprehenditis,
1733 3237 1855 3307 qui,
1888 3242 2211 3309 percussio-

502 3309 593 3365 nis
648 3328 786 3368 meae
839 3331 1047 3374 causas
1089 3320 1445 3391 ignorantes,
1496 3322 1686 3382 adhuc
1732 3327 2213 3399 reprehensibilia

504 3401 788 3468 profertis.
823 3406 1095 3478 Sequitur
1129 3427 1141 3465 :

946 3495 1179 3554 CAPUT
1211 3499 1363 3556 xvn
1395 3502 1536 3573 (nec.
1566 3503 1762 3576 XVII].

571 3575 741 3635 Vens.
773 3581 861 3636 26.
896 3613 962 3623 —
992 3584 1071 3641 Ad
1100 3588 1494 3660 increpandam
1516 3575 1739 3648 tantum,
1758 3595 1975 3667 eloquia
1995 3596 2213 3653 concin-

500 3670 664 3736 nalis,
698 3674 749 3724 et
779 3673 838 3727 in
868 3679 1085 3732 ventum
1117 3679 1281 3734 verba
1306 3680 1585 3751 profertis.

571 3759 663 3813 57.
728 3761 1070 3822 Locutionum
1126 3768 1231 3826 duo
1289 3787 1491 3840 genera
1550 3773 1865 3833 hominibus
1912 3781 2100 3835 noxia.
2142 3808 2211 3822 —-

504 3846 627 3902 Duo
658 3855 799 3905 sunt
827 3867 1037 3923 genera
1059 3854 1419 3917 locutionum
1442 3861 1756 3934 inportuna
1779 3865 1943 3921 valde
1965 3871 2021 3922 ct
2043 3870 2213 3926 noxia

502 3938 698 4006 generi
750 3939 1031 4012 humano,
1074 3962 1255 4002 unum
1311 3950 1468 4020 quod
1518 3956 1685 4007 curat
1727 3953 1899 4009 etiam
1942 3971 2212 4026 perversa

504 4026 760 4099 laudare,
776 4032 933 4089 aliud
966 4037 1121 4107 quod
1153 4039 1346 4094 studet
1377 4054 1603 4112 semper
1633 4042 1808 4099 etiam
1841 4049 1999 4101 recta
2030 4048 2213 4103 corri-

501 4132 655 4189 pere.
706 4119 851 4177 Illud
911 4124 1180 4181 deorsum
1238 4141 1374 4182 cum
1424 4128 1597 4185 fluvio
1629 4131 1876 4205 ducitur,
1922 4134 2031 4190 hoc
2081 4152 2211 4191 vero

508 4212 712 4265 contra
744 4211 961 4269 fluenta
999 4215 1254 4272 veritatis
1277 4217 1547 4276 obserare
1585 4225 1638 4275 et
1678 4221 1902 4279 alveum
1946 4230 2209 4283 conatur.

504 4296 653 4353 Illud
690 4306 881 4357 metus
923 4305 1147 4373 premit,
1191 4305 1299 4363 hoc
1330 4306 1503 4365 elatio
1542 4310 1731 4382 erigit.
1775 4312 1920 4369 Illud
1960 4316 2209 4387 gratiam

506 4400 572 4439 ex
615 4387 907 4445 favoribus
952 4397 1166 4465 captat,
1201 4395 1309 4453 hoc
1351 4398 1433 4453 ira
1464 4406 1522 4455 ut
1554 4416 1622 4455 ex
1652 4403 1964 4459 certamine
2010 4410 2209 4463 osten-

506 4472 676 4528 datur
696 4478 966 4549 exagitat.
985 4480 1129 4537 Illud
1157 4484 1215 4537 in
1241 4492 1513 4559 promptu
1539 4491 1825 4561 subjacet,
1854 4492 1965 4549 hoc
1986 4511 2215 4567 semper
2244 4472 2291 4537 D

503 4582 533 4621 e
564 4566 786 4625 diverso
819 4574 1025 4628 tumet.
1058 4573 1138 4629 Ex
1168 4574 1348 4647 hujus
1378 4596 1514 4653 ergo
1555 4583 1837 4654 qualitate
1863 4586 2065 4644 beatus
2106 4566 2211 4646 iob

505 4657 724 4713 amicos
765 4675 905 4717 suos
937 4662 1115 4719 fuisse
1160 4666 1475 4741 redarguit,
1518 4689 1654 4729 cum
1686 4675 1828 4731 dicit
1859 4694 1873 4733 :
1908 4677 1986 4732 Ad
2032 4681 2212 4737 incre-

499 4747 741 4818 pandum
775 4758 989 4808 tantum
1028 4755 1247 4828 eloquia
1284 4761 1647 4819 concinnatis.
1681 4765 1787 4821 Sed
1832 4768 1985 4824 unde
2022 4786 2212 4841 usque

460 4910 463 4913 ν
502 4837 574 4893 ad
609 4837 838 4909 injustas
870 4841 1287 4917 increpationis
1318 4851 1617 4908 audaciam
1651 4856 2000 4928 pervenitur,
2035 4837 2211 4929 proti-

450 4974 458 5001 λ
502 4944 612 4984 nus
634 4928 910 4999 innotuit,
934 4949 1069 4991 cum
1097 4936 1401 5008 subjunxit
1424 4957 1437 4997 :
1462 4943 1528 4997 Et
1549 4944 1606 4998 in
1642 4954 1865 5001 ventum
1898 4928 2057 5003 verba
2073 4964 2213 5021 pro-

522 5020 701 5088 fertis.
738 5022 798 5076 In
832 5031 1064 5081 ventum
1099 5027 1249 5083 enim
1294 5029 1465 5085 verba
1496 5033 1753 5102 proferre
1784 5039 1871 5092 est
1905 5020 2091 5093 otiosa
2121 5038 2210 5093 di-

449 5158 452 5162 .
498 5122 647 5165 cere.
703 5108 844 5167 Nam
894 5129 1046 5185 saepe
1105 5115 1241 5171 dum
1290 5117 1362 5172 ab
1394 5117 1594 5175 otiosis
1620 5122 1808 5179 verbis
1841 5139 2213 5198 nequaquam

500 5195 706 5269 lingua
751 5201 1159 5274 compescitur,
1201 5205 1273 5261 ad
1304 5208 1687 5266 temeritatem
1738 5195 1968 5285 quoque
2017 5195 2213 5272 stultae

576 5416 655 5500 (a)
681 5417 957 5500 yindocq
994 5422 1295 5500 [tellovset
1331 5427 1590 5500 plurimi,
1628 5434 1865 5491 mundus
1904 5436 1964 5491 in
1994 5452 2051 5493 se
2079 5453 2211 5495 esse.

574 5487 1084 5578 (QECQ‘mpcndp
1112 5497 1170 5578 in
1203 5487 1413 5578 faverim
1443 5487 1603 5578 lapsa
1625 5487 1960 5578 impellitur:
1986 5487 2211 5566 ἱξθὶιὶὲὶζ

502 5559 559 5609 et
577 5558 771 5649 ’Cer.‘
788 5558 1002 5649 iterm,
1034 5558 1095 5618 in
1123 5558 1552 5649 foveqni_lapsus

504 5628 869 5768 mi((3)1‘dlgseest
900 5628 1203 5694 irarum'in
1245 5628 1913 5715 Βθιιοῦζίρόιῦῗνᾱόιῖιιί
1949 5656 2005 5709 et
2035 5651 2216 5725 pluri-

589 5727 616 5768 ε
775 5746 788 5760 .

589 5727 616 5768 s
648 5727 788 5762 tuus.

2321 1349 2407 1400 est
2440 1344 2698 1418 linguam
2732 1347 2788 1403 in
2823 1348 3042 1404 ﬂuxum
3071 1349 3286 1422 eloquii
3309 1352 3712 1421 relaxare.Quo
3732 1362 3891 1413 contra
3909 1367 3946 1413 et
4038 1362 4039 1415 ἔ

2321 1434 2380 1490 ἱιι
2430 1435 2645 1491 bonam
2697 1442 2921 1507 partem
2969 1440 3196 1507 asserit,
3246 1440 3489 1496 dicens:
3531 1444 3673 1514 Aqua
3714 1448 3945 1516 pro/unita,
4038 1462 4039 1507 Ψ

2320 1526 2488 1580 verba
2524 1540 2593 1580 ex
2620 1541 2711 1581 ore
2740 1527 2853 1581 viri
2890 1528 3070 1596 (Prov.
3113 1545 3272 1594 xvm,
3324 1530 3401 1601 4).
3448 1531 3554 1598 Qui
3601 1549 3724 1605 ergo
3764 1535 3944 1590 dimittit
4038 1538 4039 1593 ἐ

2321 1630 2555 1684 aquam,
2587 1619 2764 1687 caput
2798 1620 2887 1671 est
2910 1616 3260 1687 jurgiorum,
3293 1619 3431 1689 quia
3478 1620 3576 1691 qui
3618 1621 3840 1694 linguam
3866 1642 3942 1679 non

2322 1702 2590 1770 refrenat,
2642 1705 3010 1761 concordiam
3045 1705 3310 1777 dissipat.
3366 1707 3525 1765 Unde
3553 1726 3583 1765 e
3611 1710 3808 1767 diverso
3844 1714 3943 1768 scri-

2328 1796 2489 1861 ptum
2522 1797 2607 1847 est
2638 1810 2650 1851 :
2687 1793 2794 1861 Qui
2820 1796 3053 1865 imponit
3091 1797 3258 1852 stulto
3305 1797 3607 1875 silentium,
3658 1801 3757 1855 iras
3785 1802 3943 1871 mitigat

2324 1880 2502 1949 (Prov.
2535 1899 2683 1949 xxv1,
2720 1884 2827 1955 10).

2391 1970 2527 2041 [νει.
2596 1972 2763 2043 XXI'.]
2836 1974 2926 2027 58.
2993 1974 3329 2047 blulliloquii
3385 1977 3555 2035 mala.
3614 1978 3825 2034 Otiosum
3861 1996 3941 2034 rer-

2325 2059 2470 2118 bum.
2494 2092 2564 2101 -—
2593 2063 2735 2128 Quia
2765 2067 2956 2120 autem
2989 2064 3362 2137 multiloquio
3394 2066 3637 2139 quisque
3659 2070 3870 2124 serviens
3894 2085 3945 2123 re

2325 2152 2667 2207 ctitudinem
2700 2154 2949 2224 justitiae
2988 2158 3184 2213 tenere
3214 2173 3329 2212 non
3366 2159 3571 2229 possit,
3610 2162 3824 2215 testatur
3851 2160 3945 2213 Pro-

2324 2244 2513 2316 pheta,
2541 2245 2675 2314 quia
2704 2244 2783 2299 ait
2814 2261 2827 2299 :
2869 2248 2959 2302 Vir
2991 2247 3269 2318 linguosus
3301 2264 3415 2305 non
3443 2248 3702 2317 dirigetur
3722 2265 3856 2320 super
3877 2252 3945 2303 ltr-

2323 2349 2443 2387 ram
2481 2333 2648 2401 (Ps-nl.
2699 2351 2921 2394 cxxxrx,
2978 2334 3082 2404 12).
3137 2335 3284 2391 Hinc
3336 2335 3611 2392 Salomon
3655 2338 3830 2393 iterum
3855 2337 3943 2389 ait:

2323 2424 2383 2478 In
2433 2424 2782 2497 multiloquio
2823 2425 2976 2481 240
3023 2431 3303 2496 peccatum
3356 2442 3467 2482 non
3514 2427 3874 2499 deerit(Prov.
3906 2441 3943 2489 ι,

2325 2514 2391 2569 19
2414 2517 2454 2582 ).
2491 2514 2626 2570 Hinc
2675 2516 2840 2570 Isaias
2887 2515 3021 2571 dicit
3056 2533 3075 2572 :
3107 2517 3184 2588 (ιί)
3235 2518 3434 2573 Cultus
3473 2519 3698 2588 justiliae
3738 2518 3946 2572 silentium

2323 2604 2477 2676 (lsai.
2510 2621 2684 2672 xxxn,
2729 2606 2836 2677 17),
2886 2605 3153 2662 videlicet
3199 2606 3476 2664 indicans
3527 2608 3653 2680 quia
3682 2607 3856 2662 mentis
3882 2606 3945 2674 ju-

2324 2697 2483 2752 stitia
2504 2697 2818 2767 desolatur,
2842 2698 3075 2769 quando
3096 2699 3166 2753 ab
3190 2698 3577 2755 immoderata
3606 2698 3854 2755 locutione
3870 2712 3947 2751 non

2324 2787 2601 2858 parcitur.
2634 2788 2777 2843 Hinc
2804 2786 3058 2843 Jacobus
3089 2788 3229 2843 dicit
3261 2804 3274 2843 :
3306 2789 3377 2845 Si
3407 2789 3527 2860 quis
3546 2793 3690 2860 putat
3714 2804 3762 2843 se
3786 2786 3947 2853 religio-

2323 2892 2446 2931 sum
2476 2892 2606 2944 esse,
2636 2892 2742 2932 non
2791 2877 3081 2947 refrenans
3130 2876 3391 2947 linguam
3438 2895 3609 2943 suam,
3640 2877 3719 2933 sed
3754 2875 3949 2931 sedarent

2323 2981 2415 3021 cor
2452 2983 2634 3035 suum,
2669 2965 2834 3036 hujus
2878 2983 3025 3021 vana
3072 2976 3155 3021 est
3202 2967 3410 3035 religio
3458 2970 3587 3039 (Jac.
3635 2984 3670 3033 ι,
3715 2967 3812 3034 26).
3853 2962 3952 3017 Hinc

2326 3071 2560 3110 rursum
2603 3054 2684 3109 ait
2727 3071 2739 3110 :
2776 3053 2853 3109 Sit
2884 3063 3072 3109 autem
3113 3057 3291 3110 omnis
3330 3056 3497 3112 homo
3524 3057 3674 3112 velox
3699 3054 3762 3109 ad
3785 3051 3953 3108 audies-

2323 3144 2464 3211 dum,
2516 3144 2705 3199 tardus
2747 3148 2927 3200 autem
2961 3144 3028 3199 ad
3059 3144 3399 3215 loquendum
3436 3146 3613 3218 (Ibid.,
3647 3144 3741 3213 19).
3766 3141 3826 3213 (e)
3852 3140 3950 3195 Hinc

2324 3230 2534 3289 iterum
2586 3233 2853 3304 adjungit
2899 3249 2911 3287 :
2961 3235 3178 3303 Lingua
3235 3235 3550 3306 inquietum
3595 3234 3796 3300 malum,
3840 3229 3953 3299 plena

2321 3338 2522 3378 veneno
2568 3324 2852 3394 mortifero
2902 3324 3045 3391 (Jac.
3080 3339 3165 3390 ιιι,
3203 3323 3279 3395 8).
3322 3322 3475 3379 Hinc
3525 3341 3622 3396 per
3663 3319 3952 3389 semetipsam
4038 3338 4039 3396 ἦ

2324 3428 2429 3469 nos
2460 3412 2678 3469 Veritas
2718 3402 3009 3481 admonet,
3042 3412 3239 3468 dicens
3272 3430 3285 3469 :
3329 3415 3509 3471 Omne
3546 3413 3748 3470 verbum
3784 3410 3953 3464 otiosum

2320 3501 2465 3573 quod
2510 3502 2678 3558 locuti
2721 3502 2937 3573 fuerint
2986 3502 3247 3568 homines,
3282 3504 3515 3560 reddent
3561 3504 3623 3559 de
3657 3518 3709 3558 eo
3753 3498 3953 3555 rationm

2322 3593 2383 3647 in
2412 3594 2508 3648 die
2544 3594 2746 3664 iudicii
2775 3592 2982 3664 (Matth.
3032 3611 3132 3658 xu,
3171 3595 3241 3649 36
3270 3594 3313 3664 ).
3374 3595 3630 3651 Otiosum
3663 3593 3841 3664 quippe
3864 3598 3951 3640 ver-

2321 3682 2463 3738 bum
2487 3693 2568 3739 est
2592 3685 2741 3755 quod
2770 3689 2869 3739 aut
2888 3683 3292 3754 rationejuslse
3317 3684 3693 3751 necessitatis,
3725 3687 3802 3737 aut
3822 3677 3951 3732 inten-

2322 3773 2477 3829 tione
2508 3772 2614 3845 piaa
2648 3771 2913 3828 utilitatis
2943 3777 3123 3828 caret.
3158 3770 3215 3827 Si
3245 3787 3387 3843 ergo
3419 3772 3560 3828 ratio
3590 3772 3655 3826 de
3684 3768 3949 3864 otiosoDs‘er:

2322 3880 2496 3920 mone
2524 3863 2795 3935 exigitur,
2828 3863 3195 3935 pensandum
3227 3862 3399 3919 valde
3429 3868 3519 3921 est
3547 3878 3665 3935 quae
3694 3850 3948 3948 pmnail-lud

2323 3953 2756 4025 multiloquium
2808 3960 3101 4025 sequatur,
3146 3954 3203 4008 in
3239 3969 3351 4025 quo
3388 3955 3561 4010 etiam
3606 3967 3697 4025 per
3737 3942 3949 4017 superbis

2322 4045 2496 4101 verba
2526 4049 2819 4115 peccatur.
3756 4126 3767 4134 _
3836 4122 3865 4134 ἒ.

2392 4134 2481 4188 59.
2530 4132 2663 4189 Sine
2702 4133 2919 4189 silentii
2957 4150 3187 4189 censura
3231 4148 3387 4188 mens
3429 4136 3538 4189 tota
3586 4134 3718 4202 patet
3753 4126 3881 4179 hosti.
3907 4145 3952 4157 -

2321 4224 2629 4280 Sciendum
2654 4239 2890 4295 quoque
2910 4228 2998 4279 est
3020 4224 3174 4293 quod
3208 4223 3279 4279 ab
3302 4223 3470 4279 omni
3493 4214 3823 4278 rectitudinis
3839 4212 3952 4266 statu

2322 4312 2662 4384 depereunt,
2704 4312 2801 4384 qui
2835 4328 2935 4382 per
2964 4312 3137 4368 noxia
3166 4312 3337 4369 verba
3371 4311 3712 4367 dilabuntur.
3752 4304 3953 4360 Humana

2323 4402 2540 4459 etenim
2575 4417 2763 4467 mens,
2795 4418 2958 4473 aquai
3004 4417 3185 4469 more,
3215 4405 3271 4457 et
3295 4399 3681 4458 circumclusa
3724 4393 3785 4449 ad
3824 4399 3953 4488 stipe:

2324 4492 2476 4548 riora
2508 4492 2860 4564 colligimur,
2886 4491 3025 4562 quia
3046 4490 3191 4546 illud
3219 4490 3429 4562 repetit
3452 4490 3603 4546 unde
3623 4475 3953 4542 descendit;et

2324 4581 2575 4638 relaxata
2618 4581 2858 4652 deperit,
2902 4581 3040 4653 quia
3071 4596 3132 4635 se
3172 4596 3274 4652 per
3302 4579 3512 4635 intima
3554 4574 3809 4666 inutiliter
3828 4577 3953 4666 spat'

2322 4672 2423 4744 git.
2457 4672 2605 4736 Quot
2635 4670 2791 4726 enim
2824 4668 3193 4740 supervacuis
3238 4668 3432 4725 verbis
3462 4686 3493 4723 a
3534 4662 3736 4722 silentii
3763 4662 3955 4744 sui‘cetl‘

2323 4739 2461 4815 sura
2483 4759 2825 4830 dissipatur,
2849 4739 3018 4829 quasi
3051 4761 3135 4813 tot
3164 4757 3298 4813 rivis
3323 4761 3485 4813 extra
3510 4772 3569 4811 se
3590 4751 3816 4810 ducitur.
3836 4739 3953 4845 Battle

2321 4853 2377 4904 et
2417 4849 2605 4905 redire
2645 4848 2889 4905 interius
2937 4848 3007 4903 ad
3053 4846 3141 4902 sui
3190 4846 3579 4917 cognitionem
3631 4857 3733 4935 non
3770 4831 3951 4935 sufficit:
4038 4834 4039 4851 1

2321 4939 2458 5009 quia
2489 4954 2590 5010 per
2620 4936 3054 5009 multiloquium
3094 4936 3345 4991 exterius
3390 4951 3612 5003 sparsa,
3655 4927 3950 5027 viminibus

2322 5028 2805 5086 considerationis
2843 5028 3080 5084 amittit.
3133 5026 3342 5081 Totam
3374 5041 3434 5081 se
3475 5024 3647 5093 igitur
3691 5011 3951 5114 insidi-anili

2322 5119 2512 5176 hostis
2558 5117 2898 5175 vulneribus
2945 5115 3180 5189 detegit,
3226 5115 3360 5186 quia
3392 5112 3555 5170 nulla
3592 5126 3651 5167 se
3697 5106 3949 5199 munitioni

2324 5209 2596 5266 custodite
2647 5188 3103 5266 circumcluditd
3134 5205 3295 5263 Unde
3344 5204 3625 5276 scriptum
3673 5201 3753 5255 est
3792 5212 3803 5249 ε
3843 5188 3951 5245 Sicut

2395 5438 2471 5507 (ἀ)
2501 5438 2745 5506 Gemet.,
2781 5438 2964 5494 Custos
2984 5434 3337 5509 justitiazsil.
3369 5432 3493 5489 Vox
3522 5427 3784 5509 Hebtygifm

2324 5481 3790 5581 άαὶιηεῖέιὶῖόἑῖινὲιῖῖῐᾶἧιῖᾜὲῗῇίῐιὶὶὲηὶξῐρὶῐέῗὐιία
3826 5481 3956 5543 habet

2324 5577 2730 5660 eti‘amjuitos,
2762 5577 3312 5660 pro__secund_a_lec_t.
3427 5647 3438 5660 υ
3478 5648 3489 5660 ι
3668 5654 3768 5660 ΜΔ
3798 5645 3881 5660 _“
3913 5621 3924 5660 ς

2395 5652 2463 5723 (ε)
2494 5653 2555 5708 In
2589 5636 2738 5734 Efdit'.
2765 5636 3002 5734 additur
3034 5666 3048 5706 :
3080 5653 3129 5706 et
3158 5647 3438 5734 tqrdusad
3466 5648 3628 5714 iram,
3657 5654 3771 5714 qua
3798 5645 3882 5691 nec
3913 5636 3953 5678 ια

2324 5722 2463 5784 Mss.
2496 5726 2655 5792 sunt,
2688 5737 2792 5781 nec
2821 5723 2893 5779 ad
2924 5737 3047 5781 rem
3076 5722 3388 5796 pertinent.
