4108 6184
98 300 211 359 801

966 293 1371 356 MORALIUM
1420 295 1570 355 LIB.
1616 296 1773 357 VllI.
1821 328 1899 340 ——
1942 296 2019 355 IN
2068 295 2326 357 CAPUT
2372 294 2450 357 Vl
2498 296 2565 357 B.
2614 296 2775 357 JOB.

3510 304 3633 364 803

84 437 214 492 urbs
235 441 447 507 patens,
472 439 523 490 et
543 434 744 505 absque
768 448 1053 487 murorum
1085 432 1317 499 ambitu,
1350 434 1431 487 ita
1458 434 1547 489 uir
1570 432 1668 505 qui
1696 449 1805 489 non
1840 435 1880 501 Α
1920 431 2086 504 quasi
2127 432 2453 504 conspectis
2478 432 2817 492 vulneribus
2855 452 3027 493 usum
3060 437 3466 497 medicaminis
3498 442 3638 498 sub-

80 532 255 601 potest
288 529 347 582 in
378 524 644 598 loquendo
683 524 930 580 cohibere
966 522 1227 595 spiritum
1259 538 1417 577 suum
1450 525 1630 595 (Prov.
1668 542 1797 594 xxv,

80 620 196 689 28).
228 616 370 683 Quia
401 615 556 672 enim
600 629 828 670 murum
867 612 1084 669 silentii
1118 629 1232 668 non
1273 613 1467 680 habet,
1496 617 1647 685 patet
1686 614 1799 670 ini-

84 706 455 778 micijaculis
474 704 673 760 civitas
698 703 939 770 mentis;
966 708 1022 759 et
1056 719 1189 758 cum
1223 718 1284 758 se
1318 719 1415 773 per
1440 704 1609 759 verba
1641 709 1801 761 extra

82 798 465 868 semetipsum
533 796 708 867 ejicit,
752 798 1012 866 apertam
1052 809 1110 849 se
1151 794 1481 850 adversario
1521 794 1797 864 ostendit,

84 904 260 961 quam
298 889 461 942 tanto
493 884 589 941 ille
628 885 755 940 sine
797 883 995 939 labore
1038 888 1294 955 superat,
1327 891 1542 955 quanto
1583 888 1639 939 et
1676 883 1799 939 hinc

78 978 279 1035 eadem
318 993 445 1048 quae
481 973 745 1045 vincitur,
768 977 969 1029 contra
1005 973 1380 1044 semetipsum
1414 989 1518 1046 per
1548 973 1800 1029 multilo-

81 1068 283 1139 quium
319 1068 559 1137 pugnat.

151 1157 243 1211 60.
268 1157 494 1212 Silentii
520 1153 869 1209 immoderati
892 1153 1251 1210 incommoda.
1276 1184 1342 1195 —
1367 1153 1476 1210 Sed
1502 1153 1653 1210 inter
1678 1154 1799 1210 haec

83 1248 390 1304 sciendum
448 1249 535 1300 est
584 1245 718 1315 quia
759 1259 892 1299 cum
944 1260 1149 1313 pavore
1195 1242 1375 1300 nimio
1417 1262 1449 1299 a
1503 1244 1799 1300 locutione

84 1336 511 1407 restringimur,
554 1336 847 1391 interdum
881 1336 1014 1406 plus
1046 1352 1217 1406 quam
1255 1351 1489 1391 necesse
1521 1340 1609 1390 est
1648 1336 1800 1390 intra

88 1431 352 1486 claustra
370 1426 591 1482 silentii
620 1430 1014 1493 coarctamur;
1036 1430 1092 1479 et
1132 1426 1271 1480 dum
1306 1425 1516 1497 linguas
1546 1426 1681 1481 vitia
1714 1427 1801 1481 in-

81 1524 256 1577 caute
271 1517 549 1589 fugimus,
574 1516 797 1571 occulte
829 1514 1211 1570 deterioribus
1244 1514 1638 1587 implieamur.
1659 1516 1797 1573 Nam

81 1622 241 1680 saepe
306 1607 444 1661 dum
493 1607 565 1659 ab
616 1605 838 1674 eloquio
910 1603 1285 1658 immoderate
1352 1604 1797 1676 compescimur,

80 1713 257 1769 grave
289 1694 725 1766 multiloquium
773 1694 830 1748 in
864 1694 1034 1749 corde
1077 1693 1412 1760 toleramus,
1459 1700 1521 1749 ut
1559 1710 1625 1750 eo
1669 1693 1801 1766 plus

80 1785 466 1858 cogitationes
516 1784 573 1839 in
638 1790 830 1838 mente
881 1783 1158 1850 ferveant,
1192 1798 1307 1853 quo
1354 1782 1479 1837 illas
1546 1783 1801 1839 violenta

83 1877 343 1933 custodia
393 1874 691 1930 indiscreti
741 1872 961 1929 silentii
1009 1878 1320 1943 angustat;
1356 1880 1409 1929 et
1456 1874 1799 1945 plerumque

80 1970 249 2023 tanto
271 1964 446 2020 latius
479 1964 772 2028 difﬂuunt,
803 1968 1021 2034 quanto
1062 1979 1124 2018 se
1141 1977 1268 2017 esse
1291 1962 1613 2019 securiores
1658 1964 1803 2020 msti-

84 2060 271 2121 mant,
313 2054 450 2126 quia
512 2053 650 2110 foris
702 2070 735 2109 a
786 2052 1305 2123 reprehensoribus
1347 2069 1461 2108 non
1512 2053 1797 2112 videntur.

87 2148 250 2203 Unde
267 2162 432 2202 mens
446 2160 866 2215 nonnunquam
890 2144 944 2199 in
971 2143 1301 2214 superbiam
1321 2143 1564 2211 tollitur,
1590 2160 1804 2216 eosque

87 2252 236 2307 quos
266 2235 573 2307 loquentes
606 2234 769 2289 audit
810 2231 967 2304 quasi
999 2233 1259 2287 inﬁrmos
1294 2232 1596 2304 conspicit.
1624 2234 1801 2288 Cum-

88 2340 200 2397 que
224 2341 289 2381 os
309 2324 565 2394 corporis
587 2322 829 2389 claudit,
850 2325 1135 2394 quantum
1160 2338 1218 2376 se
1242 2321 1396 2377 vitiis
1420 2323 1804 2391 superbiendo

88 2414 311 2487 aperiat
355 2430 469 2470 non
503 2414 787 2486 agnoscit.
823 2412 1111 2484 Linguam
1153 2411 1367 2467 etenim
1402 2411 1626 2483 premit,
1657 2412 1807 2479 cogi-

90 2504 375 2559 tationem
410 2502 616 2574 erigit;
650 2509 701 2557 et
734 2517 863 2556 cum
893 2517 953 2556 se
993 2516 1089 2571 per
1119 2500 1533 2571 negligentiam
1569 2499 1807 2555 minime

92 2595 447 2660 considerat,
478 2597 637 2647 tanto
670 2592 826 2665 apud
857 2608 919 2647 se
948 2600 1185 2646 cunctos
1216 2590 1478 2657 liberius,
1503 2594 1723 2661 quanto
1755 2597 1809 2645 et

90 2684 383 2741 secretius
450 2686 703 2738 accusat.
767 2682 903 2748 [νει.
959 2680 1147 2751 XXVI.]
1210 2678 1559 2750 Plerumque
1618 2684 1807 2735 autem

89 2774 277 2830 nimis
320 2771 473 2827 taciti
498 2787 629 2827 cum
662 2769 945 2826 nonnulla
988 2771 1208 2839 injusta
1257 2770 1574 2839 patiuntur,
1635 2785 1701 2823 eo
1749 2769 1809 2822 in

88 2864 376 2919 acriorem
424 2859 674 2916 dolorem
720 2860 1033 2927 prodeunt,
1084 2875 1198 2930 quo
1239 2874 1306 2913 ea
1348 2874 1473 2929 qua:
1516 2857 1806 2912 sustinent

89 2970 204 3008 non
244 2951 583 3021 loquuntur.
619 2953 761 3004 Nam
796 2948 841 3003 si
877 2947 1067 3003 illatas
1100 2948 1395 3002 molestias
1432 2946 1811 3017 linguatran-

90 3040 269 3113 quille
300 3040 538 3108 diceret,
570 3056 603 3093 a
634 3039 989 3096 conscientia
1020 3037 1181 3092 dolor
1204 3044 1517 3093 emanaret.
1551 3035 1807 3091 Vulnera

93 3131 249 3186 enim
276 3128 479 3183 clausa
511 3128 640 3199 plus
663 3127 944 3193 cruciant,
965 3126 1041 3196 (ιι)
1070 3126 1208 3197 quia
1232 3142 1359 3180 cum
1386 3126 1654 3196 putredo,
1684 3140 1806 3194 quas

1922 523 2185 579 trahunt.
2233 523 2310 579 Eo
2354 523 2511 580 enim
2558 526 2765 582 mortis
2808 531 3073 583 auctores
3111 528 3282 596 ﬁunt,
3325 545 3436 601 quo
3477 530 3638 589 virus

1910 614 2059 685 quod
2116 617 2385 684 poterant
2429 615 2636 685 ejicere
2677 615 2968 687 loquendo
2998 618 3329 689 :noluerunt
3373 620 3535 678 Unde
3577 629 3640 679 et

1909 704 2367 761 immoderatum
2401 706 2702 761 silentium
2736 708 2783 762 si
2822 709 2879 762 in
2912 710 3081 780 culpa
3116 726 3227 766 non
3261 714 3436 779 esset,
3484 730 3629 784 pro-

1909 792 2083 864 pheta
2130 809 2242 847 non
2286 794 2503 848 diceret
2547 794 2653 849 εγω
2698 796 2843 851 mihi
2890 800 3017 869 quia
3058 798 3209 853 tacui
3246 801 3397 870 (Isai.
3440 817 3516 869 vr,
3551 802 3630 874 5).

1979 883 2070 937 61.
2102 884 2309 953 Lingua
2337 901 2436 954 per
2451 884 2800 956 disciplinam
2840 887 3170 956 retineatur,
3196 898 3248 947 et
3284 906 3354 946 ea:
3386 896 3629 950 necessi-

1909 978 2019 1029 tate
2043 974 2283 1029 laxetur.
2309 1005 2377 1016 —
2400 976 2547 1041 Quid
2572 992 2707 1047 ergo
2730 978 2884 1033 inter
2919 978 3063 1045 haec,
3084 979 3196 1033 nisi
3224 981 3489 1038 studiose
3518 983 3634 1039 lin-

1910 1079 2026 1134 gua
2058 1066 2166 1119 sub
2194 1065 2388 1133 magni
2422 1067 2844 1124 moderaminis
2878 1068 3186 1125 libratione
3217 1070 3490 1127 frenanda
3524 1078 3637 1140 est,

1914 1170 2028 1209 non
2069 1154 2461 1210 insolabiliter
2490 1156 2826 1228 obliganda,
2861 1174 2930 1213 ne
2962 1164 3062 1213 aut
3102 1159 3289 1215 laxata
3321 1160 3377 1215 in
3422 1162 3633 1217 vitium

1920 1243 2156 1304 defluat,
2209 1249 2309 1298 aut
2354 1244 2617 1300 restricta
2657 1246 2829 1301 etiam
2878 1248 2949 1302 ab
2996 1247 3246 1304 utilitate
3303 1252 3639 1320 torpescat?

1914 1334 2057 1387 llinc
2091 1349 2346 1403 namque
2387 1350 2487 1404 per
2518 1336 2832 1405 quemdam
2880 1336 3089 1392 dicitur
3122 1355 3133 1391 :
3167 1338 3393 1407 Sapiens
3431 1341 3638 1397 tacebit

1912 1438 2082 1493 usque
2120 1422 2187 1476 ad
2242 1430 2452 1493 tempus
2485 1423 2674 1494 (Eccli.
2708 1441 2800 1493 xx,
2835 1426 2910 1495 7),
2946 1431 3009 1481 ut
3040 1426 3317 1482 nimirum
3358 1444 3492 1484 cum
3525 1446 3632 1501 op-

1912 1515 2231 1583 portunum
2295 1512 2642 1577 considerat,
2703 1514 3027 1585 postposita
3084 1532 3331 1573 censura
3388 1518 3628 1587 silentii,

1916 1600 2207 1671 loquendo
2251 1619 2379 1672 quas
2421 1612 2769 1674 congruunt,
2803 1604 2862 1659 in
2897 1620 3066 1660 usum
3111 1622 3172 1661 se
3205 1607 3472 1663 utilitatis
3517 1608 3632 1664 im-

1913 1691 2151 1762 pendat.
2196 1690 2340 1746 Hinc
2379 1691 2652 1748 Salomon
2686 1694 2779 1759 ait
2814 1711 2827 1750 :
2866 1695 3084 1765 Tempus
3122 1696 3356 1763 tacendi,
3406 1703 3456 1751 et
3500 1705 3635 1753 tem-

1906 1796 2012 1851 pus
2056 1781 2315 1852 loquendi
2356 1781 2556 1853 (Eccle.
2598 1798 2681 1845 ιιι,
2721 1784 2797 1852 7).
2840 1782 3100 1839 Discrete
3148 1785 3364 1856 quippe
3406 1786 3638 1842 vicissi-

1911 1868 2178 1923 tudinum
2206 1858 2655 1940 pensandasunt
2679 1875 2963 1943 tempora,
2989 1888 3060 1928 ne
3082 1882 3327 1929 autcum
3357 1875 3629 1948 restringi

1913 1960 2065 2016 2-12
2098 1960 2297 2030 lingua
2321 1963 2508 2031 debet,
2545 1980 2640 2033 per
2668 1962 2836 2019 verba
2866 1979 2927 2019 se
2960 1964 3245 2021 inutiliter
3274 1965 3496 2035 solvat;
3528 1974 3631 2024 aut

1913 2067 2042 2106 cum
2073 2050 2227 2123 loqui
2263 2053 2479 2109 utiliter
2527 2059 2735 2125 potest,
2770 2054 3143 2126 semetipsam
3174 2056 3333 2127 pigre
3362 2057 3629 2126 frestrin-

1914 2145 2028 2212 gat.
2065 2142 2226 2205 Quod
2260 2142 2404 2199 bene
2437 2143 2751 2201 Psalmista
2781 2145 3161 2201 considerans
3190 2144 3347 2201 brevi
3368 2128 3633 2218 postula-

1915 2228 2070 2285 tione
2115 2231 2455 2302 complexus
2494 2237 2581 2288 est
2627 2233 2830 2288 dicens
2875 2250 2888 2287 :
2936 2238 3105 2301 Pone,
3152 2235 3393 2301 Domine,
3448 2245 3630 2293 custo-

1914 2318 2065 2373 diam
2115 2321 2357 2385 orimeo,
2408 2330 2457 2375 et
2515 2322 2724 2377 ostium
2777 2320 3209 2377 circumstantia
3269 2322 3434 2378 labiis
3494 2328 3636 2381 meis

1916 2408 2091 2478 (Psal.
2133 2424 2316 2479 cmx,
2349 2411 2421 2481 3).
2456 2410 2683 2466 Ostium
2720 2427 2967 2482 namque
3007 2412 3269 2483 aperitur
3312 2416 3368 2469 et
3415 2414 3637 2471 claudi-

1919 2502 2036 2551 tur.
2071 2496 2175 2560 Qui
2208 2512 2344 2569 ergo
2378 2500 2462 2553 ori
2499 2516 2605 2556 suo
2639 2515 3008 2571 nequaquam
3045 2500 3208 2572 ponit
3238 2501 3633 2571 obstaculum,

1918 2586 2020 2641 sed
2052 2585 2263 2642 ostium
2293 2588 2477 2659 petiit,
2512 2598 2704 2661 aperte
2735 2590 2932 2646 decuit
2963 2592 3116 2662 quod
3151 2598 3203 2645 et
3235 2607 3335 2663 per
3365 2593 3629 2663 discipli-

1922 2692 2055 2730 nam
2101 2677 2330 2732 retineri
2371 2678 2572 2750 lingua
2604 2681 2827 2749 debeat,
2858 2689 2909 2735 et
2937 2696 3005 2734 ex
3037 2680 3383 2737 necessitate
3422 2682 3624 2750 laxari,

1922 2770 2209 2835 quatenus
2239 2782 2303 2821 os
2334 2768 2650 2824 discretum
2683 2778 2735 2825 et
2766 2785 3020 2839 congruo
3052 2774 3313 2841 tempore
3345 2786 3451 2826 vox
3484 2787 3629 2841 ape-

1922 2854 2053 2920 riat,
2104 2860 2161 2909 et
2211 2872 2443 2913 rursum
2492 2874 2747 2928 congruo
2781 2858 3149 2914 taciturnitas
3181 2859 3435 2915 claudat.
3470 2860 3633 2925 Quod

1921 2942 2054 3013 quia
2086 2944 2173 2999 vel
2204 2946 2379 3002 amici
2412 2948 2558 3003 beati
2590 2947 2720 3018 Job,
2740 2948 2828 3003 vel
2849 2963 3053 3004 omnes
3082 2948 3354 3013 haeretici,
3384 2964 3632 3020 quorum

1925 3038 1979 3092 bi
2040 3037 2291 3109 speciem
2348 3042 2566 3108 tenent,
2631 3053 2860 3093 servare
2930 3038 3215 3107 nesciunt,
3276 3038 3333 3093 in
3392 3043 3632 3094 ventum

1922 3130 2090 3185 verba
2124 3129 2379 3200 proferre
2413 3128 2811 3201 perhibentur,
2845 3130 2985 3200 quia
3011 3128 3284 3184 nimirum
3324 3128 3478 3185 dicta
3508 3146 3634 3199 quas

90 3222 447 3277 intrinsecus
487 3198 947 3289 fervet,eiicitur,
966 3218 1036 3272 ad
1070 3216 1314 3272 salutem
1336 3216 1499 3271 dolor
1528 3215 1803 3286 aperitur.
1838 3198 1880 3264 (ἶ
1920 3198 2286 3275 discretionis
2326 3198 2552 3289 pondus
2594 3235 2706 3274 non
2752 3198 2961 3275 solidat
3001 3235 3143 3274 aura
3192 3217 3448 3274 levitatis
3489 3198 3627 3289 por-

92 3313 442 3380 Plerumque
464 3311 637 3366 nimis
659 3309 977 3365 tacitidum
1000 3308 1387 3378 quorumdam
1422 3306 1573 3362 mala
1620 3306 1801 3377 respi-

92 3404 276 3469 ciunt,
318 3406 377 3457 et
405 3405 599 3457 tamen
640 3401 699 3455 in
737 3398 963 3456 silentio
997 3397 1145 3454 24!
1202 3397 1466 3468 linguam
1508 3400 1806 3469 premunt,

157 3567 248 3635 (α)
279 3562 526 3619 Additur
554 3562 612 3617 in
643 3564 678 3615 2
705 3559 1024 3632 Compend,
1050 3576 1213 3631 quam
1243 3561 1456 3629 aperta.

1920 3312 2024 3363 tat.

98 3711 3617 3747 _____________________—_—._—————

1374 3838 1700 3927 LlBEll
1770 3831 2347 3921 OCTAVUS.

98 4013 471 4073 I’ostremam
532 4008 741 4089 capitis
804 4011 957 4066 sexti
1010 4012 1267 4084 partem,
1325 4019 1361 4060 a
1418 4002 1493 4059 27
1552 4017 1740 4067 versu,
1818 4005 1872 4055 et
1929 4014 2058 4056 cum
2117 3993 2359 4073 septimo
2429 3998 2609 4051 totum
2680 3998 2973 4061 octavum,
3034 3995 3307 4047 enarrat.
3378 3986 3447 4045 In
3507 3989 3624 4047 hac

163 4128 363 4191 porro
447 4085 827 4169 enarratione
886 4122 923 4164 a
1008 4120 1177 4163 versu
1254 4102 1323 4160 11
1404 4100 1617 4177 capitis
1699 4098 1898 4156 octavi
1953 4092 2033 4155 ad
2114 4093 2291 4173 ﬁnem
2374 4108 2575 4171 usque,
2635 4088 2705 4149 de
2762 4085 3096 4169 hypocrisis
3166 4086 3314 4145 vitio
3401 4087 3631 4163 copiose

163 4206 472 4270 edisserit.

665 4391 901 4449 CAPUT
925 4388 1234 4447 PRIMUM.

155 4517 311 4574 241
357 4515 407 4569 1.
433 4514 528 4569 Job
577 4511 862 4567 humilitas
900 4513 952 4563 et
979 4523 1140 4563 amor
1169 4507 1229 4561 in
1277 4508 1661 4576 persecutores.
1696 4504 1808 4570 Quo

89 4609 356 4664 Ecclesiae
383 4605 626 4660 charitas
673 4618 798 4672 erga
830 4600 1109 4656 haereticos
1152 4596 1533 4652 adumbratur.
1568 4625 1634 4632 —
1662 4594 1805 4647 Pro:-

92 4696 322 4752 cedentl
348 4695 472 4763 jam
504 4691 699 4748 libello
730 4690 1114 4746 tractavimus
1147 4686 1299 4757 quod
1333 4686 1532 4740 beatus
1554 4683 1658 4737 Job
1691 4682 1806 4736 vim

94 4787 271 4842 nobis
302 4781 651 4837 humilitatis
683 4797 799 4835 suae
833 4776 1163 4843 innotescit,
1198 4776 1401 4831 dicens
1437 4790 1449 4827 :

161 4913 303 4969 CAP.
326 4927 406 4978 v1,
431 4925 585 4964 VERS.
618 4908 797 4961 27.——
816 4905 990 4977 Super
1016 4904 1293 4975 pupillum
1316 4900 1557 4967 irruitis,
1594 4903 1644 4954 et
1672 4899 1807 4954 sub-

92 5008 307 5058 vertere
324 4998 583 5054 nitimini
611 5000 849 5052 amicum
878 4998 1139 5050 vestrum.

160 5118 406 5182 Quantis
428 5128 681 5183 namque
712 5108 1068 5168 inﬁrmitatis
1100 5124 1161 5162 se
1193 5105 1507 5177 perpendat
1532 5102 1808 5177 insinuat,

93 5224 272 5279 quem
307 5203 599 5279 pupillum
631 5206 832 5268 vocat;
866 5202 1001 5272 quia
1031 5214 1163 5253 vero
1196 5198 1268 5253 ab
1309 5212 1505 5251 amore
1548 5194 1811 5252 recedere

95 5299 274 5353 etiam
320 5296 461 5351 laesa
496 5293 751 5349 charitas
790 5290 991 5355 nescit,
1024 5293 1081 5343 et
1111 5285 1365 5342 subverti
1394 5284 1538 5341 velle
1577 5301 1639 5340 se
1669 5300 1811 5355 que-

97 5390 266 5452 ritur,
289 5391 346 5443 et
374 5392 567 5441 tamen
594 5382 848 5438 amicum
886 5395 947 5436 se
970 5393 1097 5436 esse
1130 5380 1396 5432 testatur.
1429 5376 1608 5447 Cujus
1641 5376 1813 5432 verba

100 5484 162 5532 ut
186 5477 482 5547 saepejam
507 5474 785 5538 diximus,
807 5469 1086 5527 siceidem
1113 5466 1435 5537 specialiter
1459 5469 1809 5537 congruunt,

102 5574 164 5623 ut
208 5576 403 5622 tamen
443 5582 541 5636 per
580 5563 701 5619 haec
731 5579 800 5619 ex
832 5557 1167 5634 prophetico
1206 5556 1415 5628 spiritu
1456 5556 1629 5611 etiam
1673 5570 1815 5610 sen-

104 5656 295 5713 tentia
331 5653 523 5710 ﬁdelis
571 5653 792 5726 pepuli,
837 5667 905 5709 ex
947 5664 1084 5706 voce
1130 5647 1395 5704 Ecclesia
1441 5642 1810 5709 universalis,

1838 4384 2291 4455 Dexprimatur,
2339 4381 2438 4453 qui
2509 4379 2912 4436 haereticorum
2974 4376 3433 4433 contrarietatem
3493 4378 3638 4433 tole-

1921 4489 2076 4541 rans,
2116 4481 2167 4529 et
2214 4472 2509 4527 inﬁrmum
2560 4486 2621 4525 se
2671 4484 2771 4539 per
2810 4466 3200 4523 humilitatem
3241 4468 3543 4539 conspicit,
3578 4474 3635 4525 et

1919 4570 2113 4619 tamen
2144 4580 2177 4617 a
2206 4562 2503 4617 servandas
2536 4557 2860 4615 dilectionis
2903 4555 3299 4629 magnitudine
3331 4574 3444 4614 non
3477 4574 3635 4615 rece-

1919 4652 2024 4707 dit.
2061 4653 2282 4708 Sanctaa
2341 4650 2560 4722 quippe
2600 4645 2866 4703 Ecclesia:
2918 4644 3187 4718 populus,
3243 4648 3374 4717 quia
3419 4648 3637 4702 mortui

1922 4741 2103 4812 patris
2132 4746 2221 4796 est
2243 4740 2422 4806 filius,
2456 4736 2716 4809 pupillus
2749 4753 2861 4791 non
2898 4736 3220 4807 incongrue
3242 4736 3455 4791 dicitur
3482 4752 3494 4801 ;
3528 4752 3635 4793 cu-

1912 4831 2013 4902 jus
2038 4831 2390 4903 resurgentis
2413 4830 2589 4885 vitam
2621 4830 2738 4900 jam
2759 4828 2997 4899 quidem
3025 4842 3125 4899 per
3147 4826 3320 4882 ﬁdem
3345 4828 3632 4896 sequitur,

1920 4921 2018 4977 sed
2054 4922 2299 4977 necdum
2331 4935 2433 4991 per
2462 4918 2709 4989 speciem
2744 4915 3194 4987 contemplatur.
3230 4915 3417 4983 Super
3439 4913 3634 4984 pupil-

1918 5008 2041 5065 lum
2078 5026 2205 5065 vero
2244 5008 2499 5065 haeretici
2541 5008 2793 5074 irruunt,
2836 5021 2969 5060 cum
3008 5001 3398 5057 humilitatem
3444 4999 3633 5054 ﬁdelis

1922 5098 2118 5172 populi
2164 5097 2513 5170 importunis
2555 5096 2832 5166 falsisque
2861 5089 3308 5163 allegationibus
3338 5088 3625 5160 afﬂigunt.

1921 5190 1988 5245 Et
2030 5194 2223 5244 tamen
2265 5188 2489 5244 amicus
2519 5190 2607 5242 est
2648 5198 2818 5256 quem
2863 5181 3131 5236 nituntur
3170 5181 3443 5248 evertere,
3494 5179 3636 5248 quia

1924 5278 2102 5335 ﬁdelis
2130 5279 2223 5333 Dei
2249 5276 2499 5349 populus
2524 5275 2682 5345 ipsos
2706 5286 2932 5343 quoque
2957 5270 3035 5339 (α)
3057 5283 3203 5339 quos
3219 5272 3634 5338 persequentes

1922 5367 2129 5424 tolerat
2160 5366 2409 5421 amando
2437 5379 2551 5419 non
2586 5360 2802 5417 desinit
2842 5359 2912 5414 ad
2944 5356 3241 5413 veritatem
3277 5371 3495 5413 vocare.
3520 5357 3633 5414 Sed

1921 5456 2073 5512 inter
2098 5454 2217 5509 base
2250 5453 2547 5508 sciendum
2580 5454 2666 5505 est
2689 5447 2823 5519 quia
2854 5446 3042 5502 sancti
3066 5444 3171 5500 viri
3204 5460 3309 5500 nec
3339 5445 3631 5501 sustinere

1922 5545 2068 5600 falsa
2099 5560 2200 5614 per
2227 5541 2628 5596 inﬁrmitatem
2668 5541 2954 5605 metuunt,
2990 5551 3094 5591 nec
3135 5535 3253 5591 lassi
3302 5550 3561 5605 unquam
3596 5552 3629 5591 a

1919 5636 2157 5691 veritate
2187 5631 2609 5689 conticescunt.
2644 5627 2807 5685 Unde
2838 5626 3108 5684 subditur
3141 5642 3154 5681 :

182 5805 271 5878 (α)
299 5802 599 5870 Norman.,
632 5802 822 5861 Germ.
856 5803 912 5858 et
941 5797 1182 5871 quidam
1214 5794 1388 5867 Edlti,
1421 5809 1551 5867 quos
1578 5785 1947 5865 persequendo
1980 5784 2198 5841 tolerat.
