4108 6184
465 267 582 326 803

1330 397 1373 449 Τ
1406 397 1475 449 II.

1330 398 1340 414 '
1406 397 1424 449 Ι
1465 438 1475 449 .

525 493 701 548 Vens.
723 490 813 545 28.
838 519 905 529 —
933 395 1468 556 l’erumtgiizfilijqruaii
1498 485 1733 556 cepistis
1753 486 1962 556 explete
1978 503 1998 547 ;
2020 500 2168 554 pra:-

456 585 569 641 bete
598 598 789 638 aurem
818 584 869 635 et
900 579 1077 635 videte
1107 594 1178 631 an
1214 575 1475 631 mentiar.

524 674 580 729 2.
624 668 896 726 Charitati
942 682 1077 723 verae
1125 673 1309 720 contra
1364 664 1707 719 adversarios
1744 666 1928 721 adesse
1974 666 2167 721 debent

456 764 725 835 patientia
744 768 793 817 et
826 757 1157 827 benignitas.
1189 786 1256 795 —-
1287 752 1430 818 Quia
1467 754 1624 810 enim
1666 756 1905 811 adversa
1945 760 2164 827 perpeti

454 869 569 909 non
590 852 774 916 timet,
795 849 950 904 dicat
982 864 994 902 :
1035 846 1413 901 Verumtamen
1468 843 1605 915 quod
1649 844 1903 915 coepistis,
1928 847 2163 917 explete.

450 943 599 1008 Quia
639 957 765 997 vero
808 937 954 1009 ipsis
996 936 1121 992 suis
1162 934 1628 1007 persecutoribus
1673 934 1926 990 veritatis
1959 936 2165 1006 praedi-

448 1039 713 1088 camenta
745 1044 859 1085 non
892 1025 1201 1093 subtrahit,
1236 1025 1521 1096 adjungat
1555 1041 1566 1077 :
1603 1024 1843 1079 Prmbete
1875 1041 2088 1093 aurem,
2112 1031 2161 1082 et

448 1123 626 1179 videte
674 1138 748 1176 an
802 1117 1061 1174 mentiar.
1117 1118 1197 1172 Ac
1232 1116 1280 1170 si
1332 1120 1527 1187 aperte
1577 1114 1832 1170 diceret:
1881 1116 1994 1170 Nec
2028 1120 2163 1172 ante

447 1212 644 1269 illatas
693 1208 991 1265 molestias
1047 1204 1293 1276 trepido,
1346 1219 1452 1260 nec
1502 1204 1746 1275 ingratis
1798 1204 2162 1260 auditoribus

445 1298 830 1373 correptionis
860 1295 1149 1367 adjutoria
1178 1294 1491 1363 abscondo,
1518 1294 1653 1365 quia
1692 1298 1750 1349 et
1783 1294 1952 1350 malis
1997 1312 2160 1366 pres-

451 1410 556 1449 sus
594 1404 881 1457 exerceor,
914 1392 969 1443 et
1020 1386 1159 1458 ipsis
1195 1384 1339 1439 meis
1388 1385 1856 1456 persecutoribus
1895 1386 2046 1441 242
2090 1386 2165 1441 le-

449 1486 626 1556 nigne
664 1481 967 1553 impensus
1017 1492 1231 1533 cresco.
1274 1476 1432 1531 Mens
1479 1476 1693 1547 quippe
1733 1483 2066 1531 sanctorum
2103 1477 2159 1530 in

450 1574 553 1632 hoc
586 1572 970 1630 tentationum
994 1566 1191 1640 praelia
1224 1574 1275 1621 et
1299 1566 1521 1621 munita
1543 1565 1829 1637 patientiae
1864 1566 2082 1638 clypeo,
2108 1570 2163 1621 et

449 1664 661 1736 gladiis
706 1660 921 1717 amoris
961 1658 1239 1724 accincta,
1288 1657 1357 1711 ad
1401 1656 1740 1727 perferenda
1782 1655 1936 1711 mala
1979 1658 2161 1711 sumit

448 1751 865 1817 fortitudinem,
900 1752 956 1803 et
984 1747 1055 1802 ad
1088 1745 1457 1817 rependenda
1490 1744 1641 1799 bona
1670 1746 1745 1814 (a)
1778 1744 1957 1799 exerit
1997 1746 2160 1801 beni-

451 1843 753 1916 gnitatem,
786 1842 1076 1910 quatenus
1099 1840 1154 1891 et
1175 1834 1440 1889 odiorum
1464 1832 1578 1888 tela
1610 1838 1875 1905 potenter
1896 1834 2163 1905 excipiat,

448 1938 504 1987 et
535 1932 751 1987 amoris
776 1927 976 2001 jacula
995 1925 1251 1982 valenter
1284 1925 1501 1979 reddat.
1537 1924 1917 1995 Nequaquam
1953 1925 2165 1995 quippe

449 2026 521 2078 ad
555 2022 709 2079 bella
734 2023 996 2076 armatus
1027 2016 1213 2089 pergit
1239 2015 1309 2085 (b)
1346 2015 1444 2085 qui
1477 2018 1577 2069 aut
1606 2014 1873 2085 clypeum
1898 2030 2162 2085 sumens,

446 2112 675 2187 gladiis,
694 2128 810 2167 non
841 2108 1046 2172 utitur,
1080 2110 1182 2161 aut
1213 2114 1377 2160 utens
1408 2103 1619 2175 gladiis
1651 2103 1849 2175 clypeo
1884 2121 1995 2159 non
2033 2122 2161 2160 mu-

446 2206 625 2262 nitur.
660 2202 824 2258 Unde
844 2204 902 2256 et
924 2197 1091 2255 miles
1118 2196 1236 2264 Dei,
1261 2194 1632 2250 adversitatis
1655 2194 1805 2251 bello
1833 2195 2159 2266 deprehen-

446 2314 571 2367 sus,
602 2300 659 2352 et
688 2298 923 2350 scutum
956 2288 1248 2363 patientiae
1281 2288 1451 2343 debet
1480 2287 1786 2354 anteferre,
1822 2304 1892 2342 ne
1938 2291 2157 2357 pereat;

443 2391 501 2443 et
538 2386 611 2443 ad
641 2382 1076 2457 pradicandum
1111 2382 1416 2448 promptus
1447 2376 1661 2431 amoris
1709 2375 2155 2446 inferrcjacula,

447 2482 513 2534 ut
542 2475 752 2531 vincat.
786 2472 968 2542 Cujus
1000 2472 1305 2525 armaturae
1350 2484 1632 2523 summam
1664 2468 1877 2523 Paulus
1909 2468 2157 2523 breviter

444 2566 726 2631 insinuat,
777 2563 1026 2618 dicens:
1092 2558 1344 2613 Charitas
1398 2560 1610 2627 patiens
1656 2566 1751 2625 est,
1806 2558 2042 2626 benigna
2079 2567 2157 2614 est

444 2660 495 2730 (I
524 2657 645 2713 Cor.
678 2670 800 2721 xm,
834 2654 911 2724 4).
943 2655 1085 2706 Cum
1126 2666 1261 2705 vero
1296 2665 1476 2703 unum
1510 2665 1577 2704 ex
1611 2659 1846 2720 utroque
1886 2650 2151 2718 defuerit,

441 2746 695 2803 charitas
726 2760 842 2800 non
876 2746 985 2813 est,
1019 2741 1090 2807 si,
1122 2739 1412 2810 videlicet,
1456 2738 1641 2795 mulos
1672 2744 1773 2795 aut
1805 2740 2022 2810 absque
2054 2741 2152 2795 bc-

438 2836 721 2909 nignitate
759 2833 1035 2899 tolerans,
1072 2848 1186 2887 non
1228 2836 1406 2895 amat,
1441 2835 1542 2885 aut
1575 2847 1833 2897 rursum,
1868 2847 1995 2886 sese
2025 2832 2151 2886 sine

436 2926 717 3000 patientia
758 2924 1058 2991 exhibens,
1102 2921 1347 2996 negligit
1388 2922 1634 2978 tolerare
1676 2939 1819 2993 quos
1856 2928 2033 2980 amat.
2083 2923 2152 2978 Ut

436 3032 569 3087 ergo
617 3032 651 3071 a
702 3014 871 3070 nobis
930 3013 1187 3069 charitas
1244 3029 1378 3068 vera
1433 3016 1720 3081 teneatur,
1775 3030 2011 3069 necesse
2059 3018 2149 3069 est

439 3108 729 3178 quatenus
754 3108 810 3160 et
840 3102 1184 3173 benignitati
1231 3102 1527 3171 patientia,
1559 3106 1616 3156 et
1643 3118 1867 3157 rursum
1917 3103 2145 3173 patien-
2177 3134 2226 3199 Ο

438 3196 531 3250 tias
570 3193 895 3265 benignitas
932 3192 1304 3262 suffragetur,
1341 3196 1403 3244 ut
1444 3208 1715 3261 magnum
1758 3191 2052 3261 quoddam
2085 3194 2143 3249 in

436 3283 608 3339 corde
648 3287 848 3337 nostro
890 3280 1200 3335 aediﬁcium
1243 3283 1613 3345 construens,
1674 3285 1730 3334 et
1769 3280 2147 3350 benignitatis

435 3388 626 3429 arcem
659 3372 937 3443 patientia
968 3370 1198 3437 solidet,
1232 3377 1285 3423 et
1318 3370 1605 3441 patientiae
1640 3370 1881 3425 fundata
1904 3372 2147 3426 aedilicia

434 3462 765 3534 benignitas
809 3464 1062 3517 exornet.
1107 3460 1318 3515 Beatus
1360 3459 1541 3531 igitur
1578 3460 1688 3515 Job
1732 3464 2038 3532 promptus
2074 3462 2144 3516 ad

435 3551 776 3624 patientiam
801 3550 951 3605 dicat
977 3566 989 3604 :
1022 3551 1404 3605 Verumtamen
1430 3549 1569 3620 quod
1590 3551 1849 3620 coepistis,
1883 3552 2094 3621 explete
2130 3570 2143 3618 ;

436 3641 797 3714 benignitate
841 3640 1114 3711 praeditus
1154 3640 1437 3711 adjungat
1483 3657 1495 3695 :
1533 3640 1774 3695 Praebete
1832 3657 2045 3711 aurem,
2096 3644 2145 3697 et

432 3732 608 3789 videte
638 3749 710 3786 an
750 3733 1004 3786 mentiar.

507 3823 559 3876 3.
607 3822 847 3877 Ecclesia
896 3826 1144 3875 errantes
1191 3819 1366 3875 studet
1415 3820 1717 3875 rationibus
1766 3835 2034 3878 revocare.
2078 3852 2142 3861 —

429 3912 575 3977 Quia
616 3927 750 3967 vero
784 3913 986 3965 sancta
1008 3909 1264 3965 Ecclesia
1304 3927 1370 3965 ex
1412 3910 1744 3981 magisterio
1795 3910 2145 3965 humilitatis

428 4002 717 4069 instituta,
764 4002 922 4055 recta
960 4015 1087 4069 quae
1139 4000 1468 4055 errantibus
1508 3999 1669 4068 dicit,
1711 4016 1823 4054 non
1868 4000 2037 4069 quasi
2078 4016 2143 4054 ex

432 4090 770 4147 auctoritate
812 4088 1093 4160 praecipit,
1141 4088 1240 4143 sed
1266 4104 1333 4143 ex
1375 4088 1596 4142 ratione
1629 4089 1959 4158 persuadet,
1994 4089 2141 4143 bene

428 4196 584 4237 nunc
617 4179 833 4235 dicitur
866 4195 878 4234 :
919 4177 1120 4243 l’idete,
1146 4194 1216 4232 an
1240 4178 1498 4232 mentiar.
1524 4180 1603 4231 Ac
1640 4177 1687 4231 si
1722 4182 1916 4249 aperte
1940 4177 2093 4232 dicat
2127 4193 2139 4229 :

428 4273 508 4326 Ea
537 4288 663 4340 quae
697 4283 894 4325 assero
938 4283 1309 4337 nequaquam
1347 4266 1487 4321 mihi
1530 4283 1595 4321 ex
1635 4266 1977 4321 auctoritate
2014 4283 2140 4321 cre—

430 4360 574 4427 dite,
615 4360 715 4414 sed
761 4374 835 4413 an
880 4374 1014 4413 vera
1052 4358 1169 4413 sint
1199 4373 1264 4413 ex
1294 4358 1512 4413 ratione
1545 4362 1799 4429 pensato.
1842 4358 1974 4421 Quae
2007 4362 2062 4413 et
2091 4358 2139 4413 si

431 4448 666 4520 quando
717 4447 857 4502 dicit
897 4449 1047 4519 quod
1094 4449 1314 4504 ratione
1363 4448 1775 4519 comprehendi
1828 4463 1939 4503 non
1974 4447 2138 4513 valet,

432 4553 504 4594 ne
535 4539 608 4593 de
637 4536 882 4592 occultis
912 4537 1167 4595 humana
1193 4540 1339 4595 ratio
1372 4540 1547 4609 quaeri
1578 4540 1799 4607 debeat,
1836 4540 2149 4595 rationabi-

424 4628 558 4684 liter
584 4626 933 4683 suadet.Sed
978 4642 1130 4697 saepe
1160 4627 1435 4698 haeretici,
1469 4630 1609 4684 dum
1644 4629 2005 4685 occasionem
2040 4645 2140 4683 ra—

424 4715 825 4772 tiocinationis
859 4714 1175 4787 accipiunt,
1208 4717 1277 4771 ad
1306 4719 1504 4789 jurgia
1534 4718 1928 4774 contentionis
1960 4718 2138 4774 effre-

423 4808 659 4862 nantur.
697 4802 858 4859 Unde
884 4807 940 4859 et
970 4807 1099 4874 apte
1129 4819 1263 4859 mox
1292 4806 1563 4862 subditur
1598 4824 1611 4863 :

1107 4895 1339 4951 CAPUT
1373 4897 1469 4952 IlI.

429 5066 449 5117 ι
494 4986 666 5071 vene.
697 4986 787 5041 29.
825 5017 889 5028 —
947 4986 1101 5042 842
1138 4987 1485 5058 Respondete,
1529 5004 1727 5057 quaeso,
1779 4989 1979 5059 absque
2010 5004 2134 5044 con-

452 5071 686 5117 entione.

452 5071 686 5117 εηιιοηε.

494 5152 549 5208 4.
574 5149 841 5207 llwretici
870 5151 1052 5217 rixas,
1086 5164 1194 5205 non
1228 5150 1466 5205 rationes
1488 5151 1808 5220 exquirunt.
1846 5182 1915 5190 ——
1944 5150 2137 5221 Neque

498 5328 580 5399 (a)
598 5330 749 5405 Edjti
772 5331 1237 5402 habent,ea:ercet
1260 5348 1363 5405 pro
1389 5331 1755 5403 exerit,'quod
1780 5332 1837 5387 in
1861 5332 2136 5387 omnibus

428 5404 640 5473 nostris
672 5401 829 5473 Mss.
846 5408 1150 5473 reperitur.

504 5471 667 5547 (b)_In
688 5471 991 5529 Vindocin.
1018 5482 1073 5529 et
1098 5476 1260 5531 Corb.
1288 5476 1506 5543 Germ.,
1532 5475 1742 5545 legitur
1771 5474 2132 5547 simpliciter,

434 5546 529 5624 qui
551 5543 807 5624 clypeum
836 5561 1051 5624 sumeus
1078 5547 1276 5624 gladiis
1305 5543 1636 5624 nonutilui.
1676 5549 1847 5624 Linde:

523 5616 568 5681 ε)
630 5614 727 5668 Hic
786 5614 845 5668 in
909 5614 1335 5674 varia’abeunt
1395 5620 1532 5675 Mss.
1592 5619 1759 5675 Corb.
1821 5619 2015 5674 Germ.
2077 5623 2133 5672 et

428 5686 453 5739 1
501 5683 813 5753 Compend.
869 5683 1081 5739 habent
1122 5702 1134 5738 :
1169 5690 1305 5741 dum
1350 5691 1579 5745 diversis
1626 5690 1742 5745 suis
1790 5690 2133 5745 auditoribus

425 5757 770 5813 sententiam.
804 5756 830 5810 1
868 5753 1104 5812 Vindoc.
1148 5772 1160 5815 :
1194 5758 1325 5813 dum
1353 5760 1450 5815 diu
1483 5761 1754 5818 auditoris
1789 5763 1879 5819 sui
1913 5766 2133 5820 senten-

1753 259 2035 321 SANCTI
2081 260 2452 322 GREGORII
2498 262 2745 323 MAGNI

3821 270 3919 329 804

2198 397 2252 463 Α
2282 395 2436 452 enim
2470 396 2717 452 haeretici
2758 395 3239 468 inquieitionibus
3278 398 3399 454 suis
3428 398 3707 456 veritatem
3744 418 3915 460 conan-

2280 492 2373 541 tur
2403 486 2655 556 ass3qui,
2689 487 2787 543 sed
2820 485 3065 542 victores
3085 486 3287 542 videri.
3312 487 3562 560 Cumque
3591 490 3717 545 foris
3739 496 3921 548 ostendi

2276 578 2571 648 sapientes
2592 583 2893 651 appetunt,
2918 579 3079 633 intus
3113 595 3215 649 per
3234 580 3536 635 stultitiam
3570 581 3809 637 elationis
3829 601 3920 639 sua

2273 666 2523 722 vinculis
2547 666 2825 739 ligantur.
2854 668 3011 725 Unde
3037 669 3098 721 tit
3121 672 3183 723 ut
3205 671 3633 726 contentionum
3654 675 3920 729 certamina

2274 757 2598 827 exquirant,
2632 762 2687 813 et
2716 759 2783 813 de
2818 763 2950 827 Deo,
2985 758 3085 831 qui
3118 776 3225 829 pax
3257 764 3454 816 nostra
3484 766 3587 829 est,
3619 760 3761 831 loqui
3793 764 3915 833 paci-

2274 847 2379 901 ﬁce
2412 849 2689 914 nesciant,
2725 854 2899 921 atque
2929 866 2993 904 ex
3040 850 3197 920 pacis
3228 850 3452 921 negotio
3483 850 3609 905 rixae
3646 852 3919 908 inventores

2274 936 2437 992 fiant.
2462 938 2683 1002 Quibus
2708 942 2847 996 bene
2873 957 2973 1011 per
2995 940 3239 996 Paulum
3273 941 3485 996 dicitur
3509 958 3521 995 :
3548 942 3606 997 Si
3626 945 3735 1014 quis
3770 948 3912 997 autem

2273 1029 2486 1084 videtur
2514 1046 2626 1086 esse
2646 1030 3035 1097 contentiosus,
3070 1048 3167 1086 nos
3195 1032 3358 1087 talem
3385 1032 3804 1088 consuetudinem
3830 1052 3913 1087 non

2272 1120 2555 1188 habemus,
2605 1136 2779 1190 neque
2833 1122 3066 1176 Ecclesia
3117 1122 3211 1176 Dei
3250 1121 3296 1190 (l
3346 1122 3465 1177 Cor.
3510 1139 3586 1190 xx,
3639 1123 3736 1193 16).
3784 1122 3921 1178 Recte

2274 1212 2469 1263 autem
2503 1209 2820 1265 subditur:

2949 1281 3183 1337 CAPUT
3219 1283 3306 1339 VI.

2343 1372 2476 1426 IBID.
2521 1402 2585 1411 —-
2633 1373 2691 1425 Et
2734 1373 3009 1442 loquentes
3052 1372 3107 1427 id
3151 1374 3290 1442 quod
3331 1376 3534 1440 iustum
3575 1376 3666 1440 est,
3700 1372 3916 1444 judicnte.

2340 1459 2395 1514 ἴ).
2418 1462 2507 1515 Nil
2538 1461 2845 1517 inconsulte
2875 1462 3224 1534 loquendum.
3260 1494 3327 1503 --
3362 1464 3414 1519 Is
3457 1478 3694 1533 namque
3730 1463 3814 1532 qui
3846 1462 3914 1516 lo-

2272 1550 2487 1621 quitur,
2521 1552 2591 1622 (c)
2624 1553 2763 1607 dum
2796 1553 2866 1607 de
2907 1552 3095 1607 verbis
3136 1553 3260 1609 suis
3304 1553 3587 1609 auditoris
3624 1553 3914 1607 sententiam

2271 1646 2584 1713 exspectat,
2618 1641 2783 1713 quasi
2815 1643 2942 1713 ejus
2967 1642 3188 1713 judicio
3220 1644 3566 1715 supponitur
3594 1661 3624 1697 a
3652 1659 3749 1713 quo
3787 1641 3917 1695 audi-

2272 1734 2385 1785 tur.
2420 1732 2526 1796 Qui
2560 1730 2817 1803 igiturin
2859 1732 3028 1787 dictis
3075 1732 3198 1787 suis
3242 1733 3540 1803 reprobari
3586 1731 3788 1795 metuit,
3827 1730 3916 1799 ipse

2279 1819 2437 1889 prius
2473 1820 2642 1876 debet
2672 1820 2999 1875 examinare
3032 1822 3184 1892 quod
3209 1821 3371 1888 dicit,
3399 1826 3677 1892 quatenus
3697 1818 3825 1874 inter
3845 1834 3914 1873 cor

2276 1914 2331 1964 et
2356 1911 2616 1981 linguam
2632 1927 2833 1981 aequus
2854 1911 3088 1982 quidam
3110 1912 3521 1983 discretusque
3535 1911 3732 1966 arbiter
3748 1910 3913 1972 sedeat,

2274 2000 2570 2055 subtiliter
2610 2017 2883 2071 pensans,
2926 2000 2975 2055 si
3017 2008 3170 2056 recta
3209 2000 3387 2057 verba
3431 2017 3529 2055 cor
3566 2000 3767 2066 offerat,
3805 2016 3912 2069 qua,

2274 2090 2493 2145 utiliter
2542 2092 2892 2163 suscipiens,
2935 2092 3005 2146 ad
3054 2092 3389 2148 auditorum
3453 2091 3725 2162 judicium
3762 2090 3913 2159 lingua

2198 1768 2242 1832 B

2273 2183 2567 2251 perducat.
2596 2181 2801 2236 Beatus
2834 2181 3011 2252 igitur
3031 2181 3139 2235 Job
3173 2197 3273 2235 sua
3298 2185 3503 2237 contra
3539 2180 3741 2236 amicos
3761 2193 3910 2249 agens.

2272 2271 2371 2325 sed
2395 2275 2595 2326 contra
2616 2270 2917 2325 haereticos
2941 2278 3135 2326 nostra
3155 2270 3536 2335 denuntians,
3574 2269 3910 2340 praecipitatio-

2272 2376 2400 2415 nem
2434 2360 2795 2430 loquentium
2830 2359 3232 2429 reprehendat,
3265 2364 3446 2431 atque
3478 2360 3546 2415 ad
3580 2374 3758 2414 eorum
3788 2372 3907 2411 men-

2269 2454 2384 2505 tem
2418 2450 2590 2505 verba
2620 2449 2874 2520 colligat,
2910 2450 3147 2505 dicens:
3183 2452 3481 2522 Loquentes
3515 2450 3568 2505 id
3597 2449 3724 2522 quod
3755 2451 3908 2516 justum

2266 2545 2364 2605 est,
2406 2540 2670 2610 judicate.
2706 2542 2779 2596 Ac
2811 2542 2858 2595 si
2906 2546 3101 2611 aperte
3140 2542 3360 2597 diceret
3394 2560 3406 2598 :
3438 2542 3514 2613 (d)
3548 2542 3601 2596 Si
3632 2540 3683 2595 in
3714 2556 3767 2594 eo
3796 2538 3906 2609 quod

2267 2630 2336 2683 ad
2389 2646 2490 2685 uos
2532 2646 2829 2701 egressum
2872 2630 3182 2685 locutionis
3224 2631 3420 2700 exitis,
3473 2630 3784 2702 reprehendi
3825 2643 3905 2681 non

2264 2718 2457 2787 vultis,
2483 2720 3128 2791 intusjustitiaelibram
3163 2725 3373 2787 tenete,
3391 2726 3454 2775 ut
3480 2726 3629 2775 tanto
3654 2718 3774 2773 foris
3793 2716 3905 2787 quod

2264 2808 2477 2863 dicitur
2508 2824 2575 2863 ex
2606 2809 2864 2863 veritatis
2900 2811 3147 2880 pondere
3193 2809 3439 2880 placeat,
3481 2813 3687 2880 quanto
3718 2807 3811 2860 bod
3839 2808 3905 2857 in-

2263 2898 2443 2953 terius
2483 2898 2701 2953 trutina
2739 2898 3107 2954 discretionis
3140 2904 3368 2970 pensat.
3426 2902 3495 2954 Et
3541 2899 3671 2970 quia
3713 2896 3764 2950 hi
3805 2908 3905 2962 erga

2260 2985 2449 3042 aliena
2489 2986 2639 3041 dicta
2684 2992 2903 3043 rectum
2936 2988 3221 3058 judicium
3263 2994 3529 3053 exerunt,
3572 2987 3663 3059 qui
3695 2983 3904 3056 judicare

2258 3076 2418 3145 prius
2461 3076 2698 3148 propria
2746 3077 2961 3145 sciunt,
3010 3082 3322 3149 postquam
3378 3078 3545 3143 dixit,
3592 3078 3825 3146 Loquente
3864 3072 3899 3120 it

2256 3166 2395 3234 quod
2414 3165 2627 3236 justum
2656 3177 2753 3233 est,
2775 3165 3043 3236 judicate,
3078 3172 3210 3237 apte
3240 3183 3377 3223 mox
3408 3166 3601 3223 subdit
3634 3183 3646 3220 :

2945 3257 3173 3313 CAPUT
3206 3260 3274 3311 V.

2332 3348 2499 3400 Vens.
2529 3347 2619 3401 30.
2654 3376 2720 3385 —
2752 3347 2813 3400 Et
2846 3364 2955 3403 non
2987 3349 3281 3403 invenietis
3316 3350 3372 3402 in
3409 3349 3596 3419 lingua
3616 3363 3721 3401 mea
3742 3342 3899 3412 iniqui-

2255 3440 2444 3503 tatem,
2476 3451 2572 3489 uec
2601 3438 2658 3489 in
2688 3438 2942 3504 faucibus
2974 3440 3105 3492 meis
3134 3437 3389 3493 stultitia
3427 3438 3734 3509 per-sonabit.

2325 3527 2379 3580 6.
2424 3527 2704 3581 Dictorum
2741 3543 2967 3582 suorum
3003 3542 3189 3582 censor
3222 3529 3428 3583 rectius
3456 3528 3665 3599 judicat
3709 3524 3768 3578 de
3793 3518 3896 3575 alie-

2255 3618 2365 3671 nis.
2411 3616 2571 3670 Prius
2607 3618 2753 3686 falsa
2795 3617 3121 3685 refellenda,
3174 3633 3342 3688 quam
3397 3634 3521 3673 vera
3557 3617 3897 3671 doceantur.—

2255 3709 2334 3759 Ac
2367 3706 2413 3760 si
2448 3710 2641 3777 aperte
2674 3706 2886 3761 diceret
2924 3724 2935 3761 :
2970 3706 3029 3761 Si
3061 3706 3343 3763 subtilius
3377 3712 3560 3763 vestra
3586 3699 3894 3776 perpenditis,

2254 3795 2441 3849 verius
2484 3795 2672 3849 aliena
2714 3796 2995 3866 pensatis,
3036 3800 3091 3850 et
3130 3812 3262 3851 cum
3310 3802 3534 3853 rectum
3574 3792 3781 3865 coeperit
3809 3800 3897 3842 esse

2253 3886 2413 3957 quod
2435 3886 2647 3953 dicitis,
2665 3887 2894 3955 justum
2916 3888 3276 3957 cognoscetis
3299 3888 3454 3959 quod
3480 3885 3701 3941 auditis.
3723 3881 3896 3949 NeqUa-

2254 3993 2426 4047 quam
2461 3976 2677 4048 quippe
2709 3993 2837 4031 mea
2867 3976 3026 4033 vobis
3060 3977 3261 4047 lingua
3293 3978 3601 4033 stultitiam
3632 3976 3840 4031 resonat,
3864 3962 3897 4017 εἰ

2252 4086 2283 4123 a
2314 4073 2506 4124 vestra
2536 4067 2894 4123 conscientia
2926 4084 3042 4123 non
3076 4068 3372 4138 procedat.
3414 4068 3502 4122 Sic
3550 4073 3730 4122 sancta
3759 4058 3897 4114 Eccle-

2253 4157 2341 4213 sia
2360 4158 2555 4213 studet
2577 4156 2737 4228 prius
2759 4158 3110 4213 assertiones
3138 4156 3401 4213 hostium
3427 4157 3597 4213 falsas
3629 4149 3894 4209 ostendere.

2252 4252 2307 4302 et
2354 4250 2493 4302 tunc
2552 4246 3003 4317 praedicamenta
3047 4246 3306 4301 veritatis
3357 4246 3595 4318 aperire,
3647 4240 3765 4313 quia
3798 4248 3893 4289 cum

2252 4340 2406 4391 recta
2438 4353 2499 4392 se
2542 4344 2735 4391 tenere
2776 4338 3084 4403 aestimant,
3132 4342 3287 4391 recta
3329 4354 3451 4407 quae
3496 4331 3893 4390 audiuntcontu-

2254 4427 2495 4482 maciter
2538 4426 2905 4496 impugnant.
2956 4426 3097 4480 Ante
3138 4441 3271 4496 ergo
3321 4440 3554 4481 necesse
3592 4426 3669 4477 est
3703 4427 3752 4473 ut
3777 4427 3891 4507 erro:

2186 4511 2228 4575 D
2261 4533 2383 4571 rem
2434 4531 2607 4571 suum
2650 4514 2900 4569 haeretici
2947 4514 3223 4582 sentiant,
3256 4516 3333 4585 (ε)
3381 4532 3450 4571 ne
3482 4512 3676 4570 auditae
3718 4503 3891 4561 veritati

2249 4606 2665 4672 contradicunt,
2716 4604 2853 4676 quia
2884 4609 2941 4659 et
2972 4621 3315 4675 camporum
3344 4608 3534 4661 sentes
3564 4602 3605 4657 si
3635 4600 3798 4655 arator
3820 4603 3890 4642 νο·

2250 4696 2427 4752 meris
2467 4695 2747 4750 scissione
2790 4710 2903 4750 non
2945 4696 3116 4762 eruit,
3164 4699 3319 4751 terra
3360 4701 3584 4766 accepta
3625 4686 3813 4746 semina
3847 4678 3887 4730 in

2249 4792 2503 4859 segetem
2537 4802 2654 4841 non
2689 4784 2991 4855 producit;
3026 4789 3082 4840 et
3111 4802 3245 4841 cum
3290 4784 3643 4857 putredinem
3680 4774 3885 4832 medicus

2245 4876 2502 4933 vulneris
2535 4875 2828 4948 apertione
2861 4892 2973 4930 non
3005 4876 3184 4946 ejicit,
3211 4890 3572 4948 nequaquam
3604 4872 3655 4925 in
3683 4868 3786 4923 loco
3812 4873 3886 4929 ΡΨ

2244 4968 2487 5024 tredinis
2517 4984 2661 5021 sana
2692 4982 2822 5021 caro
2855 4967 3147 5022 coalescit.
3202 4966 3369 5021 Prius
3398 4980 3527 5033 ergo
3558 4970 3787 5033 perversa
3810 4948 3880 4999 dt“

2245 5066 2493 5125 struens,
2528 5057 2680 5112 dicat
2715 5073 2726 5110 :
2754 5059 3045 5128 Loquentes
3078 5056 3133 5111 id
3164 5057 3301 5128 quod
3324 5058 3535 5125 justum
3555 5058 3625 5108 est
3637 5046 3877 5121 judicatc':

2246 5152 2376 5221 post
2406 5155 2596 5203 autem
2633 5150 2784 5202 recta
2832 5146 3157 5215 insinuans,
3192 5148 3473 5218 adjungat
3506 5160 3516 5198 :
3552 5144 3607 5196 Et
3641 5153 3733 5194 non
3765 5134 3875 5185 inrc-

2244 5330 2399 5384 tiam.
2430 5330 2464 5382 2
2502 5348 2522 5383 .·
2552 5328 2681 5384 dum
2712 5330 2777 5384 de
2816 5329 2990 5385 verbis
3025 5326 3142 5382 suis
3189 5324 3549 5383 auditoribus.
3582 5317 3723 5376 Colb.
3750 5312 3867 5375 R68"

2244 5402 2462 5469 Germ.,
2496 5400 2624 5455 dum
2657 5401 2833 5456 verbis
2862 5401 2979 5455 suis
3010 5400 3297 5454 auditoris.

2316 5472 2387 5543 (ίί)
2424 5461 2460 5525 1’
2494 5474 2811 5543 Compend.,
2857 5474 2908 5528 si
2938 5472 2995 5527 in
3030 5488 3089 5528 eo
3132 5472 3275 5543 quod
3303 5469 3372 5524 ad
3414 5482 3505 5522 nos
3536 5479 3624 5535 per
3658 5461 3865 5528 egressum

2244 5544 2536 5599 locutionis
2566 5547 2813 5613 ejicitur.

2316 5618 2383 5639 [Α
2427 5616 2625 5639 DL_-:-
2720 5632 2785 5639 η-
2832 5615 3017 5639 -..Δέι-
3065 5615 3295 5639 -.-..:.._a-
3345 5606 3692 5639 -..κικηιιὶιεηωι
3738 5587 3846 5639 norb

2314 5595 3018 5686 (έῖ*Εὕὲοἶῖοἷνῖὲἀκάτια
3064 5615 3295 5672 veritate
3341 5606 3707 5669 contradicunt.
3738 5595 3861 5650 Corb.

2240 5686 2456 5757 Germ.,
2489 5704 2556 5745 ne
2580 5691 2775 5746 audita
2804 5687 3073 5745 veritatis.
