4108 6184
189 246 301 305 805

1056 238 1471 301 MOllALIUM
1520 237 1670 297 LIB.
1717 231 1878 293 VIII.
1928 248 2004 281 ³-
2048 233 2127 292 ΙΝ
2173 232 2345 293 CAP.
2392 233 2503 295 VII
2547 234 2614 294 B.
2660 235 2821 298 JOB.

3584 251 3703 311 806

190 383 350 439 nietis
381 383 441 437 in
470 379 668 451 lingua
698 394 820 435 mea
856 377 1227 449 iniquitatem,
1259 391 1357 432 nec
1384 377 1443 431 in
1474 373 1725 446 faucibus
1754 371 1891 426 meis
1919 369 1975 436 Α
2004 371 2201 426 tamen
2232 385 2299 425 ex
2328 369 2667 428 infirmitate
2696 380 2946 444 generat,
2998 379 3153 447 quod
3204 396 3269 436 ex
3316 382 3525 443 virtute
3569 405 3704 447 suc-

190 472 423 530 stultitia
459 470 800 543 personabit.
839 468 973 540 [νει.
1007 468 1131 539 111.]
1165 466 1364 523 Solent
1403 470 1597 521 autem
1639 460 1891 519 haeretici

193 563 305 619 alia
336 565 531 633 aperte
561 560 772 627 dicere,
796 560 872 628 (a)
905 556 1016 612 alia
1046 556 1105 611 in
1137 554 1380 611 occultis
1412 559 1624 610 tenere.
1650 557 1757 607 Per
1786 551 1890 607 lin-

191 667 365 725 guam
400 650 616 723 quippe
647 656 842 720 aperta
874 645 1107 716 locutio,
1141 662 1243 717 per
1269 646 1462 701 fauces
1493 660 1623 699 vero
1666 641 1896 698 occulta

190 741 459 801 tractatio
491 741 850 812 designatur.

258 833 313 887 7.
351 831 588 887 Ecclesia
624 845 731 884 non
772 828 889 883 alia
927 830 1117 898 aperte
1158 828 1394 898 pro/ert,
1426 825 1543 880 alia
1581 824 1743 892 celat,
1790 823 1897 878 hm-

191 921 483 978 reticorum
507 935 675 976 more.
699 949 766 959 --
788 921 1008 973 Sanctae
1031 933 1166 989 ergo
1191 915 1457 971 Ecclesia:
1482 930 1586 969 nec
1614 913 1675 968 in
1698 913 1900 984 lingua

192 1010 494 1082 iniquitas,
529 1025 631 1064 nec
663 1006 910 1063 stultitia
939 1005 999 1061 in
1040 1005 1305 1061 faucibus
1354 1008 1608 1068 resonat,
1655 1004 1794 1074 quia
1832 1019 1899 1059 ea

192 1118 319 1172 quae
362 1117 461 1171 per
509 1097 800 1170 publicam
850 1096 1205 1151 locutionem
1247 1094 1542 1165 praedicat,
1584 1093 1760 1148 etiam
1802 1110 1900 1164 per

192 1192 459 1246 intimam
495 1188 662 1243 ﬁdem
696 1194 921 1251 servat;
949 1201 1052 1241 nec
1084 1186 1141 1240 in
1175 1188 1370 1256 aperto
1403 1183 1560 1239 aliud
1594 1183 1779 1250 docet,
1816 1186 1902 1237 at-

195 1296 305 1354 que
338 1281 394 1335 in
428 1277 670 1335 occultis
698 1274 1117 1340 aliud‘retinet,
1152 1275 1247 1329 sed
1282 1278 1340 1329 et
1362 1273 1514 1344 quod
1534 1272 1712 1327 sentit
1745 1272 1898 1329 244

192 1369 486 1442 loquendo
508 1368 583 1438 (ὸ)
614 1366 789 1437 ejicit,
809 1369 864 1421 et
886 1365 1042 1436 quod
1065 1363 1325 1434 loquitur
1347 1363 1587 1418 vivendo
1608 1362 1897 1429 custodit;

193 1476 263 1516 ac
295 1461 365 1515 de
395 1457 691 1530 sapientia
732 1470 998 1525 supernae
1030 1453 1290 1509 convivio
1322 1451 1609 1524 quidquid
1643 1465 1744 1522 per
1782 1450 1899 1507 lin-

191 1566 367 1622 gnam
404 1544 827 1619 praedicationis
856 1546 926 1615 te)
953 1547 1205 1610 emanat,
1232 1543 1336 1598 hoc
1359 1558 1460 1613 per
1483 1543 1678 1597 fauces
1710 1540 1899 1597 tacitae

193 1635 642 1710 exspectationis
670 1635 959 1705 degustat.
994 1633 1102 1688 Sed
1137 1633 1341 1688 beatus
1369 1631 1479 1687 Job
1511 1646 1696 1685 unum
1740 1629 1898 1686 scili-

2003 459 2176 515 cidat.

2075 551 2127 604 9.
2164 551 2300 618 Quot
2328 551 2499 608 modis
2529 556 2803 610 tentemur
2822 575 2842 623 ;
2873 559 2968 627 qui
3010 563 3296 618 tentationi
3323 566 3425 619 uni
3459 569 3710 627 succedat

2007 640 2207 695 altera.
2231 674 2299 681 —
2329 641 2421 697 Sic
2450 643 2644 714 itaque
2673 643 2933 702 humana
2961 647 3078 704 vita
3107 653 3347 711 tentatio
3377 661 3482 723 est,
3502 664 3565 715 ut
3595 662 3703 718 etsi

1997 730 2121 800 jam
2153 730 2221 785 ab
2254 731 2578 821 iniquitatis
2600 736 3023 805 perpetratione
3050 744 3452 813 compescitur,
3479 747 3537 803 in
3561 750 3708 821 ipsis

2006 823 2200 875 tamen
2256 820 2420 877 bonis
2479 822 2772 896 operibus,
2832 826 3002 883 modo
3060 830 3347 890 malorum
3405 820 3708 912 memoria,

2008 913 2178 967 modo
2209 912 2565 968 seductionis
2596 914 2861 986 caligine,
2897 919 3068 975 modo
3096 920 3437 982 intentionis
3468 944 3583 985 suae
3616 932 3711 988 in-

2007 1002 2365 1074 terruptione
2396 1003 2671 1059 fuscetur.
2709 1004 2874 1061 Alius
2897 1023 3141 1080 namque
3165 1029 3197 1068 a
3218 1012 3451 1073 luxuria
3474 1035 3705 1077 carnem

2000 1092 2124 1162 jam
2158 1092 2427 1157 refrenat,
2453 1094 2551 1148 sed
2578 1099 2770 1150 tamen
2796 1096 2987 1152 adhuc
3020 1100 3261 1158 luxuria:
3296 1104 3709 1176 phantasmata

2008 1181 2231 1247 tolerat,
2264 1180 2400 1252 quia
2431 1198 2557 1253 quae
2588 1183 2781 1239 volens
2814 1185 2965 1254 fecit,
3011 1188 3212 1246 borum
3256 1192 3471 1251 invitus
3502 1202 3709 1256 memi-

2008 1270 2111 1338 nit,
2142 1279 2194 1326 et
2245 1288 2469 1341 pmnam
2521 1274 2793 1341 sustinet,
2846 1279 2997 1347 quod
3048 1279 3409 1353 voluptatem
3462 1290 3710 1358 putavit.

2008 1359 2152 1425 Quia
2186 1376 2313 1416 vero
2342 1362 2410 1416 ad
2445 1361 2727 1419 devictam
2758 1364 2984 1436 culpam
3035 1371 3245 1426 retrahi
3296 1376 3521 1443 metuit,
3573 1395 3708 1437 ven-

2006 1453 2153 1542 trem
2184 1450 2339 1542 miree
2360 1451 2726 1542 abstinentiae
2750 1456 2813 1525 (e)
2841 1456 3032 1527 vigore
3055 1462 3371 1535 restringit,
3396 1467 3710 1542 vultusque

2008 1555 2073 1633 ea
2105 1539 2792 1633 abstinentiapallescit;
2826 1562 3077 1619 cumque
3110 1552 3166 1605 in
3192 1553 3333 1610 facie
3359 1558 3543 1625 pallor
3563 1539 3714 1633 aspi-

2008 1630 2177 1698 citur,
2212 1632 2527 1685 reverenda
2558 1633 2628 1687 ab
2661 1633 2999 1693 hominibus
3036 1639 3153 1695 vita
3190 1641 3499 1714 laudatur;
3551 1630 3711 1707 mox-

192 1735 286 1787 cet
316 1728 644 1784 membrum
679 1724 1026 1780 universalis
1072 1722 1360 1791 Ecclesiae,
1412 1738 1518 1779 sua
1565 1721 1896 1789 insinuans,
1931 1742 1977 1807 B
2010 1734 2121 1790 que
2153 1718 2345 1774 inanis
2373 1720 2559 1792 gloria
2590 1723 2661 1778 ab
2689 1724 3032 1784 abstinentis
3063 1730 3322 1789 animum
3357 1752 3488 1792 cum
3523 1741 3712 1798 verbis

194 1826 372 1892 atque
401 1818 717 1873 electorum
749 1816 1008 1871 omnium
1049 1814 1226 1869 corda
1277 1812 1677 1892 manifestans,
1728 1827 1902 1867 omne

197 1890 353 1983 quod
383 1908 563 1966 sentit
593 1906 830 1980 aperiat,
867 1910 929 1961 ut
970 1904 1183 1960 mentis
1206 1890 1328 1973 eju‘s
1371 1902 1776 1958 rectitudinem
1811 1904 1902 1956 at-

195 2000 431 2059 testatio
461 1996 769 2054 locutionis
805 1996 1151 2050 innotescat.
1186 1994 1495 2064 Sequitur:

581 2087 808 2145 CAPUT
848 2086 915 2142 VI
956 2086 1090 2156 [Vet.
1125 2086 1221 2152 IV,
1256 2087 1374 2139 Rec.
1409 2083 1527 2153 Ill].

194 2186 333 2242 CAP.
349 2198 449 2251 vn,
464 2196 623 2236 vsas.
643 2178 691 2233 1.
706 2209 771 2218 -
786 2175 988 2231 Militia
1011 2180 1087 2231 est
1112 2177 1217 2230 vita
1239 2173 1477 2228 hominis
1495 2188 1657 2242 super
1676 2180 1898 2228 terram.

269 2278 323 2330 8.
377 2275 492 2329 Vita
535 2277 742 2339 nostra,
785 2277 835 2325 et
875 2267 1080 2322 militia
1122 2272 1171 2321 et
1213 2267 1437 2320 lentalio
1485 2263 1671 2319 eodem
1718 2278 1898 2318 sensu.

191 2369 319 2438 Ipsa
348 2365 452 2419 sibi
472 2360 700 2417 lentatio
720 2364 820 2415 est.
843 2388 911 2399 -—
933 2357 1049 2413 Hoc
1070 2356 1129 2412 in
1151 2355 1276 2411 loco
1298 2353 1676 2410 translatione
1724 2351 1901 2408 veteri

191 2468 569 2525 nequaquam
594 2449 802 2506 militia
822 2449 939 2504 vita
954 2446 1234 2513 hominis,
1255 2446 1357 2501 sed
1380 2444 1620 2500 tentatio
1642 2447 1897 2501 vocatur.

188 2544 306 2600 Sed
337 2543 384 2598 si
429 2541 731 2611 utriusque
779 2536 940 2593 verbi
1002 2552 1210 2592 sensus
1255 2533 1554 2605 aspicitur,
1607 2533 1898 2588 diversum

189 2634 435 2707 quidem
468 2635 555 2688 est
583 2630 735 2701 quod
769 2627 1021 2684 exterius
1055 2630 1309 2690 resonat,
1360 2624 1463 2680 sed
1514 2639 1689 2679 unum
1737 2639 1900 2678 eum-

187 2727 452 2793 demque
480 2718 840 2776 concorditer
870 2715 1230 2772 intellectum
1266 2715 1496 2770 format.
1550 2712 1693 2777 Quid
1744 2712 1901 2767 enim

188 2812 314 2869 nisi
348 2826 540 2884 pugna
567 2816 767 2864 contra
799 2806 1085 2878 malignos
1117 2804 1377 2875 spiritus,
1431 2802 1667 2858 nomine
1717 2806 1901 2857 tenta-

187 2904 373 2960 tionis
406 2898 790 2972 exprimitur?
824 2898 890 2953 Et
921 2897 1057 2968 quid
1091 2894 1476 2967 appellatione
1514 2893 1755 2962 militim,
1790 2893 1899 2948 nisi

188 2998 398 3050 contra
437 2992 628 3045 hostes
650 2986 983 3044 exercitium
1012 2984 1399 3055 designatur?
1421 2982 1685 3038 Tentatio
1708 2981 1900 3052 itaque

187 3085 323 3156 ipsa
355 3079 565 3136 militia
593 3081 698 3148 est,
730 3077 868 3148 quia
900 3076 1035 3130 dum
1070 3078 1268 3129 contra
1306 3071 1695 3142 malignorum
1727 3070 1895 3142 spiri-

184 3179 359 3229 tuum
391 3168 639 3224 insidias
672 3165 888 3237 vigilat,
917 3164 974 3218 in
1028 3163 1311 3218 bellorum
1359 3161 1651 3233 procinctu
1698 3159 1897 3232 procul

185 3262 372 3319 dubio
404 3258 663 3316 exsudat.
692 3255 1025 3312 Notandum
1049 3269 1201 3322 vero,
1226 3253 1379 3324 quod
1410 3252 1530 3307 haec
1553 3251 1752 3307 eadem
1785 3252 1900 3307 vita

183 3352 454 3411 hominis
487 3366 601 3407 non
644 3346 1022 3403 tentationem
1074 3343 1283 3399 habere
1336 3343 1568 3411 dicitur,
1622 3343 1724 3398 sed
1773 3346 1901 3413 ipsa

182 3443 441 3502 tentatio
472 3456 600 3496 esse
631 3438 987 3511 perhibetur.
1023 3436 1237 3505 Sponte
1269 3433 1483 3504 quippe
1515 3451 1547 3488 a
1573 3436 1728 3488 statu
1760 3448 1901 3489 con-

180 3533 429 3590 ditionis
462 3529 644 3601 lapsa,
680 3531 735 3582 et
758 3524 1151 3596 corruptionis
1176 3538 1291 3579 suae
1322 3521 1615 3592 putredini
1643 3521 1897 3589 subdita,

179 3626 332 3680 dum
368 3620 478 3676 sibi
509 3636 577 3674 ex
606 3616 924 3687 semetipsa
956 3612 1248 3668 molestias
1278 3611 1480 3681 gignit,
1519 3613 1624 3666 hoc
1655 3616 1742 3666 est
1777 3611 1900 3680 jam

177 3716 343 3769 facta
372 3711 527 3783 quod
560 3706 784 3763 tolerat.
814 3703 957 3769 Quia
978 3702 1129 3758 enim
1154 3705 1372 3756 statum
1401 3701 1477 3771 (ct)
1504 3700 1714 3755 mentis
1734 3699 1895 3755 incli.

184 3809 335 3861 nata
366 3800 645 3867 deseruit,
678 3795 813 3869 quid
846 3796 907 3849 in
939 3810 1001 3849 se
1032 3793 1143 3848 nisi
1178 3796 1397 3848 motum
1428 3791 1722 3846 varietatis
1755 3791 1904 3846 inve-

180 3896 323 3951 nit?
355 3890 518 3947 Unde
549 3903 703 3943 nunc
741 3885 851 3941 etsi
894 3884 963 3939 ad
1005 3898 1241 3937 summa
1268 3881 1591 3952 appetenda
1620 3897 1681 3936 se
1712 3880 1903 3952 erigit,

181 3976 606 4040 rn'utabilitatis
630 3974 864 4031 lubrica:
884 3971 1134 4042 impulsu
1156 3971 1419 4041 protinus
1438 3970 1507 4024 ad
1530 3970 1902 4041 semetipsum

182 4072 377 4130 cadit.
411 4066 552 4121 Vult
580 4067 636 4121 in
670 4061 1151 4132 contemplatione
1193 4064 1367 4124 stare,
1421 4060 1518 4113 sed
1571 4076 1684 4114 non
1735 4060 1902 4117 valet.

180 4156 582 4232 Cogitationis
613 4168 875 4227 gressum
912 4151 1086 4221 ﬁgere
1130 4149 1354 4216 nititur,
1406 4149 1506 4203 sed
1553 4148 1905 4206 inﬁrmitatis

181 4266 321 4308 suae
353 4245 617 4317 lapsibus
648 4244 977 4299 enervatur.
1011 4240 1145 4305 Quze
1175 4235 1451 4292 nimirum
1498 4236 1906 4292 mutabilitatis

180 4355 321 4397 suae
354 4351 527 4392 onera
556 4332 691 4403 quia
721 4329 918 4386 volens
950 4326 1206 4399 expetiit,
1244 4324 1445 4381 nolens
1488 4330 1698 4396 portat.
1734 4328 1907 4391 Quie-

181 4437 297 4486 tus
329 4426 504 4481 homo
527 4421 823 4494 possidere
847 4434 1077 4475 carnem
1102 4416 1309 4489 potuit,
1336 4415 1382 4471 si
1407 4415 1551 4471 bene
1576 4416 1646 4470 ab
1672 4420 1908 4471 auctore

2012 1807 2428 1899 favorisqvenit,
2469 1828 2644 1881 quam
2694 1830 2980 1873 concussa
3028 1835 3195 1877 mens
3235 1823 3375 1879 dum
3425 1827 3714 1899 subjicere

2013 1914 2127 1953 non
2160 1897 2328 1968 valet,
2361 1916 2493 1955 eum
2546 1918 2647 1971 per
2705 1920 2877 1975 quem
2934 1914 3171 1965 venerat
3227 1897 3715 1985 tergerea'facie

2012 1987 2292 2059 pallorem
2327 1990 2569 2060 quierit;
2602 1992 2799 2063 sicque
2844 1995 2906 2051 ﬁt
2938 2000 3022 2065 ut,
3068 1998 3424 2061 inﬁrmitatis
3470 2008 3715 2066 nexibus

2012 2078 2206 2171 ligata,
2237 2082 2337 2133 aut
2367 2079 2644 2171 pallorem
2678 2083 3047 2142 abstinentiae
3074 2089 3317 2159 fugiens,
3359 2094 3573 2157 iterum
3616 2117 3715 2171 per

2008 2167 2285 2223 alimenta
2311 2168 2479 2224 subdi
2503 2168 2745 2228 luxuriae
2775 2174 2923 2231 245
2960 2182 3196 2245 metuat,
3229 2190 3348 2248 aut,
3393 2167 3713 2256 impulsum

2008 2256 2249 2312 luxuriae
2296 2275 2395 2328 per
2436 2259 2848 2317 abstinentiam
2891 2280 3195 2335 superans,
3230 2270 3506 2340 pallorem
3537 2292 3712 2334 suum

2010 2346 2169 2401 inani
2203 2346 2397 2417 glorias
2430 2347 2679 2405 militare
2710 2351 3098 2421 pertimescat.
3134 2356 3318 2427 Alius,
3351 2364 3575 2433 lapsum
3616 2384 3718 2423 su-

2012 2435 2221 2506 perbiae
2258 2452 2561 2507 superans,
2597 2443 2717 2495 toto
2737 2441 2865 2511 jam
2908 2443 3194 2503 desiderio
3234 2453 3448 2508 statum
3481 2452 3717 2511 humili-

2010 2526 2146 2582 tatis
2200 2528 2622 2598 apprehendit;
2675 2548 2927 2604 cumque
2985 2539 3386 2606 superbientes
3429 2548 3715 2614 quosdam

2012 2632 2194 2688 usque
2224 2618 2296 2673 ad
2329 2619 2759 2689 oppressionem
2800 2622 3199 2682 innocentium
3232 2644 3537 2705 erumpere
3581 2652 3717 2692 cou-

2011 2706 2200 2777 spicit,
2232 2706 2339 2763 zeli
2369 2709 2716 2767 excitatione
2742 2728 3086 2784 succensus,
3121 2723 3468 2792 postponere
3499 2724 3716 2797 aliqua-

2009 2799 2182 2852 tenus
2213 2798 2441 2869 cogitur
2478 2800 2626 2869 quod
2660 2800 2931 2871 decrevit,
2964 2804 3077 2860 vim
3112 2810 3475 2869 rectitudinis
3516 2816 3715 2884 exerit,

2010 2888 2317 2959 pravisque
2346 2905 2459 2943 non
2494 2893 2963 2960 mansuetudine,
2997 2897 3097 2951 sed
3131 2900 3468 2958 auctoritate
3490 2910 3716 2962 contra-

2010 2978 2169 3033 dicit.
2216 2980 2380 3035 Unde
2418 2980 2763 3053 plerumque
2807 2983 2871 3037 tit
2903 2992 2963 3039 ut
3006 2995 3104 3043 aut
3135 2988 3488 3050 humilitatis
3520 2997 3717 3053 studio

2011 3066 2197 3123 zelum
2231 3068 2600 3125 rectitudinis
2635 3072 2880 3140 deserat,
2912 3078 3009 3130 aut
3040 3092 3272 3134 rursum
3303 3081 3425 3139 zelo
3473 3086 3717 3143 rectitu-

2010 3160 2165 3215 dinis
2196 3161 2389 3217 turbet
2418 3160 2765 3218 humilitatis
2794 3166 3052 3223 studium
3080 3171 3236 3239 quod
3267 3173 3517 3231 tenebat.
3541 3177 3717 3232 Cum-

2010 3263 2120 3318 que
2151 3247 2368 3303 servari
2398 3247 2575 3303 simul
2608 3257 2656 3304 et
2689 3248 2796 3307 zeli
2828 3254 3156 3321 auctoritas,
3199 3260 3256 3312 et
3300 3261 3716 3331 propositionis

2008 3335 2311 3392 humilitas
2342 3338 2415 3408 (I)
2448 3338 2539 3395 vix
2569 3340 2771 3410 possit,
2803 3341 3154 3414 sibimetipsi
3186 3346 3359 3403 homo
3390 3365 3458 3405 ex
3496 3357 3717 3422 pertur-

2010 3425 2242 3483 batione
2273 3426 2599 3499 incognitus
2627 3429 2912 3499 redditur,
2948 3432 3026 3488 ita
3059 3437 3120 3489 ut
3142 3436 3510 3496 vehementer
3532 3444 3715 3499 ambi-

2010 3520 2127 3587 gat,
2162 3530 2232 3571 ne
2263 3517 2416 3587 apud
2444 3518 2752 3573 seductum
2782 3521 3041 3577 animum
3072 3528 3172 3580 aut
3201 3530 3476 3598 superbia
3506 3547 3567 3587 se
3608 3549 3712 3587 au-

2012 3605 2337 3659 ctoritatem
2370 3605 2475 3660 zeli
2508 3604 2786 3676 insinuet,
2814 3613 2915 3665 aut
2940 3618 3137 3684 torpor
3166 3616 3409 3685 pavidus
3426 3618 3717 3677 humilita-

2010 3698 2124 3748 tem
2141 3694 2339 3765 tingat.
2357 3693 2536 3765 Alius,
2554 3701 2770 3766 quanta
2788 3699 2862 3754 sit
2876 3699 3113 3757 fallaciae
3127 3704 3299 3775 culpa
3312 3709 3712 3779 considerans,

2013 3785 2243 3840 munire
2274 3800 2336 3840 se
2375 3801 2506 3840 arce
2552 3788 2811 3843 veritatis
2868 3790 3148 3857 decernit,
3200 3799 3261 3849 ut
3311 3812 3381 3851 ex
3439 3814 3533 3855 ore
3584 3802 3712 3870 jam

2014 3874 2197 3929 falsus
2225 3890 2412 3930 sermo
2445 3891 2558 3930 non
2591 3877 2852 3947 prodeat,
2884 3894 3125 3951 seseque
3167 3883 3432 3941 funditus
3460 3905 3493 3941 a
3541 3905 3712 3945 men-

2014 3964 2163 4020 dacii
2196 3965 2658 4033 transgressione
2689 3967 3005 4038 disjungat.
3040 3971 3151 4027 Sed
3186 3974 3246 4028 ﬁt
3286 3974 3630 4049 plerumque
3654 3988 3715 4036 ut

2016 4071 2147 4111 cum
2181 4070 2379 4110 verum
2410 4055 2642 4122 dicitur,
2675 4057 2787 4112 vita
2818 4058 3063 4129 proximi
3110 4066 3414 4134 gravetur;
3465 4084 3715 4141 cumque

2015 4146 2273 4217 ingerere
2306 4145 2469 4202 alteri
2500 4146 2796 4204 laasionem
2824 4150 3053 4217 metuit,
3075 4154 3145 4209 ad
3171 4154 3278 4211 hoc
3301 4158 3454 4227 quod
3489 4159 3712 4217 dudum

2017 4240 2311 4309 presserat
2359 4235 2595 4292 fallaciae
2646 4237 2872 4307 vitium,
2925 4242 3094 4311 quasi
3141 4258 3207 4299 ex
3256 4247 3449 4302 studio
3482 4249 3715 4320 pietatis

2017 4326 2201 4395 redit;
2226 4326 2423 4397 sicque
2445 4326 2511 4381 ﬁt
2538 4329 2601 4381 ut
2626 4327 2731 4382 etsi
2756 4328 2977 4385 malitia
3002 4336 3253 4388 mentem
3280 4351 3394 4391 non
3420 4341 3634 4409 teneat,
3656 4339 3716 4396 in

2018 4431 2085 4471 ea
2113 4420 2311 4471 tamen
2346 4414 2601 4471 veritatis
2626 4416 2851 4472 radium
2876 4420 3082 4477 umbra
3106 4424 3391 4480 mendacii
3426 4428 3716 4485 obscuret.

183 4517 496 4581 conditus,
562 4509 841 4584 possideri
900 4507 1195 4563 voluisset.
1257 4505 1521 4576 Cumque
1573 4521 1631 4560 se
1688 4507 1905 4577 erigere
1936 4500 1981 4564 D
2014 4504 2176 4560 Unde
2206 4507 2261 4559 et
2291 4519 2441 4575 saepe
2471 4504 2610 4575 quia
2640 4511 3012 4576 percontatus
3053 4512 3300 4583 quisque
3332 4517 3721 4574 conticescere

182 4612 407 4665 contra
454 4601 815 4659 conditorem
862 4597 1108 4665 studuit,
1158 4595 1218 4650 in
1276 4594 1585 4664 semetipso
1646 4595 1907 4663 protinus

183 4697 397 4756 carnis
425 4689 838 4750 contumeliam
890 4687 1128 4743 invenit.
1189 4686 1297 4740 Sed
1358 4683 1491 4756 quia
1551 4701 1685 4739 cum
1742 4685 1916 4757 culpa

184 4785 385 4846 simul
434 4784 505 4838 ab
556 4781 777 4853 origine
823 4778 997 4834 etiam
1052 4792 1217 4847 poena
1266 4778 1638 4846 propagatur,
1691 4774 1913 4830 inserto

184 4872 569 4935 inﬁrmitatis
600 4870 737 4926 vitio
769 4868 1084 4934 nascimur,
1119 4874 1170 4921 et
1220 4863 1387 4935 quasi
1421 4863 1721 4918 nobiscum
1772 4864 1913 4921 hos-

184 4975 323 5025 tem
358 4962 725 5026 deducimus,
759 4974 931 5029 quem
964 4973 1095 5012 cum
1129 4954 1323 5009 labore
1363 4970 1729 5024 superamus.
1786 4956 1913 5025 Ipsa

186 5073 340 5129 ergo
386 5051 646 5108 hominis
702 5048 819 5103 vita
877 5045 1120 5102 tentatio
1175 5051 1280 5109 est,
1340 5041 1429 5097 cui
1491 5059 1555 5097 ex
1602 5043 1917 5114 semetipsa

186 5142 471 5205 nascitur
502 5139 656 5195 unde
687 5136 1023 5208 perimatur.
1068 5135 1200 5198 Quae
1256 5130 1363 5186 etsi
1413 5145 1641 5200 semper
1687 5145 1753 5185 ex
1804 5131 1914 5187 vir-

187 5244 330 5295 tute
362 5230 628 5293 succidit,
674 5226 828 5298 quod
878 5240 946 5279 ex
992 5221 1333 5278 inﬁrmitate
1382 5223 1640 5291 generat,
1692 5234 1918 5293 semper

274 5458 360 5525 (a)
392 5454 641 5525 ItaiMss.
672 5449 744 5525 _At
770 5448 940 5525 Editi,
971 5446 1342 5525 aliaocculte.

274 5516 355 5597 (bi
386 5526 447 5581 In
480 5520 717 5597 Excusis
753 5519 943 5587 docet;
997 5518 1200 5591 optimi
1250 5533 1459 5573 sensus
1508 5516 1698 5585 lectio,
1753 5522 1808 5575 et
1857 5520 1915 5575 in

181 5594 349 5660 Mss;
386 5594 703 5665 incognita.

278 5672 355 5741 (c)
387 5668 632 5741 Gemet.,
662 5665 920 5741 seminat.

284 5733 363 5815 (ti)
396 5740 582 5809 Gem.,
613 5736 763 5793 nicas
794 5734 1062 5791 inclinata
1092 5733 1312 5790 deserit.

2017 4610 2133 4649 non
2156 4592 2322 4662 valet,
2347 4596 2469 4661 aut,
2493 4592 2702 4650 falsum
2726 4595 2948 4663 dicens,
2973 4616 3141 4657 suam
3169 4607 3420 4660 mentem
3448 4607 3721 4675 trucidat,

2027 4689 2147 4751 aut,
2201 4701 2330 4739 vera
2394 4684 2658 4756 loquens,
2718 4688 2967 4757 proximi
3021 4691 3197 4748 vitam
3255 4700 3473 4765 gravat.
3532 4697 3720 4762 Alius,

2026 4791 2220 4831 amore
2250 4775 2563 4831 conditoris
2592 4777 2683 4833 sui
2714 4779 3016 4849 excitatus,
3044 4799 3076 4837 a
3124 4786 3369 4841 terrenis
3416 4788 3726 4857 cogitatio-

2026 4864 2199 4920 nibus
2245 4867 2499 4921 mentem
2555 4873 2721 4924 curat
2769 4870 3003 4927 assidua
3044 4874 3302 4929 oratione
3350 4876 3721 4945 suspendere,

2025 4958 2200 5025 atque
2221 4954 2372 5010 hanc
2392 4955 2447 5010 in
2476 4964 2700 5014 secreta
2722 4959 2937 5030 quietis
2962 4962 3179 5017 intimae
3216 4963 3527 5019 securitate
3549 4963 3725 5019 collo-

2024 5060 2192 5111 care;
2225 5046 2322 5101 sed
2356 5046 2412 5100 in
2446 5046 2572 5118 ipso
2605 5066 2719 5103 suae
2752 5049 3030 5105 orationis
3058 5067 3329 5119 ascensu,
3353 5052 3492 5106 dum
3516 5053 3727 5108 elevari

2026 5136 2095 5189 ad
2118 5134 2337 5191 inﬁmis
2358 5136 2587 5204 nititur,
2610 5136 2949 5193 inﬁmorum
2973 5138 3384 5209 phantasmate
3399 5142 3729 5198 reverbera-

2024 5227 2150 5279 tur:
2178 5228 2349 5297 atque
2380 5225 2449 5280 ad
2481 5226 2823 5282 intuendam
2853 5226 3041 5283 lucem
3067 5227 3281 5284 mentis
3302 5228 3506 5285 oculus
3538 5231 3729 5287 tendi-

2099 5442 2169 5515 (ρ)
2202 5441 2451 5515 Ebroic.,
2482 5440 3067 5515 abstinentiaeirigores
3088 5443 3392 5515 restringit.

2198 5510 2546 5596 Ita_Bell.ov.,
2574 5511 2794 5596 iterm”
2824 5514 2859 5567 2
2896 5513 3208 5596 compend.
3231 5510 3310 5596 ρξ’
3343 5516 3729 5596 n_onnulli_.__1n

2025 5584 2206 5642 Editis
2250 5584 2697 5660 etquib‘usdam
2737 5588 2895 5653 Mss,
2922 5590 2974 5643 et
3018 5584 3412 5660 propositionis
3443 5589 3731 5643 humilitas

2025 5674 2134 5787 :31:
2155 5654 2343 5784 parit.
2377 5654 2438 5712 In
2462 5656 2629 5713 Corb.
2661 5661 2875 5727 Germ.,
2911 5654 3032 5717 non
3056 5654 3143 5718 est
3174 5660 3457 5734 particula
3484 5675 3732 5733 negans-
