4108 6184
437 262 549 322 807

1704 258 1984 319 SANCTI
2029 260 2409 321 GREGORII
2456 262 2692 321 MAGNI

3772 272 3863 333 808

434 409 549 472 tur,
582 405 680 461 sed
712 419 779 458 ex
810 417 1083 474 corporeo
1118 417 1245 469 usu,
1267 400 1641 471 surgentibus
1665 415 1861 455 rerum
1886 404 2144 455 terrena-
2177 408 2231 473 Α
2264 408 2376 470 tur,
2401 403 2539 473 quia
2570 407 2625 458 et
2658 402 2988 462 itinerantis
3009 421 3240 476 gressus
3261 407 3394 462 dum
3417 407 3472 464 in
3502 409 3751 466 anteriora
3773 384 3894 482 pro-i

436 511 567 552 rum
598 492 979 565 imaginibus,
1012 493 1368 547 obscuratur.
1404 489 1565 545 Unde
1597 489 1660 543 ﬁt
1710 489 2055 561 plerumque
2089 493 2151 544 ut

437 584 793 646 intendentis
808 585 1059 651 animus,
1085 583 1212 654 ipsa
1231 598 1338 637 sua
1357 581 1696 635 infirmitate
1716 581 2011 653 fatigatus,
2028 586 2150 647 aut,

435 678 756 734 orationem
807 676 1104 739 deserens,
1136 671 1360 727 desidia
1408 674 1653 742 torpeat,
1690 675 1809 737 aut,
1854 671 1902 726 si
1939 671 2038 725 diu
2092 671 2150 726 in

436 769 697 826 oratione
729 764 1130 838 permanserit,
1161 767 1291 817 ante
1316 760 1514 818 oculos
1545 762 1672 831 ejus
1696 762 1772 834 (α)
1811 762 2150 817 obortarum

436 860 760 931 imaginum
793 854 978 923 caligo
1020 854 1352 909 densescat.

508 950 641 1019 [Vet.
700 946 776 1015 ν.)
844 944 931 998 10.
987 944 1068 997 Ea:
1122 943 1399 998 occasione
1445 941 1711 997 virtutum
1757 941 1995 997 deterius
2051 942 2154 995 ali-

440 1036 655 1108 quando
686 1036 922 1088 ruimus.
956 1064 1022 1072 τ
1072 1031 1225 1086 Bene
1267 1047 1399 1101 ergo
1458 1031 1717 1087 dicitur:
1780 1033 2024 1086 Tentatio
2076 1034 2154 1085 est

434 1129 555 1184 vita
582 1123 828 1179 hominis
858 1137 1022 1193 super
1052 1130 1273 1187 terram,
1306 1120 1538 1192 quando
1561 1120 1643 1175 ibi
1673 1137 1905 1192 quoque
1928 1125 2152 1175 reatum

436 1212 840 1272 descensionis
870 1211 1111 1278 invenit,
1146 1210 1245 1265 ubi
1277 1225 1337 1265 se
1365 1214 1710 1279 ;provectum
1761 1209 2151 1280 comprehen-

435 1306 570 1363 dere
600 1302 954 1360 ascensionis
980 1300 1240 1372 putavit;
1275 1305 1331 1355 et
1364 1299 1498 1355 inde
1547 1315 1709 1354 mens
1756 1298 2151 1368 confunditur,

435 1396 590 1452 unde
623 1408 860 1465 surgere
892 1409 925 1447 a
954 1391 1294 1447 confusione
1328 1389 1641 1459 nitebatur,
1674 1393 1738 1444 ut
1779 1406 1876 1461 per
1926 1389 2032 1443 hoc
2079 1401 2151 1455 ad

433 1485 803 1556 semetipsam
834 1481 1200 1537 diverberata
1231 1480 1448 1547 redeat,
1476 1496 1578 1549 per
1601 1480 1747 1549 quod
1784 1478 2152 1549 semetipsum

423 1579 547 1648 jam
581 1573 821 1631 collecta
850 1575 905 1627 et
938 1571 1260 1626 coadunata
1295 1568 1605 1624 transibat.
1655 1568 1789 1639 Iste,
1839 1568 1909 1622 ab
1959 1567 2153 1623 erudi-

436 1667 594 1723 tione
624 1664 831 1720 divinze
851 1661 998 1733 legis
1025 1660 1267 1727 alienus,
1294 1659 1619 1731 ignorantia
1645 1676 1749 1714 sua
1787 1657 2149 1728 deprimitur,

435 1771 507 1811 ne
538 1753 678 1824 quid
711 1750 1044 1809 obtinendae
1076 1750 1284 1804 salutis
1317 1753 1607 1820 operetur.
1633 1748 1732 1803 Ille
1765 1748 1972 1803 divina:
2005 1748 2151 1820 legis

436 1843 685 1901 scientia
716 1840 1015 1912 praeditus,
1049 1840 1188 1893 dum
1220 1838 1330 1892 sibi
1364 1854 1475 1908 prae
1500 1838 1717 1893 caeteris
1742 1838 1955 1909 gaudet
1978 1837 2150 1892 intel-

435 1934 657 1989 lectum
689 1934 1016 2001 suppetere,
1052 1926 1191 1999 quia
1222 1928 1439 1997 privato
1462 1925 1673 1998 gaudio
1713 1927 1981 1993 exsultat,
2018 1944 2153 1997 per-

436 2023 587 2094 cepti
618 2019 949 2077 intellectus
977 2019 1035 2072 in
1070 2033 1132 2071 se
1166 2031 1408 2070 munera
1441 2015 1726 2087 dissipat;
1751 2016 2152 2085 etindeinju-

435 2114 586 2169 dicio
614 2109 833 2167 caeteris
867 2107 1117 2164 deterior
1146 2105 1471 2173 exhibetur,
1507 2106 1658 2162 unde
1690 2105 1897 2160 clarior
1927 2107 2149 2161 caeteris

433 2203 504 2259 ad
537 2206 765 2270 tempus
798 2196 1150 2254 ostenditur.
1186 2194 1351 2250 Hunc
1378 2194 1514 2265 quia
1542 2196 1825 2249 virtutum
1859 2195 2009 2249 dona
2034 2212 2149 2249 non

433 2290 767 2355 sublevant,
799 2286 969 2342 etiam
1002 2286 1154 2340 viam
1189 2284 1514 2355 simplicem
1572 2284 1937 2339 rectitudinis
1968 2284 2147 2340 decli-

433 2384 571 2449 nat;
605 2381 662 2434 et
693 2376 850 2433 velut
880 2380 1219 2431 extraneum
1252 2389 1310 2428 se
1339 2390 1370 2427 a
1404 2371 1622 2427 caelesti
1674 2389 1913 2427 munero
1962 2374 2150 2441 depu-

434 2478 589 2536 tans,
612 2466 782 2540 quasi
813 2482 879 2521 eo
902 2466 1165 2521 securius
1198 2480 1369 2533 prava
1401 2462 1535 2533 agit,
1582 2480 1695 2534 quo
1742 2462 1976 2533 superni
2012 2463 2148 2517 doni

433 2558 709 2617 sublimia
738 2571 977 2611 munera
1009 2570 1124 2609 non
1160 2552 1437 2624 percepit.
1472 2551 1639 2608 Illum
1685 2552 1993 2621 prophetiae
2028 2552 2147 2622 spi-

428 2651 579 2705 ritus
613 2647 818 2720 replet,
845 2645 914 2700 ad
942 2644 1367 2716 praescientiam
1394 2642 1680 2708 sublevat,
1717 2641 1883 2712 eique
1908 2646 2150 2696 ventura

432 2754 679 2812 quisque
706 2738 829 2807 jam
867 2734 1175 2807 praesentia
1218 2736 1481 2789 ostentat.
1538 2732 1648 2788 Sed
1699 2734 1832 2787 dum
1892 2748 2043 2803 smpe
2096 2742 2149 2787 et

428 2830 570 2886 246
600 2828 659 2884 in
693 2825 889 2881 multis
921 2840 1091 2895 super
1120 2824 1506 2893 semetipsum
1558 2822 1797 2889 tollitur,
1846 2829 1905 2875 ut
1958 2822 2149 2876 futura

429 2918 712 2973 veraciter
733 2913 1183 2984 contempletur,
1211 2926 1396 2978 mens,
1425 2911 1480 2964 in
1504 2911 1595 2965 sui
1615 2910 2025 2966 conﬁdentiam
2046 2910 2145 2964 de-

429 3009 629 3075 ducta,
663 3020 795 3060 eum
830 3004 929 3075 qui
964 3000 1164 3057 haberi
1188 3017 1411 3071 semper
1434 3017 1547 3055 non
1572 3005 1753 3071 potest
1779 3016 2008 3069 semper
2030 2999 2145 3054 sibi

429 3098 630 3153 adesse
664 3092 979 3165 prophetiae
1010 3092 1281 3161 spiritum
1327 3091 1619 3158 aestimat;
1674 3106 1927 3160 cumque
1976 3105 2147 3144 omne

2264 492 2402 559 ﬁcit,
2441 492 2595 563 quod
2628 498 2802 549 restat
2860 494 2967 550 iter
3024 496 3319 553 decrescit.
3378 498 3500 553 Vita
3554 515 3672 571 ergo
3722 507 3874 556 nostra

2264 580 2475 637 militia
2502 589 2609 651 est,
2643 602 2769 655 quae
2802 602 2912 655 quo
2943 587 3014 641 ad
3046 591 3423 659 augmentum
3471 589 3694 656 ducitur,
3737 607 3788 645 eo
3828 597 3874 646 ut

2265 687 2378 726 non
2412 673 2485 726 sit
2517 674 2737 729 finitur.
2781 673 2933 729 Bene
2962 675 3136 745 igitur
3178 677 3417 734 dicitur:
3469 677 3649 733 Militia
3680 683 3745 733 est
3792 682 3878 735 vita

2262 762 2508 816 hominis
2537 778 2698 833 super
2726 767 2957 832 terram,
2993 766 3127 835 quia
3158 765 3296 820 dum
3347 782 3444 837 per
3489 768 3655 837 spatia
3697 773 3876 839 tempo-

2264 869 2393 907 rum
2428 870 2683 911 crescere
2717 859 2935 929 appetit
2965 858 3036 928 (c)
3065 858 3135 913 ab
3168 858 3365 913 eodem
3393 858 3587 929 spatio,
3620 861 3750 928 quod
3778 876 3882 929 pen-

2263 943 2451 999 dendo
2483 945 2721 1016 colligit,
2755 949 3065 1003 crescendo
3095 950 3425 1019 pertransit.
3458 948 3607 1003 Unde
3634 952 3744 1019 apte
3771 966 3880 1020 quo-

2265 1049 2376 1105 que
2407 1034 2527 1105 ipse
2585 1035 2803 1091 militiae
2850 1054 3056 1093 cursus
3106 1038 3464 1109 exprimitur,
3513 1055 3634 1094 cum
3676 1041 3885 1111 protinus

2264 1123 2660 1180 subinfertur:
3489 1150 3491 1153 '

2916 1216 3148 1272 CAPUT
3190 1217 3312 1272 VII.

2333 1304 2474 1357 Inln.
2509 1334 2576 1344 —
2608 1306 2668 1360 Et
2696 1306 2836 1359 sicut
2866 1307 2983 1361 dies
3014 1307 3349 1362 mercenarii
3376 1306 3481 1362 dies
3500 1308 3626 1375 ejus.

2337 1394 2420 1447 12.
2455 1394 2686 1463 Electus,
2719 1396 3048 1450 mercenarii
3077 1398 3269 1465 instar,
3320 1397 3433 1452 dies
3472 1414 3587 1451 suos
3628 1399 3720 1452 cito
3755 1396 3888 1452 evolvi

2262 1488 2427 1555 Optat.
2473 1484 2532 1537 In
2579 1484 2764 1540 alieno
2810 1486 3044 1541 laborat.
3094 1489 3259 1541 Curat
3287 1503 3354 1541 ne
3394 1486 3542 1541 ullus
3586 1486 3684 1541 dies
3731 1503 3885 1540 vacuus

2263 1574 2483 1628 labatur
2533 1574 2600 1628 ab
2642 1590 2819 1645 opere.
2854 1606 2921 1615 —-
2972 1576 3109 1630 Dies
3160 1593 3297 1631 suos
3339 1576 3707 1632 mercenarius
3748 1575 3885 1630 evolvi

2262 1665 2432 1720 citius
2465 1671 2712 1737 exoptat,
2748 1670 2810 1720 ut
2841 1668 2911 1721 ad
2942 1666 3154 1722 laboris
3188 1668 3276 1723 sui
3305 1668 3598 1736 praemium
3622 1667 3886 1722 sinetardi-

2262 1759 2380 1811 tate
2411 1757 2730 1827 perveniat.
2767 1757 2896 1812 Dies
2938 1757 3131 1827 itaque
3173 1758 3431 1813 hominis
3474 1774 3600 1813 vera
3640 1763 3690 1812 et
3729 1762 3890 1813 aeterna

2259 1845 2540 1917 sapientis
2572 1852 2722 1902 recte
2754 1848 3093 1902 mercenarii
3127 1848 3333 1903 diebus
3365 1852 3762 1919 comparantur,
3789 1846 3889 1916 quia

2257 1939 2599 2005 praesentem
2633 1936 2832 2003 vitam,
2867 1937 3016 1992 viam
3054 1954 3167 1992 non
3202 1939 3473 2008 patriam,
3526 1937 3766 1992 militiam
3804 1951 3885 1990 non

2258 2025 2511 2096 palmam
2545 2027 2826 2097 deputat;
2861 2032 2918 2081 et
2946 2044 3010 2083 eo
3042 2044 3102 2082 se
3135 2027 3341 2083 abesse
3381 2028 3604 2098 longius
3633 2046 3661 2081 a
3707 2026 3886 2097 praemio

2258 2115 2557 2185 conspicit,
2592 2133 2707 2187 quo
2742 2116 2952 2171 tardius
3003 2117 3069 2171 ad
3124 2117 3295 2171 linem
3354 2118 3522 2172 venit.
3573 2114 3885 2171 Consideran-

2255 2205 2392 2259 durn
2425 2221 2653 2276 quoque
2685 2211 2771 2261 est
2802 2208 2954 2277 quod
2999 2207 3394 2269 mercenarius
3426 2208 3479 2263 in
3512 2206 3698 2262 alienis
3725 2204 3886 2259 labari-

2256 2294 2366 2349 bus
2384 2298 2648 2362 exsudat,
2682 2296 2780 2351 sed
2808 2302 3001 2351 tamen
3027 2296 3138 2351 sibi
3164 2298 3466 2366 prmniium
3494 2297 3761 2368 proprium
3784 2310 3887 2365 prae-

2256 2390 2441 2455 parat.
2475 2385 2627 2441 Voce
2659 2391 2853 2441 autem
2890 2387 3294 2458 Redemptoris
3332 2388 3511 2442 nostri
3545 2388 3773 2441 dicitur:
3816 2385 3887 2437 Ile-

2252 2490 2419 2545 gnum
2441 2491 2621 2530 meum
2652 2492 2759 2529 non
2791 2486 2869 2531 est
2907 2476 2972 2530 de
3018 2477 3119 2532 hoc
3156 2479 3369 2533 mundo
3419 2479 3590 2548 (Joan.
3636 2491 3771 2538 xvm,
3808 2472 3887 2539 36).

2255 2567 2455 2618 Omnes
2502 2579 2634 2635 ergo
2690 2564 2814 2635 qui,
2865 2582 2967 2636 spe
3015 2564 3343 2621 caelestium
3405 2563 3642 2636 praediti,
3687 2560 3891 2618 exercitio

2254 2652 2381 2707 vitae
2415 2654 2717 2723 praesentis
2757 2654 3084 2721 atterimur,
3120 2654 3177 2708 in
3210 2653 3403 2710 alieno
3437 2654 3762 2709 laboramus.
3790 2649 3889 2703 Nam

2253 2759 2405 2812 saepe
2437 2747 2493 2797 et
2524 2742 2786 2813 reprobis
2814 2744 3026 2797 servire
3046 2744 3332 2814 cogimur,
3362 2745 3578 2799 mundo
3603 2760 3716 2814 qua)
3738 2737 3891 2793 mundi

2252 2836 2389 2886 sunt
2420 2832 2658 2887 reddere
2711 2841 3072 2887 coarctamur
3102 2850 3113 2898 ;
3149 2842 3200 2887 et
3254 2834 3451 2888 alieno
3502 2833 3717 2903 quidem
3747 2828 3891 2881 labore

2254 2921 2580 2993 fatigamur,
2616 2923 2714 2977 sed
2752 2927 2946 2977 tamen
2978 2924 3215 2994 praemia
3247 2928 3447 2978 nostra
3478 2921 3830 2994 percipimus;
3855 2921 3890 2967 εί

2257 3029 2353 3081 per
2386 3011 2492 3066 hoc
2526 3012 2894 3081 pervenimus
2926 3014 2992 3066 ad
3031 3012 3282 3082 propria,
3320 3013 3477 3084 quod
3512 3027 3644 3082 pure
3665 3007 3891 3063 ministra-

2253 3119 2382 3157 mus
2412 3103 2619 3161 aliena.
2651 3104 2772 3168 Quo
2806 3108 3004 3158 contra
3035 3104 3388 3175 quibusdam
3433 3104 3643 3159 Veritas
3681 3094 3893 3154 dicit28i

426 3185 581 3255 quod
606 3162 854 3238 seinse-rit
900 3179 1263 3250 prophetiam
1318 3184 1502 3248 putat,
1551 3178 1688 3249 quia
1728 3177 1837 3231 sibi
1890 3177 2037 3231 hanc
2087 3182 2137 3231 et

2254 3194 2312 3248 in
2343 3194 2523 3249 aiieno
2553 3162 2737 3263 ﬁdeles
2766 3210 2875 3249 non
2906 3162 3114 3264 fuistis,
3149 3193 3288 3264 quod
3326 3200 3567 3249 vestrum
3588 3199 3658 3247 est
3702 3190 3801 3259 quis
3841 3184 3890 3251 (ά)

426 3290 561 3329 cum
595 3288 710 3326 non
738 3270 915 3325 habet
947 3267 1165 3336 tribuit,
1199 3272 1255 3321 et
1287 3266 1341 3319 in
1380 3274 1664 3336 quantum
1710 3266 1917 3320 habere
1951 3267 2136 3335 potuit

429 3361 664 3419 amittit.
699 3360 910 3429 Sicque
942 3357 1005 3411 fit
1038 3361 1101 3412 ut
1123 3356 1257 3411 inde
1282 3358 1411 3426 post
1432 3354 1504 3426 (b)
1528 3354 1777 3409 aliorum
1807 3354 2011 3409 merita
2034 3354 2137 3407 tri—

426 3451 535 3509 stis
563 3450 781 3516 redeat,
808 3447 963 3503 unde
985 3444 1372 3502 aestimatione
1390 3444 1651 3499 omnium
1676 3443 1846 3498 laetus
1882 3443 2137 3513 praeibat.

426 3541 673 3597 Tentatio
702 3541 777 3595 est
809 3553 944 3609 ergo
978 3538 1090 3592 vita
1124 3534 1364 3591 hominis
1394 3550 1558 3605 super
1587 3542 1815 3603 terram,
1864 3550 1993 3606 quae
2044 3542 2139 3588 aut

430 3631 623 3687 aliena
654 3647 687 3685 a
715 3628 1030 3685 virtutibus
1064 3626 1131 3681 ad
1167 3625 1396 3681 caeleste
1419 3625 1721 3695 praemium
1755 3641 1990 3695 surgere
2022 3641 2139 3679 non

428 3720 602 3785 valet,
635 3723 735 3774 aut
764 3717 941 3772 ditata
972 3716 1141 3771 donis
1160 3714 1523 3786 spiritalibus
1546 3714 1860 3785 aliquando
1885 3714 2138 3768 deterius

431 3826 501 3867 ex
530 3809 834 3868 occasione
862 3807 1146 3862 virtutum
1174 3806 1310 3860 ruit.

496 3903 647 3973 [νοΐ.
698 3899 804 3970 VL]
876 3898 960 3952 11.
1012 3896 1129 3952 l’ita
1173 3904 1358 3952 nostra
1417 3895 1644 3961 militia,
1704 3898 1833 3967 quia
1882 3898 1939 3948 ut
1997 3894 2137 3964 haec,

422 3990 704 4048 crescendo
743 3988 1005 4044 decrescit
1054 4003 1117 4041 ac
1156 3985 1367 4056 ﬁnitur.
1420 4016 1487 4026 -—-
1543 3985 1685 4050 Quia
1739 3990 1926 4040 autem
1965 3986 2137 4055 paulo

427 4081 695 4154 superius
724 4081 830 4135 hoc
861 4094 990 4133 esse
1034 4076 1417 4132 tentationem
1467 4076 1621 4146 quod
1674 4075 1939 4130 militiam
1990 4076 2139 4131 dixi-

423 4188 577 4239 mus,
611 4169 918 4226 sciendum
950 4180 1323 4237 summopere
1355 4169 1445 4220 est
1473 4164 1628 4233 quod
1665 4164 1942 4234 quiddam
1968 4165 2136 4220 nobis

424 4260 815 4333 appellatione
847 4258 1070 4314 militiae
1104 4256 1359 4328 amplius
1393 4272 1563 4326 quam
1597 4255 1830 4310 nomine
1862 4257 2134 4311 tentatio-

425 4351 516 4405 nis
544 4350 831 4404 innuitur.
866 4354 983 4403 Hoc
1014 4363 1270 4419 namque
1305 4350 1503 4402 nostro
1535 4344 1851 4400 intellectui
1897 4362 2132 4417 expres-

427 4438 586 4494 sione
612 4436 836 4491 militiae
867 4437 1295 4507 augetur,quod
1323 4434 1600 4489 nimirum
1627 4450 1724 4505 per
1755 4434 2027 4489 militiam
2061 4437 2131 4490 ad

2249 3282 2399 3338 dabit
2458 3283 2607 3338 vobis
2666 3283 2814 3352 (Luc.
2873 3299 2988 3349 xvr,
3054 3280 3192 3353 12)?
3253 3283 3395 3354 [νει.
3460 3282 3586 3354 νη.)
3642 3275 3890 3334 Sciendum

2250 3386 2478 3441 quoque
2502 3376 2591 3426 est
2613 3373 2759 3440 quod
2784 3371 3176 3426 mercenarius
3201 3370 3452 3427 sollicite
3488 3373 3647 3427 curat
3669 3365 3892 3437 inspicere

2252 3477 2321 3515 ne
2352 3476 2608 3531 unquam
2639 3462 2759 3516 dies
2790 3477 3009 3516 vacuus
3042 3459 3271 3515 labatur
3306 3462 3379 3516 ab
3422 3477 3606 3533 Opere,
3644 3463 3695 3513 et
3738 3466 3891 3523 exspe-

2250 3554 2442 3605 ctatus
2476 3550 2608 3605 tinis
2640 3550 2923 3621 temporis
2955 3567 3025 3605 ne
3056 3551 3246 3605 inanis
3271 3552 3469 3606 veniat
3510 3551 3577 3605 ad
3623 3558 3892 3603 remunera-

2252 3642 2491 3697 tionem.
2529 3645 2585 3695 ln
2646 3641 2861 3696 laboris
2918 3658 3172 3713 namque
3223 3644 3419 3698 studio
3477 3639 3743 3713 conspicit
3788 3628 3889 3704 quid

2253 3730 2551 3802 percipere
2598 3732 2655 3785 in
2710 3735 2972 3802 tempore
3020 3733 3508 3788 remunerationis
3558 3729 3739 3802 possit.
3783 3724 3888 3778 Nam

2250 3835 2379 3874 cum
2413 3836 2560 3891 epus
2592 3820 2819 3885 crescit,
2859 3820 3081 3889 praemii
3131 3821 3350 3876 ﬁducia
3380 3821 3599 3893 proﬁcit
3624 3838 3635 3886 ;
3663 3822 3888 3872 cumvero

2246 3926 2393 3979 opus
2430 3913 2730 3979 torpuerit,
2764 3926 2894 3980 spes
2926 3927 2957 3963 a
2981 3911 3453 3966 remuneratione
3484 3911 3614 3967 247
3659 3900 3887 3962 lassescit.

2250 3996 2413 4051 Unde
2444 4000 2500 4050 et
2530 3996 2748 4051 electus
2779 3996 3023 4067 quisque
3052 3996 3227 4051 vitam
3261 4015 3431 4053 suam
3469 3998 3625 4070 quasi
3660 4001 3890 4048 mercena-

2247 4088 2319 4141 rii
2350 4087 2476 4143 dies
2510 4102 2784 4157 pensans,
2818 4092 2981 4142 tanto
3015 4086 3296 4143 fidentius
3330 4105 3434 4159 spe
3464 4088 3645 4143 tendit
3682 4084 3741 4138 ad
3787 4092 3891 4151 pra?-

2248 4178 2450 4236 mium.
2486 4182 2703 4247 quanto
2754 4192 2909 4231 nunc
2951 4176 3252 4232 robustius
3294 4178 3570 4248 perdurat
3614 4174 3680 4231 ad
3720 4164 3889 4226 laboris

2246 4266 2671 4320 incrementum
2706 4283 2718 4335 ;
2755 4266 2853 4336 qui
2885 4264 2958 4320 sit
3004 4266 3285 4322 decursus
3338 4264 3629 4337 praesentis
3669 4252 3891 4328 temporis

2246 4360 2472 4426 pensat,
2507 4356 2632 4411 dies
2665 4372 2797 4412 cum
2831 4356 3102 4428 Operibus
3138 4361 3431 4425 numerat,
3465 4373 3535 4412 ne
3563 4373 3591 4409 a
3621 4353 3792 4408 labore
3817 4360 3888 4395 va-

2246 4462 2355 4501 cua
2385 4450 2681 4501 transeant
2712 4445 2838 4499 vitaz
2875 4452 3172 4501 momenta
3196 4446 3470 4502 formidat
3494 4464 3507 4513 ;
3534 4439 3765 4499 adversis
3784 4448 3891 4507 gau-

426 4528 601 4582 ﬁnem
628 4524 889 4596 quotidie
913 4526 1168 4580 tenditur
1191 4541 1204 4591 ;
1229 4540 1483 4595 cumque
1503 4540 1599 4593 per
1621 4524 1881 4579 ordinem
1915 4524 2134 4579 militias
2170 4535 2213 4598 D
2248 4536 2364 4601 det,
2400 4534 2663 4606 passione
2698 4535 2972 4599 reﬁcitur,
3007 4552 3251 4590 maerore
3294 4538 3597 4601 refovetur,
3628 4531 3749 4603 quia
3791 4522 3891 4578 sub-

424 4617 589 4673 locus
621 4613 850 4677 crescit,
884 4617 1007 4669 tota
1055 4613 1233 4669 simul
1291 4613 1596 4670 hominum
1657 4612 1866 4669 militia
1921 4614 2132 4671 deficit.

425 4706 637 4765 Militia
666 4720 802 4777 ergo
846 4708 921 4760 est
960 4707 1072 4758 vita
1118 4703 1357 4759 hominis
1404 4720 1567 4775 super
1614 4708 1840 4772 terram,
1868 4704 2007 4775 quia
2058 4708 2132 4774 et,

424 4798 577 4855 sicut
608 4794 881 4866 superius
911 4794 1170 4848 diximus
1203 4794 1343 4864 (Lib.
1370 4810 1465 4860 vn,
1495 4812 1551 4847 η.
1586 4795 1699 4865 31),
1726 4794 2135 4865 unusquisque

424 4890 561 4946 dum
597 4886 861 4960 quotidie
893 4884 965 4940 ad
995 4884 1123 4940 vitae
1159 4882 1472 4938 terminum
1507 4899 1605 4954 per
1636 4888 1966 4955 temporum
1993 4901 2133 4955 aug-

424 4985 624 5039 menta
652 4977 859 5041 tendit,
894 4975 1159 5050 augendo
1204 4974 1403 5042 vitam,
1464 4975 1651 5029 vivere
1709 4975 1949 5029 desinit.
2005 4974 2135 5029 Dies

423 5072 639 5143 quippe
670 5070 964 5141 exspectat
993 5072 1058 5121 ut
1091 5065 1359 5132 veniant;
1414 5065 1513 5119 sed
1564 5079 1695 5118 cum
1737 5064 1805 5118 ad
1857 5080 2134 5135 augmen-

423 5168 547 5216 tum
579 5160 707 5216 vitw
734 5158 993 5224 veniunt,
1022 5156 1149 5227 jam
1172 5154 1244 5210 ab
1266 5157 1575 5225 augmento
1608 5152 1730 5208 vitae
1776 5153 2134 5208 subtrahun-

498 5389 868 5477 (a).V_indoc.,
902 5390 1071 5447 Corb.
1107 5391 1328 5461 Germ.,
1370 5391 1706 5448 occultarum
1748 5392 1919 5462 imag.
1960 5392 2136 5463 caligo

420 5466 857 5615 dezbyaotu'atuor
893 5531 1027 5615 Mss.
1068 5533 1413 5615 Anglicum
1442 5534 1570 5589 inde
1618 5540 1736 5615 post
1786 5534 1856 5615 ad
1899 5535 2138 5615 aiioruin

420 5602 642 5683 merita.
678 5602 909 5669 Legitur
939 5602 1112 5683 etiam
1145 5602 1215 5659 ad
1244 5605 1303 5657 in
1334 5605 1559 5683 Lyrano
1590 5614 1643 5660 et
1676 5606 1861 5675 Bigot.
1887 5623 1899 5671 ;
1932 5608 1989 5661 in
2015 5607 2139 5663 liti-

424 5677 583 5740 censi
615 5688 746 5727 vero
778 5674 1083 5740 recentiori
1116 5688 1290 5728 manu
1320 5674 1580 5731 additum
1614 5684 1721 5731 est.

498 5752 581 5806 Ita
607 5744 844 5808 Turon.,
892 5739 1155 5810 Longip.,
1188 5743 1488 5811 Norman.,
1519 5746 1744 5816 Anglic.
1782 5754 1833 5803 et
1874 5749 1972 5804 alii
1995 5750 2131 5808 Mss.

2248 4625 2551 4696 sequentis
2579 4625 2704 4679 vita:
2763 4625 3018 4695 praemiis
3050 4629 3211 4680 tanto
3245 4641 3305 4681 se
3341 4621 3688 4681 remunerari
3717 4612 3890 4685 largius

2248 4716 2556 4785 conspicit,
2608 4719 2828 4785 quanto
2881 4731 2979 4785 pro
3030 4732 3228 4771 amore
3276 4715 3435 4770 illius
3487 4707 3807 4785 quotidianis
3846 4712 3889 4751 δε

2246 4806 2530 4859 mortibus
2562 4806 2753 4859 verius
2802 4805 3102 4876 impendit.
3140 4804 3285 4860 Hinc
3344 4820 3592 4876 namque
3644 4804 3723 4856 est
3767 4785 3883 4885 QUO.d

2242 4894 2395 4950 cives
2428 4910 2689 4965 superna:
2724 4895 2919 4965 patriae
2948 4894 3231 4950 conditori
3270 4896 3399 4966 ejus
3453 4890 3747 4948 Psalmistzs
3773 4892 3888 4966 voci‘

2242 4983 2351 5038 bus
2383 4964 2585 5038 dicunt
2609 5000 2620 5035 :
2654 4964 2883 5052 Propter
2911 4992 2963 5038 te
2994 4992 3166 5039 morte
3196 4964 3477 5051 (if/icimur
3504 4986 3617 5036 tota
3644 4978 3720 5031 die
3749 4964 3883 5043 (Ρεαίι

2243 5089 2399 5139 xmu,
2432 5074 2522 5142 22)
2571 5072 2715 5127 Hinc
2760 5072 2971 5127 Paulus
3004 5072 3115 5127 ait:
3167 5074 3429 5140 Quotidie
3459 5070 3667 5141 {morior
3708 5060 3883 5134 ρνοΡίίν

2244 5166 2475 5216 vestram
2507 5161 2774 5231 gloriam,
2806 5164 3009 5233 fratres
3038 5162 3085 5234 (ι
3114 5160 3234 5217 Cor.
3266 5178 3378 5228 xvr,
3402 5161 3513 5231 3i).
3557 5158 3689 5212 Hinc
3716 5153 3877 5205 iterum

2244 5399 2317 5451 At
2347 5400 2558 5451 recent.
2595 5396 2766 5464 Editi,
2811 5395 2879 5451 ad
2936 5411 3121 5451 eorum
3179 5396 3418 5465 spatium
3457 5391 3594 5465 quod
3642 5373 3876 5465 perdeﬁtifi

2245 5468 2447 5540 etc.rIn
2477 5468 2728 5540 Gemet.,
2754 5454 2865 5540 'pro
2896 5467 3034 5539 quod
3058 5454 3351 5539 perdenda,
3386 5454 3593 5536 legitur
3634 5454 3757 5530 quod
3784 5462 3879 5520 re"

2242 5538 2539 5612 pandendo.
2766 5538 2779 5540 ⁷
2904 5538 2918 5539 ί
3062 5538 3070 5539 ί
3702 5598 3711 5609 ,

2317 5611 2402 5681 ((1)
2434 5611 2650 5683 Οοοηβῑ
2682 5610 2778 5665 alii
2811 5610 3083 5683 deinceps
3106 5611 3231 5682 Ed.,
3256 5613 3372 5682 quis
3391 5606 3576 5664 credit.
3602 5590 3874 5669 Astipulau-

2247 5691 2341 5739 tur
2371 5681 2628 5740 nonnulli
2662 5682 2821 5744 Mss.,
2857 5684 2955 5740 sed
2990 5681 3101 5741 non
3136 5681 3408 5756 potiores.
