4108 6184
224 236 333 291 809

1160 242 1538 299 MOHALIUM
1579 244 1713 299 LIB.
1758 245 1893 300 VIII.
1935 275 2003 285 —
2046 245 2115 300 IN
2155 245 2312 302 CAP.
2361 247 2449 303 VII
2492 250 2555 302 Β.
2598 249 2747 305 JOB.

3543 260 3650 313 810

218 362 397 417 dicit:
426 362 509 418 Ob
538 379 713 435 quam
740 380 980 421 causam
1000 366 1122 423 haec
1144 369 1473 436 patior,sed
1490 386 1607 425 non
1630 372 1879 438 confun-
1913 375 1957 426 A
1988 372 2295 443 conspicit,
2324 380 2581 429 mentem
2602 376 2873 445 protinus
2896 376 3415 451 exlonginquitate
3433 386 3649 454 etpon-

218 452 364 517 dar;
386 452 504 507 scio
521 457 675 509 enim
699 457 799 509 cui
812 456 1057 521 credidi,
1075 464 1127 513 et
1148 462 1340 513 certus
1359 475 1486 513 sum
1508 460 1651 530 quia
1667 466 1877 527 potens

214 548 298 597 est
326 542 651 611 depositura
676 560 867 600 meum
890 562 1129 602 servare
1154 549 1213 601 in
1238 548 1410 603 illum
1436 548 1586 603 diem
1611 550 1705 618 (ΙΙ
1728 550 1871 605 Tim.

218 648 254 701 ι,
288 632 399 701 12).
437 632 632 687 Sancti
664 632 841 702 igitur
875 635 978 689 viri
1010 641 1155 707 quot
1180 635 1415 692 labores
1460 654 1617 692 nunc
1649 638 1871 694 veritati

214 720 713 776 commendantes
758 723 1057 788 exhibent,
1101 726 1331 796 totjam
1380 726 1872 783 remunerationis

212 826 337 865 suae
369 810 622 881 pignora
648 811 800 867 intra
824 813 949 883 spei
981 813 1328 869 cubiculum
1362 816 1567 871 clausa
1599 820 1816 871 tenent.
1847 825 1870 853 ⁸

216 900 328 956 Sed
358 901 557 969 gravis
588 916 747 955 nunc
778 902 1027 957 sentitur
1056 908 1236 958 aestus
1266 903 1325 958 in
1357 920 1556 975 opere,
1594 911 1653 960 ut
1682 922 1869 977 quan-

210 988 408 1061 doque
439 988 811 1059 refrigerium
865 991 1224 1063 percipiatur
1271 1010 1339 1049 ex
1369 994 1585 1066 quiete.
1619 994 1785 1050 Unde
1816 999 1871 1051 et

211 1084 353 1149 apte
386 1093 526 1134 mox
559 1078 834 1133 subditur
860 1096 873 1134 :

678 1170 900 1225 CAPUT
933 1170 1047 1224 Vltl
1079 1169 1237 1243 [Rea
1274 1172 1405 1242 IV].

282 1255 457 1313 Vnus.
484 1261 535 1321 2,
569 1260 623 1313 3.
656 1288 723 1297 —
753 1258 920 1314 Sicut
941 1274 1143 1315 servus
1165 1260 1462 1317 desiderat
1495 1262 1787 1327 umbram,
1812 1268 1866 1318 et

208 1347 359 1403 sicut
376 1347 781 1403 mercenarius
790 1349 1101 1416 prtestolat
1110 1365 1182 1404 ur
1191 1350 1369 1417 ﬁnem
1383 1350 1574 1418 Operis
1588 1353 1698 1422 sui,
1714 1352 1796 1407 sic
1819 1356 1869 1408 et

208 1452 319 1507 ego
347 1435 527 1492 habui
543 1451 765 1492 menses
786 1452 1019 1504 vacuos,
1048 1444 1101 1493 et
1138 1445 1329 1494 noctes
1372 1439 1696 1497 laboriosas
1734 1456 1871 1497 enu-

210 1528 445 1583 meravi
473 1526 638 1581 mihi.

279 1613 647 1684 t3.Requiem
670 1621 951 1671 wlernam
976 1615 1513 1673 desiderat.Servus
1536 1626 1638 1677 est.
1661 1635 1779 1675 non
1805 1620 1871 1675 li-

1988 459 2121 515 dere
2139 461 2357 517 laboris
2376 463 2747 528 addicit;cum
2771 481 2909 521 vero
2930 466 3355 525 lassescentem
3374 471 3646 528 animum

1987 549 2058 604 ad
2077 550 2568 607 considerandum
2591 556 2780 623 operis
2799 556 3097 626 praemium
3118 559 3648 630 revocat,vigorem

1989 654 2128 693 mox
2159 639 2343 694 animi
2365 640 2442 695 ad
2469 642 2813 698 exercitium
2836 643 3060 699 laboris
3091 646 3457 716 reformat,et
3484 649 3651 721 quod

1986 742 2166 797 grave
2197 730 2508 800 perpendit
2533 747 2605 785 ex
2644 748 2841 803 opere,
2876 733 3004 789 leve
3026 735 3327 793 existimat
3357 753 3425 793 ex
3455 754 3650 795 remu-

1983 817 2309 873 neratione.
2343 817 2439 874 Sic
2470 820 2551 875 sic
2576 820 2740 875 electi
2772 822 2998 893 quique
3047 841 3184 879 cum
3215 826 3424 882 mundi
3466 827 3649 899 hujus

1983 905 2237 962 adversa
2286 909 2609 975 patiuntur,
2644 926 2781 965 cum
2867 912 3195 969 honestatis
3227 917 3646 992 contumelias,

1982 1010 2180 1050 rerum
2202 995 2754 1062 damna,cruciatus
2781 1000 3049 1071 corporis
3077 1002 3487 1069 tolerant,esse
3518 1022 3649 1075 gra-

1982 1085 2078 1140 via
2103 1085 2324 1156 quibus
2345 1093 2692 1143 exercentur
2719 1091 3103 1160 pensant,sed
3123 1108 3262 1147 cum
3281 1095 3492 1149 mentis
3511 1111 3649 1151 ocu-

1981 1173 2069 1228 los
2100 1175 2174 1229 ad
2208 1180 2442 1230 aeternae
2472 1177 2677 1248 patriae
2702 1178 3241 1237 considerationem
3274 1182 3542 1249 tendunt,
3575 1199 3647 1240 ex

1983 1264 2433 1334 comparatione
2456 1266 2703 1336 praemii,
2724 1283 2912 1338 quam
2935 1268 3143 1324 sitleve
3166 1271 3318 1340 quod
3344 1272 3649 1342 patiuntur

1983 1352 2313 1408 inveniunt.
2335 1354 2504 1419 Quod
2528 1356 2685 1410 enim
2713 1354 2884 1411 valde
2898 1373 3028 1411 esse
3053 1357 3429 1430 importabile
3450 1376 3522 1416 ex
3544 1362 3649 1418 do-

1984 1440 2939 1508 loreostenditur,consideratione
2958 1446 3197 1518 provida
3228 1465 3297 1503 ex
3324 1465 3647 1508 remunera-

1983 1529 2144 1601 tione
2164 1530 2471 1600 levigatur.
2497 1532 2633 1588 Hinc
2655 1538 2741 1588 est
2763 1536 2919 1605 quod
2942 1535 3155 1591 Paulus
3178 1554 3409 1610 semper
3432 1555 3495 1595 se
3527 1540 3646 1612 ipso

1984 1619 2284 1675 robustior
2306 1626 2512 1676 contra
2542 1622 2797 1679 adversa
2855 1624 3116 1694 erigitur,
3159 1627 3303 1698 quia
3357 1627 3645 1685 nimirum

205 1703 330 1768 ber,
358 1703 556 1774 quoad
572 1705 945 1771 corruptioni
960 1705 1249 1775 subjacet.
1272 1738 1325 1745 —
1346 1707 1628 1763 Umbram
1647 1710 1870 1781 quippe
1906 1729 1948 1782 3
1982 1706 2164 1762 tinem
2188 1708 2277 1763 sui
2294 1711 2484 1780 operis
2508 1710 2659 1765 sicut
2689 1714 3092 1767 mercenarius
3107 1715 3648 1785 praestolatur.Gra-

209 1808 385 1847 servo
408 1790 748 1847 desiderare
770 1800 860 1847 est
889 1800 1025 1865 post
1057 1795 1398 1850 tentationis
1421 1802 1657 1863 aestum,
1694 1799 1865 1853 sudo-

205 1896 456 1952 remque
486 1883 705 1951 operis,
739 1882 941 1937 aeterni
973 1883 1256 1952 refrigerii
1280 1886 1548 1956 requiem
1581 1903 1865 1957 quaerere.

206 1974 370 2026 Hanc
386 1986 648 2042 namque
674 1972 951 2027 umbram
970 1990 1176 2027 servus
1196 1973 1286 2028 ille
1301 1974 1744 2032 desideraverat
1766 1978 1869 2049 qui

209 2059 478 2115 dicebat:
501 2060 701 2116 Sitivit
719 2062 918 2116 anima
937 2077 1065 2118 mea
1080 2063 1159 2118 ad
1182 2064 1361 2119 Deum
1385 2066 1603 2131 vivum;
1624 2066 1866 2137 quando

209 2149 466 2214 veniam,
486 2156 542 2205 et
558 2150 776 2217 parebo
798 2158 933 2206 ante
948 2152 1168 2220 faciem
1194 2152 1491 2224 Dei(Psal.
1522 2171 1636 2221 xu,
1672 2155 1726 2225 3)
1754 2156 1781 2210 ?
1808 2158 1869 2210 Et

208 2256 453 2295 rursum
474 2255 487 2294 :
507 2240 635 2295 Heu
652 2255 741 2295 me
762 2240 948 2310 {quod
966 2242 1265 2297 incolatus
1298 2258 1457 2297 meus
1480 2244 1868 2313 prolongatus

207 2336 291 2384 est
324 2328 514 2398 (Psal.
540 2344 689 2395 exnx,
720 2329 795 2399 5).
823 2329 931 2394 Qui
958 2329 1129 2401 quasi
1166 2330 1419 2385 alabore
1447 2332 1472 2371 ι)
1500 2332 1617 2387 acri
1650 2339 1865 2389 aestum

202 2416 647 2489 fugiens,atque
661 2418 737 2473 ad
750 2418 1142 2473 obtinendam
1159 2421 1423 2491 requiem
1443 2420 1722 2490 refrigerii
1746 2428 1863 2492 teg-

205 2522 346 2561 men
377 2507 897 2578 quaarensdterum
929 2507 1099 2566 dicit:
1127 2509 1433 2578 Ingrediar
1461 2511 1523 2563 in
1552 2511 1744 2565 locum
1776 2516 1865 2567 ta-

200 2595 517 2651 bernaculi
540 2595 932 2661 admirabilis,
964 2612 1144 2667 usque
1169 2597 1250 2653 ad
1283 2598 1517 2653 domum
1550 2600 1653 2655 Dei
1679 2601 1865 2667 (Psal.

199 2700 316 2753 xu,
335 2687 408 2756 ὅ).
446 2687 602 2740 Hanc
624 2685 902 2741 umbram
917 2687 1425 2758 comprehendere
1452 2688 1665 2743 Paulus
1680 2689 1867 2744 anhe-

200 2773 392 2838 labat,
441 2773 805 2830 desiderium
838 2775 1070 2830 habens
1099 2776 1368 2842 dissolvi,
1398 2782 1452 2831 et
1482 2793 1619 2832 cum
1639 2778 1867 2835 Christo

199 2878 337 2918 esse
366 2863 603 2933 (Philip.
638 2882 673 2929 ι,
707 2864 817 2935 23).
850 2865 931 2919 Ad
966 2865 1124 2919 hanc
1171 2866 1449 2921 umbram
1485 2884 1555 2922 ex
1587 2867 1868 2923 desiderii

192 2954 327 3023 jam
356 2953 712 3024 perfectione
736 2960 1127 3025 pervenerant
1169 2955 1597 3026 quidicebant:
1633 2957 1869 3029 Nosqui

192 3040 569 3110 portavimus
581 3042 814 3111 pondus
830 3042 947 3097 diei
966 3049 1018 3098 et
1039 3052 1216 3099 cestus
1233 3044 1781 3116 (Matth.xx,t2).Be
1793 3061 1865 3100 ne

193 3136 403 3186 autem
421 3130 523 3202 qui
545 3130 881 3186 desiderare
902 3132 1181 3187 umbram
1204 3132 1651 3196 dicitur,servus
1686 3150 1865 3190 voca-

195 3220 703 3292 tur,quiaelectus
732 3222 990 3293 quisque
1010 3237 1329 3293 quousque
1350 3222 1706 3279 inﬁrmitatis
1729 3241 1865 3279 con-

192 3307 423 3364 ditione
455 3310 896 3379 constringitur,
930 3313 1044 3365 sub
1065 3310 1435 3367 dominantis
1464 3314 1862 3385 corruptionis

185 3399 364 3469 jugo,
384 3398 564 3470 quasi
584 3398 698 3453 sub
724 3405 902 3454 aestus
921 3400 1216 3455 anxietate
1241 3401 1533 3456 retinetur.
1553 3404 1666 3465 Qui
1692 3404 1859 3458 nimi-

189 3504 333 3543 rum
352 3504 488 3543 cum
509 3488 888 3558 corruptione
906 3495 1118 3543 exutus
1138 3489 1331 3554 fuerit,
1351 3495 1488 3545 tunc
1504 3491 1860 3562 sibimetipsi

186 3576 347 3632 liber
376 3584 431 3632 et
460 3577 814 3649 tranquillus
844 3578 1174 3633 innotescit.
1212 3578 1377 3633 Unde
1405 3585 1460 3633 et
1492 3586 1643 3634 recte
1676 3580 1857 3635 etiam

189 3681 307 3738 per
334 3666 578 3721 Paulum
611 3666 849 3721 dicitur:
868 3667 1003 3735 Ipsa
1028 3675 1306 3723 creatura
1321 3667 1675 3723 liberabitur
1696 3684 1859 3724 aser-

190 3755 386 3812 vitate
397 3758 741 3823 corruption
751 3756 816 3819 is,
832 3756 892 3810 in
912 3756 1245 3812 libertatem
1260 3759 1470 3827 gloria:
1484 3758 1739 3812 filiorum
1758 3758 1860 3814 Dei

190 3846 383 3911 (Rom.
413 3862 527 3908 vui,
554 3846 665 3917 2t).
688 3844 911 3900 Electos
936 3846 1096 3901 enim
1129 3862 1287 3901 nunc
1320 3862 1500 3917 paena
1532 3847 1856 3918 corruptio-

186 3936 292 3991 nis
315 3941 627 4007 aggravat,
648 3932 752 3989 sed
767 3935 1380 4006 tuncincorrupticnis
1398 3936 1584 4005 gloria
1606 3935 1859 4007 exultat;

185 4029 567 4098 etquantum
596 4025 673 4081 ad
698 4026 1006 4097 praesentis
1028 4026 1393 4081 necessitatis
1412 4026 1681 4098 pondera
1698 4043 1857 4082 nunc

184 4116 258 4172 in
322 4115 419 4170 Dei
453 4114 587 4170 ﬁliis
620 4113 692 4169 de
740 4114 1007 4171 libertate
1051 4115 1195 4170 nihil
1231 4116 1582 4179 ostenditur,
1626 4120 1856 4171 tantum

185 4220 342 4261 vero
373 4203 451 4259 ad
464 4203 885 4276 subsequentis
912 4203 1199 4260 libertatis
1214 4204 1487 4275 gloriam,
1514 4209 1652 4260 tunc
1670 4204 1729 4260 in
1758 4206 1855 4260 Dei

185 4292 441 4349 famulis
457 4292 816 4348 deservitute
846 4292 987 4347 nihil
1016 4293 1346 4365 apparebit.
1383 4296 1662 4349 Creatura
1690 4309 1853 4363 ergo,

186 4382 475 4438 servitute
499 4381 898 4453 corruptionis
930 4387 1123 4445 exuta,
1150 4387 1205 4436 et
1243 4382 1532 4451 dignitate
1562 4382 1853 4438 libertatis

186 4476 466 4542 accepta,
489 4470 549 4527 in
563 4470 821 4525 filiorum
848 4471 1204 4540 Deigloriam
1224 4471 1481 4536 vertitur,
1510 4472 1672 4542 quia,
1693 4472 1855 4527 unita

185 4562 316 4615 Deo
336 4575 439 4630 per
455 4558 748 4631 spiritum,
769 4559 1278 4631 quasihocipsum
1297 4561 1458 4632 quod
1477 4566 1747 4615 creatura
1766 4565 1857 4615 est

184 4648 483 4704 transisse
510 4665 575 4704 ac
618 4648 931 4719 subegisse
962 4649 1319 4705 declaratur.
1368 4650 1480 4705 Sed
1529 4648 1632 4720 qui
1658 4648 1856 4704 adhuc

186 4755 230 4794 u
244 4737 479 4793 mbram
495 4737 791 4792 desiderat
808 4755 1013 4793 servus
1027 4744 1133 4807 est,
1150 4739 1294 4810 quia
1312 4754 1626 4810 quousque
1640 4742 1855 4792 aestum

188 4826 596 4884 tentationum
616 4826 1062 4897 tolerat,jugum
1088 4830 1319 4883 miserm
1339 4826 1699 4883 conditionis
1726 4843 1857 4899 por-

186 4916 413 4974 tat.Ubi
437 4923 573 4988 apte
596 4917 871 4973 subditur
894 4938 905 4976 :
931 4918 1005 4973 Et
1026 4919 1178 4974 sicut
1202 4919 1601 4974 mercenarius
1616 4921 1854 4985 prazsto-

191 5008 369 5063 latur
393 5008 572 5074 ﬁnem
608 5007 799 5076 operis
828 5008 942 5063 sui.

273 5094 456 5167 248
482 5094 641 5168 [Rea
662 5095 751 5169 V.]
769 5098 791 5150 τι
805 5098 1204 5153 4.Ειεειονιι7η
1230 5096 1627 5151 taborintuitu
1644 5110 1856 5152 merce-

192 5186 285 5242 dis
311 5186 1253 5242 tevatur.——ltlercenariusetenim
1267 5202 1388 5241 cum
1404 5184 1671 5241 facienda
1685 5200 1858 5257 opera

265 5324 289 5352 ο
328 5310 569 5365 Vindoc.
605 5317 658 5365 et
708 5311 882 5367 Corb.
918 5314 1134 5377 Germ.,
1184 5318 1249 5366 ut
1277 5328 1406 5367 cum
1439 5312 1645 5380 gravis
1696 5326 1858 5367 nunc

193 5382 455 5454 sentitur
483 5386 655 5438 aestus
674 5383 732 5437 in
747 5384 1278 5454 Opere,quandoque
1294 5383 1662 5453 refrigerium
1678 5381 1859 5453 perci-

190 5453 417 5534 piatur
431 5469 497 5509 ea
515 5455 728 5534 quiete.
755 5453 1026 5534 Plerique
1041 5453 1441 5534 Mss.,_quibu_s
1458 5455 1855 5534 adheremus,

193 5526 425 5605 habent
445 5526 900 5605 sedgravis,non
923 5525 1026 5582 sed
1042 5525 1298 5605 gravius,
1320 5533 1380 5582 ut
1399 5526 1613 5595 legitur
1632 5526 1692 5581 in
1710 5525 1856 5605 Edit'

270 5596 405 5670 l)_l_ta
458 5596 732 5663 Vindoc.,
788 5596 1141 5670 Compend.,
1185 5602 1409 5663 Norm.,
1440 5605 1574 5663 etc.,
1617 5614 1755 5670 cum
1798 5596 1857 5651 in

194 5665 383 5723 Editis
409 5674 629 5724 recent.
655 5670 907 5740 legatur,
939 5665 1039 5742 qui
1068 5670 1240 5742 quasi
1270 5686 1307 5727 a
1337 5670 1542 5727 labore
1570 5668 1726 5739 agri.

492 5766 735 5823 PATROL.
788 5768 999 5823 LXXV.

1980 1812 2047 1851 ve
2066 1812 2329 1869 namque
2353 1798 2519 1869 quod
2542 1800 2789 1856 sustinet
2816 1802 3089 1868 aestimat,
3112 1803 3215 1858 sed
3238 1804 3367 1859 leve
3395 1804 3511 1861 hoc
3544 1822 3649 1877 per

1979 1885 2209 1956 praemii
2233 1886 2775 1944 considerationem
2803 1896 3032 1960 pensat.
3060 1893 3192 1962 Ipse
3214 1893 3437 1965 quippe
3458 1910 3647 1965 quam

1982 1973 2053 2028 sit
2088 1989 2269 2043 grave
2302 1976 2465 2047 quod
2496 1976 2720 2048 patitur
2751 1978 2974 2034 indicat
3004 1979 3092 2050 (II
3125 1980 3257 2038 Cor.
3287 1998 3366 2049 x1,
3402 1983 3514 2054 23),
3543 1985 3646 2056 qui

1978 2062 2041 2117 in
2058 2064 2401 2120 carceribus
2419 2065 2848 2131 abundantius,
2873 2067 2933 2122 in
2955 2069 3150 2139 plagis
3169 2086 3353 2141 supra
3373 2072 3643 2139 modum,

1977 2150 2038 2206 in
2069 2154 2360 2207 mortibus
2386 2142 2722 2225 frequenter
2743 2171 2803 2210 se
2821 2156 3003 2211 fuisse
3036 2164 3282 2213 testatur
3316 2177 3328 2225 ;
3354 2161 3455 2232 qui
3489 2164 3647 2218 aJu-

1976 2240 2124 2296 denis
2144 2242 2465 2314 quinquies
2480 2244 2903 2315 quadragenas
2922 2261 3040 2301 una
3062 2247 3257 2301 minus
3273 2250 3522 2320 accepit.
3540 2252 3645 2323 qui

1980 2334 2063 2384 ter
2091 2330 2266 2399 virgis
2285 2347 2499 2392 caesus,
2521 2332 2704 2385 semel
2719 2332 3017 2403 lapidatus
3031 2340 3141 2400 est,
3164 2340 3247 2389 ter
3260 2335 3643 2406 naufragium

1978 2434 2214 2490 passus,
2238 2425 2407 2474 nocte
2439 2425 2493 2475 et
2516 2420 2609 2475 die
2632 2421 2690 2475 in
2718 2421 3017 2491 profundo
3043 2422 3223 2479 maris
3252 2423 3397 2496 fuit;
3422 2424 3525 2497 qui
3547 2440 3645 2496 pe-

1976 2506 2165 2562 ricula
2184 2507 2525 2572 ﬂuminum,
2544 2508 2865 2575 latronum,
2892 2526 2962 2566 ex
2986 2526 3222 2580 genere,
3249 2530 3317 2568 ex
3344 2513 3641 2583 gentibus,

1977 2597 2037 2650 in
2061 2596 2311 2662 civitate,
2340 2596 2399 2651 in
2427 2597 2764 2664 solitudine,
2791 2600 2849 2653 in
2880 2599 3051 2666 mari,
3076 2600 3133 2654 in
3159 2600 3327 2658 falsis
3360 2602 3644 2658 fratribus

1976 2685 2242 2757 pertulit;
2268 2685 2443 2757 quiin
2466 2686 2669 2742 labore
2688 2692 2745 2741 et
2765 2703 3052 2750 mrumna,
3081 2688 3393 2760 injejuniis
3419 2692 3641 2757 multis,

1976 2776 2033 2829 in
2065 2775 2222 2830 fame
2239 2782 2296 2829 et
2326 2776 2437 2839 siti,
2473 2775 2532 2830 in
2562 2776 2776 2845 frigore
2804 2781 2860 2832 et
2882 2777 3150 2834 nuditate
3174 2778 3473 2835 laboravit
3501 2798 3514 2848 ;
3538 2781 3640 2853 qui

1977 2863 2115 2918 foris
2143 2864 2563 2934 pugnas,intus
2589 2863 2831 2919 timores
2855 2866 3156 2932 sustinuit;
3180 2868 3283 2939 qui
3306 2868 3457 2924 ultra
3486 2868 3642 2925 vires

1976 2957 2290 3024 gravatum
2319 2969 2379 3007 se
2411 2952 2641 3019 asserit,
2677 2954 2880 3009 dicens
2903 2970 2914 3008 :
2937 2955 3383 3025 Supramodum
3398 2958 3641 3028 gravati

1974 3057 2267 3107 sumus,su
2271 3057 2387 3111 pra
2402 3042 2792 3107 virtutem,ita
2810 3050 2871 3099 ut
2891 3045 3131 3101 taederet
3148 3062 3252 3101 nos
3264 3046 3439 3103 etiam
3450 3047 3641 3105 vivere

1975 3130 2063 3201 (II
2093 3130 2223 3186 Cor.
2256 3147 2295 3196 ι,
2324 3131 2399 3202 8).
2434 3131 2546 3187 Sed
2578 3133 2888 3203 quomodo
2921 3135 3420 3191 remunerationis
3451 3136 3635 3193 linteo

1973 3220 2396 3276 sudorestanto
2416 3219 2643 3275 laboris
2668 3225 2875 3291 tergat,
2899 3224 3024 3293 ipse
3051 3222 3632 3287 denuntiat,dicens:

1971 3308 2105 3365 Non
2133 3315 2272 3364 sunt
2299 3309 2614 3378 condigna
2640 3311 2942 3378 passiones
2985 3312 3163 3382 hujus
3194 3316 3475 3381 temporis
3500 3316 3530 3359 ά
3555 3317 3637 3372 ad

1965 3399 2237 3467 futuram
2250 3400 2655 3470 gloriam,qute
2672 3401 3040 3456 retevabitur
3053 3402 3115 3457 in
3132 3402 3296 3457 nobis
3312 3402 3494 3475 (Rom.
3515 3421 3632 3471 vm,

1975 3490 2081 3559 18).
2107 3488 2309 3543 Finem
2329 3489 2529 3559 itaque
2544 3490 2740 3559 operis
2764 3490 2941 3560 quasi
2962 3492 3368 3547 mercenarius
3393 3500 3635 3565 praesto-

1967 3577 2125 3631 latur
2144 3577 2269 3647 qui,
2299 3576 2445 3630 dum
2473 3584 2817 3645 provectum
2844 3581 3344 3635 remunerationis
3364 3583 3634 3638 conside-

1970 3670 2077 3729 rat,
2096 3664 2211 3721 vile
2234 3664 2710 3735 existimatquod
2736 3681 2884 3736 pene
2903 3666 3189 3724 deficiens
3212 3668 3465 3726 laborat.
3486 3673 3634 3742 Apte

1968 3760 2165 3810 autem
2194 3752 2470 3807 subditur
2494 3769 2505 3805 :
2527 3753 2593 3808 Si
2620 3758 2671 3808 et
2704 3769 2807 3823 ego
2840 3755 3029 3811 habui
3058 3773 3281 3814 menses
3309 3774 3544 3825 vacuos,
3579 3766 3632 3817 et

1966 3849 2163 3898 noctes
2198 3841 2524 3897 laboriosas
2556 3842 2902 3898 enumeravi
2937 3844 3104 3899 mihi.

2046 3936 2123 3987 t5.
2159 3931 2375 3986 Etectis
2402 3937 2540 3985 sunt
2560 3945 2781 3985 menses
2798 3931 2992 3995 vacui,
3012 3938 3066 3988 et
3088 3940 3286 3989 noctes
3306 3936 3627 4001 laboriosa,

1960 4020 2325 4090 patientibus
2340 4019 2601 4088 inapiam
2615 4026 2667 4074 et
2687 4020 3042 4086 adversa,ac
3053 4024 3366 4090 prwmium
3383 4024 3630 4080 necdum

1966 4109 2315 4166 tenentibus.
2336 4107 2808 4181 —l£lectiquippe
2826 4109 3117 4165 conditori
3132 4127 3329 4167 rerum
3348 4111 3626 4181 serviunt,

1964 4204 2021 4255 et
2052 4215 2210 4271 saepe
2240 4214 2440 4254 rerum
2468 4198 2674 4271 inopia
2697 4204 3172 4268 coangustantur
3195 4216 3209 4266 ;
3232 4216 3337 4271 per
3356 4217 3626 4258 amorem

1964 4288 2082 4344 Deo
2121 4288 2428 4354 inhmrent,
2471 4292 2526 4343 et
2564 4292 2769 4343 tamen
2810 4288 2944 4344 vitm
2986 4289 3296 4361 praesentis
3340 4290 3627 4347 subsidiis

1964 4383 2156 4449 egent.
2194 4377 2300 4444 Qui
2334 4377 2515 4445 igitur
2552 4392 2659 4447 per
2688 4376 2952 4431 actiones
2985 4394 3125 4433 suas
3153 4380 3474 4449 prmsentia
3503 4396 3625 4439 non

1966 4474 2259 4539 quaerunt,
2291 4482 2326 4521 a
2354 4464 2561 4520 mundi
2592 4465 2968 4536 compendiis
2997 4483 3232 4523 menses
3264 4486 3489 4525 vacuos
3516 4470 3623 4527 du-

1966 4560 2123 4611 cunt.
2140 4558 2347 4610 Noctes
2359 4568 2601 4625 quoque
2616 4552 2952 4611 laboriosas
2976 4555 3247 4621 tolerant,
3262 4559 3405 4630 quia
3418 4560 3626 4617 adver-

1966 4644 2209 4701 sitatum
2238 4642 2511 4699 tenebras
2530 4657 2648 4697 non
2682 4643 2878 4699 solum
2902 4661 3089 4717 usque
3107 4645 3183 4701 ad
3208 4646 3498 4719 inopiam,
3520 4652 3624 4706 sed

1966 4749 2123 4804 saepe
2140 4748 2329 4803 usque
2345 4731 2421 4786 ad
2436 4731 2701 4802 corporis
2720 4732 3049 4789 cruciatum
3073 4740 3331 4806 portant.
3351 4749 3375 4777 ο
3410 4741 3624 4809 Despe-

1964 4829 2125 4877 ctum
2146 4837 2407 4892 namque
2421 4825 2867 4893 egestatemque
2887 4823 3499 4895 perpetilaboriosum
3520 4828 3622 4881 bo-

1966 4911 2057 4966 nis
2085 4909 2386 4966 mentibus
2402 4914 2619 4965 nonest
2651 4910 2785 4978 ;sed
2801 4926 2938 4965 cum
2956 4912 3233 4983 usquead
3261 4911 3621 4968 atﬁctionem

1963 5000 2160 5056 carnis
2174 4987 2510 5056 adversitas
2535 4999 2791 5063 vertitur,
2818 4998 2987 5054 labor
3006 4999 3209 5069 procul
3232 4998 3417 5055 dubio
3430 5016 3499 5055 ex
3518 5000 3621 5057 do-

1962 5090 2085 5145 lore
2116 5088 2380 5145 sentitur.
2417 5088 2570 5159 [Vet.
2614 5086 2796 5156 VIII.]
2838 5087 3029 5141 Potest
3066 5086 3246 5142 etiam
3265 5102 3385 5141 non
3419 5080 3623 5146 incon-

1963 5176 2522 5245 venienterintelligi
2537 5175 2701 5247 quod
2717 5178 2958 5230 sanctus
2980 5173 3237 5246 quisque
3264 5190 3503 5231 menses
3522 5194 3624 5236 va-

2035 5316 2062 5349 ο
2089 5308 2370 5360 Norman.
2413 5307 2467 5356 et
2497 5300 2768 5365 Vindoc.,
2803 5314 2933 5353 cum
2975 5298 3300 5356 honestatis
3328 5309 3623 5363 contume-

1969 5376 2103 5432 lias.
2149 5375 2382 5435 Bellov.,
2416 5388 2545 5427 cum
2578 5372 2970 5425 inhonestatis
3011 5373 3417 5429 contumelias.

2014 5448 2068 5527 ¹(ι
2091 5448 2315 5509 Norm.,
2333 5444 2615 5498 Bellovac.
2628 5480 2642 5506 ,
2662 5444 2830 5496 Germ
2843 5480 2854 5493 .
2867 5480 2880 5503 ,
2895 5441 2975 5497 ad
2989 5451 3481 5511 superventuram
3497 5449 3617 5517 glo-

1967 5532 2409 5715 NE’EOuisanvq
2426 5585 2761 5653 despectum
2784 5598 3041 5656 namque
3059 5600 3198 5653 esse,
3227 5586 3403 5653 nullis
3420 5587 3623 5646 faven-

1968 5660 2014 5715 ti
2064 5675 2133 5714 us
2228 5674 2307 5712 ss.

1968 5660 2133 5716 tibus
2174 5660 2307 5714 Mss.

3305 5759 3373 5813 26
