4108 6184
518 238 616 293 811

1772 231 2029 289 SANCTI
2069 229 2423 288 GREGORII
2466 235 2696 292 MAGNI

3765 242 3846 298 812

518 378 663 418 cuos
680 362 830 418 sicut
852 360 1258 418 mercenarius
1282 361 1467 427 ducit,
1490 360 1634 434 quia
1654 360 1919 416 laborem
1935 359 2063 429 jam
2083 374 2173 411 su—
2209 358 2254 409 A
2287 363 2339 413 et
2367 361 2483 427 ﬁlii
2509 363 2657 428 diei;
2684 378 2801 417 non
2834 378 3034 418 sumus
3063 362 3249 417 noctis
3270 377 3446 433 neque
3477 364 3851 437 tenebrarum(1

517 452 717 519 stinet,
741 451 847 507 sed
867 451 1185 523 praemium
1212 451 1472 507 necdum
1497 453 1689 516 tenet;
1720 449 1833 505 hoc
1856 448 2086 512 tolerat,
2107 446 2179 501 il-

515 540 619 597 lud
641 545 1180 613 exspectat.Noctes
1196 556 1331 596 vero
1348 539 1678 597 laboriosas
1691 541 2019 602 enumerat,
2037 535 2179 608 quia

517 630 906 686 adversitates
937 630 1047 686 sibi
1066 630 1374 703 praisentis
1398 628 1679 701 temporis
1710 643 1836 683 sese
1863 628 1923 682 in
1950 624 2178 681 virtuti-

516 718 629 775 bus
655 719 984 775 exercendo
1001 725 1336 775 coacervat.
1353 722 1497 775 Nam
1517 719 1564 773 si
1593 718 1874 791 proﬁcere
1892 716 1952 771 in
1979 718 2176 770 mente

514 824 636 865 non
658 810 904 880 appetit,
926 808 1126 863 minus
1144 808 1397 864 fortasse
1425 822 1638 879 aspera
1650 822 1787 879 quae
1811 804 2019 860 mundi
2040 806 2177 858 sunt

515 898 714 954 sentit.

586 987 672 1042 16.
696 985 965 1041 Ecclesia
987 986 1048 1040 in
1066 984 1342 1041 membris
1357 982 1607 1054 inﬁrmis
1627 998 1845 1041 menses
1866 981 2173 1045 vacuos,in

507 1075 772 1145 fortibus
802 1082 1000 1131 noctes
1028 1076 1359 1132 laboriosas
1385 1075 1577 1131 habet.
1608 1075 1803 1130 Labor
1816 1089 1927 1143 pro
1954 1073 2173 1129 saeculo

512 1164 715 1221 inanis
727 1180 802 1221 ex
817 1166 938 1233 ﬁne
952 1165 1419 1234 dignoscitur.—-
1438 1166 1579 1230 Qum
1594 1169 1793 1220 tamen
1810 1161 2101 1217 sententia
2123 1161 2173 1216 si

512 1256 591 1312 ad
611 1271 819 1311 vocem
842 1258 1068 1310 sanctas
1087 1254 1264 1327 249
1283 1254 1555 1310 Ecclesiae
1569 1254 1824 1321 ducitur,
1841 1252 2171 1308 intellectus

511 1345 642 1416 ejus
674 1344 857 1417 paulo
886 1344 1159 1399 subtilius
1186 1344 1522 1413 indagatur.
1544 1346 1676 1416 Ipsa
1699 1344 1924 1416 quippe
1948 1358 2171 1397 vacuos

513 1451 747 1491 menses
765 1433 965 1500 habet,
984 1444 1011 1477 α
1036 1450 1172 1506 quae
1190 1434 1516 1489 inintirmis
1540 1434 1662 1489 suis
1684 1432 1973 1489 membris
1996 1437 2172 1487 terre-

509 1541 618 1580 nas
633 1524 894 1581 actiones
908 1524 1135 1597 absque
1153 1525 1285 1579 vitae
1304 1523 1540 1595 praemio
1560 1523 1884 1578 deﬂuentes
1902 1522 2168 1576 sustinet.

510 1614 645 1686 Ipsa
657 1620 860 1669 noctes
874 1612 1211 1668 laboriosas
1224 1618 1685 1685 enumerat,qua3
1700 1613 1757 1667 in
1771 1610 2045 1667 membris
2060 1610 2173 1666 for-

2290 447 2485 510 Thess.
2508 469 2558 516 v,
2588 455 2672 523 5);
2709 452 2927 524 quibus
2951 451 3237 523 praemisit
3265 470 3276 509 :
3317 452 3417 506 Vos
3435 458 3631 517 autem,
3656 455 3851 522 fratres,

2287 561 2406 600 non
2421 542 2558 599 estis
2576 542 2637 596 in
2654 541 2992 604 tenebris,ut
3007 556 3103 597 vos
3115 540 3231 597 dies
3245 541 3350 597 illa
3366 547 3626 612 tanquam
3635 543 3852 611 furcom-

2280 632 2613 702 prehendat
2639 631 2801 702 (Ibid
2828 672 2841 695 ,
2877 632 2929 701 4)
2968 649 2979 698 ;
3016 635 3205 701 potest
3236 630 3345 685 hoc
3372 629 3426 684 in
3458 630 3576 686 loco
3605 648 3668 686 ex
3693 648 3857 688 eorum

2285 738 2541 793 persona
2569 737 2681 775 vox
2710 725 2930 775 sanctae
2964 719 3226 774 Ecclesiae
3249 718 3451 791 accipi,
3475 719 3566 790 qui
3593 726 3709 791 post
3730 721 3859 789 igno-

2283 812 2490 867 rantiae
2530 827 2647 866 suae
2680 809 2995 878 caliginem
3033 808 3107 863 ad
3139 824 3403 863 amorem
3445 809 3770 863 rectitudinis
3797 826 3862 865 re-

2285 901 2487 966 deunt,
2513 906 2589 963 et,
2619 899 2880 954 veritatis
2902 898 3086 952 radiis
3119 897 3408 963 illustrati,
3441 897 3654 951 ﬂetibus
3674 898 3863 954 diluunt

2284 990 2447 1063 quod
2468 994 2832 1045 erraverunt.
2858 986 3225 1041 lllumiuatus
3244 988 3455 1041 etenim
3474 986 3702 1057 quisque
3723 987 3862 1058 respi-

2282 1082 2359 1134 cit
2382 1096 2564 1151 quam
2582 1084 2747 1149 turpe
2768 1077 2939 1132 fuerit
2964 1077 3127 1148 quod
3151 1074 3450 1147 prmsentis
3478 1075 3599 1129 vitaa
3613 1092 3786 1132 amore
3804 1078 3865 1131 la-

2280 1168 2532 1224 boravit.
2569 1168 2719 1239 [Vel.
2766 1165 2901 1239 IX.]
2948 1166 3007 1220 In
3042 1164 3123 1220 eis
3150 1180 3291 1234 ergo
3319 1170 3515 1220 sancta
3545 1164 3781 1230 Ecclesia,
3820 1166 3864 1220 in

2280 1257 2503 1330 quibus
2535 1256 2610 1311 ad
2644 1255 2827 1311 vitam
2855 1256 3164 1309 revertitur
3185 1253 3447 1308 laborem
3469 1270 3629 1308 suum
3647 1255 3866 1309 aastuauti

2282 1362 2455 1401 servo
2474 1344 2902 1400 etdesideranti
2925 1343 3106 1398 ﬁnem
3125 1343 3488 1398 mercenario
3502 1349 3786 1413 comparat,
3804 1342 3867 1397 di-

2280 1450 2453 1490 cens:
2483 1433 2650 1490 Sicut
2674 1448 2877 1490 servus
2903 1433 3200 1489 desiderat
3234 1432 3495 1488 umbram
3528 1439 3575 1487 et
3595 1434 3727 1487 sicut
3750 1448 3867 1487 mer-

2282 1526 2557 1581 cenarius
2598 1524 2993 1593 prwstolalur
3018 1524 3192 1581 linem
3226 1523 3411 1591 Operis
3458 1520 3548 1576 sui
3574 1537 3585 1575 :
3613 1521 3686 1576 sic
3724 1528 3767 1577 et
3791 1536 3868 1590 ego

2281 1614 2466 1671 habui
2495 1629 2719 1670 menses
2742 1629 2980 1678 vacuos,
2997 1618 3050 1668 et
3065 1620 3264 1668 noctes
3288 1611 3604 1667 laboriosas
3620 1625 3866 1667 enumera.

510 1702 671 1758 tibus
696 1701 1045 1773 multiplices
1074 1702 1484 1758 tribulationes
1511 1701 1807 1772 portat.In
1825 1702 1935 1756 hac
1953 1702 2169 1755 etenim
2201 1717 2245 1771 Β
2283 1704 2523 1760 vimi/zi.
2558 1710 2620 1758 In
2642 1702 3093 1774 comparatione
3115 1703 3330 1756 etenim
3350 1701 3470 1756 duo
3489 1706 3870 1772 suntquaapree-

513 1792 637 1848 vita
651 1791 919 1863 quaedam
932 1790 1228 1847 laboriosa
1241 1792 1666 1863 sunt,quaedam
1686 1789 2169 1862 vacua,quaedam

509 1897 651 1938 vero
678 1898 867 1937 vacua
885 1880 1063 1937 simul
1083 1889 1138 1937 et
1159 1881 1705 1937 laboriosa.Amore
1722 1879 1947 1952 quippe
1969 1879 2172 1935 condi-

508 1971 655 2027 toris
686 1970 994 2043 prtesentis
1020 1971 1153 2026 vitm
1184 1969 1586 2025 tribulationis
1616 1968 1873 2025 exerceri
1912 1968 2171 2024 laborio-

511 2077 645 2115 sum
660 2060 904 2132 quidem
934 2063 1040 2125 est,
1059 2059 1162 2114 sed
1180 2075 1436 2115 vacuum
1465 2063 1707 2114 nonest.
1734 2061 1948 2113 Amore
1968 2064 2167 2113 autem

509 2149 709 2205 saeculi
724 2148 1122 2220 voluptatibus
1137 2148 1280 2204 solvi
1300 2164 1553 2205 vacuum
1570 2147 1804 2220 quidem
1818 2147 2031 2213 est,sed
2048 2162 2167 2202 non

508 2238 903 2294 laboriosum.
937 2241 1154 2294 Amore
1201 2254 1342 2293 vero
1375 2237 1648 2309 ejusdem
1686 2236 1885 2292 sreculi
1916 2236 2168 2292 adversa

509 2327 713 2401 aliqua
738 2328 967 2401 perpeti
994 2333 1047 2383 et
1078 2344 1339 2383 vacuum
1367 2326 1545 2382 simul
1570 2332 1659 2381 est
1690 2331 1744 2382 et
1771 2325 2164 2392 laboriosum,

507 2419 651 2491 quia
666 2423 804 2474 etex
825 2416 1179 2473 adversitate
1195 2432 1365 2472 mens
1385 2415 1721 2479 aﬁicitur,et
1741 2416 2168 2471 renumeratio—

506 2507 603 2563 nis
622 2508 861 2578 praemio
884 2523 1003 2563 non
1022 2506 1302 2580 repletur.
1331 2509 1393 2561 ln
1408 2506 1499 2561 his
1525 2506 1727 2577 itaque
1746 2510 1952 2562 sancta
1980 2506 2162 2562 Eccle-

506 2596 594 2653 sia
606 2597 709 2670 qui
730 2596 787 2652 in
806 2596 1012 2667 eajam
1031 2596 1205 2668 positi
1228 2595 1425 2652 adhuc
1445 2594 1853 2666 voluptatibus
1871 2594 2160 2661 deﬂuunt,

506 2693 561 2743 et
597 2686 848 2759 proinde
871 2686 1061 2741 fructu
1080 2684 1433 2757 bonioperis
1461 2700 1581 2740 non
1613 2684 1898 2750 ditantur,
1927 2701 2161 2740 menses

503 2792 726 2833 vacuos
758 2776 939 2840 ducit,
968 2775 1110 2847 quia
1146 2775 1278 2830 vitae
1306 2781 1577 2845 tempora
1605 2772 1729 2828 sine
1760 2772 2161 2829 retributionis

502 2881 750 2921 munere
772 2864 1071 2935 expendit.
1093 2865 1154 2919 In
1174 2864 1263 2919 his
1285 2879 1422 2919 vero
1446 2864 1568 2935 qui,
1594 2863 1828 2918 aeternis
1846 2863 2161 2919 desideriis

501 2954 684 3010 dediti
702 2953 907 3009 mundi
922 2952 1102 3024 hujus
1115 2954 1372 3009 adversa
1387 2952 2161 3023 patiuntur,laboriosasno-

501 3047 966 3108 ctescnumerat,
987 3042 1127 3115 quia
1145 3040 1587 3097 tribulationem
1617 3042 1893 3097 tenebras
1910 3042 2082 3113 quasi
2100 3043 2159 3098 in

502 3134 754 3201 caligine
786 3134 919 3188 vitas
958 3133 1266 3204 prmsentis
1292 3135 1507 3203 portat.
1535 3134 1595 3185 In
1630 3130 1722 3186 his
1755 3136 1954 3187 autem
1988 3133 2159 3203 quiet

500 3225 910 3279 transeuntem
930 3220 1225 3276 mundum
1259 3219 1531 3288 diligunt,
1558 3223 1615 3274 et
1638 3224 1835 3274 tamen
1867 3220 1997 3291 ejus
2019 3236 2158 3275 con—

500 3310 794 3368 trarietate
808 3309 1151 3381 fatigantur,
1182 3308 1360 3364 simul
1386 3323 1621 3362 menses
1649 3324 1870 3363 vacuos
1885 3313 2158 3366 etnoctes

496 3399 831 3456 laboriosas
867 3399 1092 3467 tolerat,
1134 3397 1275 3470 quia
1305 3412 1513 3453 eorum
1545 3398 1727 3452 vitam
1774 3402 1827 3453 et
1852 3398 2159 3456 retributio

500 3489 875 3562 subsequens
906 3487 1070 3544 nulla
1092 3492 1453 3553 remunerat,
1477 3493 1531 3543 et
1562 3503 1824 3559 praesens
1854 3487 2158 3546 tribulatio

497 3583 798 3650 angustat.
828 3580 1002 3635 Recte
1035 3582 1237 3633 autem
1272 3592 1658 3649 nequaquam
1691 3576 1838 3643 dies,
1865 3578 1972 3633 sed
1993 3578 2054 3633 in
2078 3579 2159 3634 eis

498 3686 739 3726 menses
756 3684 974 3724 vacuos
993 3666 1215 3723 habere
1229 3682 1289 3722 se
1317 3666 1603 3739 perhibet.
1635 3666 1920 3723 Mensium
1936 3668 2159 3740 quippe

495 3759 741 3817 nomine
784 3758 1017 3814 dierum
1048 3755 1314 3813 collectio
1343 3760 1399 3812 et
1438 3772 1678 3811 summa
1728 3756 2016 3826 signatur.
2051 3757 2159 3813 Per

493 3849 653 3905 diem
676 3863 818 3919 ergo
846 3861 1227 3919 unaquaeque
1241 3845 1395 3901 actio
1409 3844 1778 3917 exprimitur,
1802 3862 1904 3917 per
1917 3848 2163 3902 menses

493 3943 694 3996 autem
711 3938 1012 3994 actionum
1048 3935 1183 3990 ﬁnis
1213 3935 1572 3990 innuitur.Et
1602 3950 1758 4006 saepe
1789 3951 1927 3990 cum
1958 3934 2017 3990 in
2039 3936 2154 3992 hoc

493 4028 723 4085 mundo
757 4026 987 4099 aliquid
1014 4025 1270 4096 agimus,
1300 4025 1522 4079 intenta
1553 4022 1678 4094 spei
1706 4024 2008 4080 alacritate
2031 4042 2152 4081 sus-

492 4117 684 4191 pensi,
717 4117 829 4172 hoc
860 4117 1058 4187 ipsum
1088 4113 1253 4187 quod
1281 4113 1516 4185 agimus
1545 4128 1803 4167 vacuum
1832 4128 1953 4168 non
1984 4121 2153 4185 puta-

490 4223 649 4273 mus;
675 4205 778 4261 sed
793 4208 1117 4277 postquam
1134 4201 1209 4257 ad
1224 4201 1526 4258 actionum
1553 4199 1872 4256 terminum
1891 4204 2152 4272 perveni-

490 4312 646 4360 mus,
673 4310 793 4350 non
808 4292 1148 4349 obtinentes
1172 4307 1304 4364 quae
1326 4289 1689 4363 appetimus,
1715 4288 2019 4346 laborasse
2038 4308 2151 4347 nos

488 4384 549 4439 in
578 4397 834 4437 vacuum
858 4381 1154 4437 dolemus.
1181 4380 1307 4435 Non
1352 4379 1548 4435 solum
1579 4378 1757 4450 igitur
1777 4378 1924 4444 dies,
1960 4379 2063 4435 sed
2095 4384 2152 4436 et

488 4485 723 4528 menses
754 4486 979 4525 vacuos
1014 4469 1455 4534 ducimus,cum
1483 4484 1594 4524 nos
1618 4469 1677 4523 in
1702 4468 1946 4524 terrenis
1973 4469 2150 4526 actio-

487 4560 667 4617 nibus
684 4558 811 4614 sine
825 4558 1015 4614 fructu
1032 4558 1491 4624 laborasse,non
1521 4574 1593 4613 ex
1612 4558 1917 4614 actionum
1935 4560 2151 4631 princi-

486 4650 604 4722 pio,
639 4646 742 4702 sed
758 4647 874 4702 ﬁne
890 4662 1238 4718 pensamus.
1276 4650 1423 4702 Cum
1457 4647 1615 4702 enim
1659 4647 1893 4703 labores
1916 4654 2149 4704 nostros

484 4737 815 4796 adversitas
831 4736 1297 4808 sequitur,quasi
1316 4737 1446 4791 vitae
1471 4740 1689 4792 nostrae
1718 4735 1888 4792 vacui
1913 4753 2148 4793 menses

483 4826 985 4899 arguuntur,quia
998 4840 1069 4880 ex
1082 4823 1476 4895 completione
1490 4825 1792 4881 actionum
1809 4827 2149 4895 agnoscitur

480 4934 668 4992 quam
695 4917 911 4975 frustra
942 4915 999 4971 in
1028 4911 1363 4969 actionibus
1397 4912 1746 4969 sudabatur.

553 5008 640 5062 t7.
664 5009 750 5064 De
769 5006 944 5062 inani
956 5006 1064 5061 hoc
1090 5002 1292 5059 labore
1306 5002 1573 5058 Ecclesia
1589 5002 2015 5073 ingemiscit.—
2032 5006 2144 5061 Sed

479 5098 623 5171 quia
646 5099 701 5154 in
719 5114 889 5154 sacro
905 5094 1136 5168 eloquio
1152 5108 1589 5165 nonnunquam
1606 5108 1724 5148 nox
1739 5110 1844 5165 pro
1864 5094 2143 5164 ignoran-

479 5186 561 5241 tia
600 5188 859 5257 ponitur,
894 5184 1073 5241 Paulo
1105 5186 1439 5251 attestante,
1480 5181 1583 5254 qui
1616 5187 1930 5239 venturam
1956 5184 2137 5239 vitam

481 5273 803 5332 scientibus
815 5273 1126 5347 discipulis
1151 5272 1315 5329 dicit:
1339 5272 1549 5329 Omnes
1573 5274 1799 5341 vosﬁlii
1812 5273 1961 5329 lucis
1980 5274 2136 5340 estis,

552 5434 579 5467 ι
606 5423 852 5505 Gemetp
871 5442 1004 5505 qua:
1024 5426 1087 5481 in
1108 5425 1363 5494 inﬁrmis
1383 5426 1505 5482 suis
1524 5431 1849 5483 terrenas.2
1868 5427 2131 5493 Vindoc.,

481 5509 618 5567 quae
642 5497 703 5567 in
730 5497 1079 5567 inﬁrmitate
1109 5513 1239 5554 sua.

548 5564 578 5608 ιι
608 5564 849 5622 Vindoc.
878 5572 935 5623 et
965 5567 1162 5633 Corb.,
1195 5571 1418 5626 modos.

2280 1794 2527 1860 misit;in
2544 1793 2927 1866 expressioue
2943 1792 3119 1847 etiam
3138 1790 3501 1859 fatigationis
3520 1790 3633 1845 duo
3656 1790 3870 1862 protinus

2280 1882 2660 1939 subdidit.Ad
2683 1887 3037 1938 aestuantem
3064 1881 3287 1953 quippe
3313 1896 3545 1935 menses
3567 1895 3762 1935 vacuos
3777 1877 3870 1934 red-

2279 1971 2447 2036 didit,
2481 1973 2621 2043 quia
2653 1987 2775 2043 quo
2818 1970 3011 2040 magis
3039 1977 3325 2025 aeternum
3370 1970 3541 2042 250
3563 1969 3868 2039 refrigerium

2278 2061 2660 2133 qumritur,eo
2682 2060 2871 2130 magis
2893 2059 3257 2130 conspicitur
3278 2076 3465 2131 quam
3481 2074 3656 2114 vacue
3676 2074 3766 2129 pro
3784 2058 3869 2111 vita

2280 2150 2389 2205 ista
2405 2150 2630 2207 laborat
2643 2167 2727 2205 ur.
2740 2151 2820 2204 Ad
2841 2148 3285 2220 praestolantem
3303 2165 3443 2204 vero
3460 2148 3761 2204 laboriosas
3772 2162 3869 2202 noc-

2278 2242 2363 2294 tes
2379 2239 2859 2312 subintulit,quia
2876 2254 2998 2310 quo
3022 2238 3216 2307 magis
3232 2254 3303 2293 ex
3320 2239 3568 2295 termino
3580 2238 3754 2310 operis
3768 2252 3869 2308 prte-

2278 2331 2465 2385 mium
2482 2330 2640 2402 quod
2667 2328 3459 2401 assequamurinspicimus,
3481 2344 3549 2383 eo
3571 2327 3871 2399 magisinge-

2278 2418 2586 2473 miscimus
2617 2418 2721 2473 diu
2752 2434 2863 2473 nos
2896 2417 3160 2473 nescisse
3194 2417 3361 2489 quod
3391 2417 3718 2489 quaerimus.
3750 2414 3870 2471 Unde

2275 2512 2329 2562 et
2358 2508 2489 2578 ipsa
2519 2508 2860 2579 paenitentis
2891 2523 3034 2563 cura
3059 2506 3375 2576 vigilanter
3395 2502 3870 2579 exprimitur,utla-

2275 2596 2549 2652 boriosas
2569 2602 2773 2652 noctes
2805 2611 3192 2652 enumerasse
3222 2594 3677 2668 diceretur,quia
3696 2597 3871 2667 quanto

2273 2686 2472 2741 verius
2494 2686 2571 2741 ad
2592 2686 2779 2741 Deum
2802 2685 3350 2750 revertimur,tanto
3379 2684 3648 2739 subtilius
3664 2683 3870 2743 labores,

2273 2791 2429 2848 quos
2470 2792 2575 2847 per
2613 2776 3019 2845 ignorantiam
3054 2775 3110 2829 in
3145 2775 3256 2830 hoc
3298 2775 3530 2831 mundo
3560 2773 3872 2847 pertulimus,

2272 2865 2532 2920 dolendo
2553 2881 2897 2937 pensamus.
2928 2868 3072 2920 Nam
3097 2880 3217 2937 quo
3252 2865 3572 2936 unicuique
3600 2864 3719 2935 plus
3741 2861 3873 2916 dulce

2271 2954 2333 3009 ﬁt
2374 2956 2537 3028 quod
2581 2954 2655 3010 de
2695 2954 2935 3011 aeternis
2978 2954 3298 3019 desiderat,
3336 2970 3407 3010 eo
3437 2954 3485 3009 ei
3528 2955 3703 3023 magis
3736 2964 3875 3022 grave

2270 3045 2603 3099 ostenditur
2633 3044 2797 3115 quod
2825 3059 2930 3115 pro
2963 3043 3352 3115 praesentium
3387 3060 3587 3099 amore
3617 3041 3870 3098 tolerabat.

2273 3134 2329 3190 Si
2372 3150 2509 3189 vero
2546 3133 2623 3187 ad
2661 3133 2851 3188 solam
2892 3133 3200 3188 historiam
3236 3133 3548 3205 sequentia
3573 3132 3738 3188 verba
3762 3146 3875 3202 pen-

2273 3229 2500 3288 santur,
2535 3239 2640 3295 per
2672 3222 2798 3278 haec
2826 3222 3033 3294 procul
3064 3222 3253 3276 dubio
3285 3224 3530 3278 animus
3558 3222 3781 3277 dolentis
3804 3234 3874 3273 ex-

2270 3311 2544 3384 primitur
2584 3311 2837 3383 qualiter
2874 3327 2980 3382 per
3023 3309 3290 3366 diversos
3328 3310 3359 3354 b
3390 3316 3585 3367 motus
3629 3307 3871 3373 desiderii,

2272 3400 2548 3457 mmstitia
2589 3400 2947 3473 impellente,
2991 3399 3273 3455 variatur.
3321 3404 3473 3457 Nam
3504 3400 3790 3456 subditur:

2935 3490 3158 3545 CAPUT
3200 3491 3283 3544 1X.

2344 3580 2511 3635 Vens.
2542 3583 2593 3634 4.
2637 3610 2702 3619 -
2734 3579 2802 3635 Si
2830 3577 3149 3643 dormiero,
3194 3577 3396 3634 dicam
3425 3598 3437 3634 :
3469 3592 3494 3621 ο
3526 3577 3752 3646 Quando
3776 3589 3873 3630 sur-

2270 3685 2407 3739 gam
2438 3670 2465 3723 ?
2494 3676 2547 3725 et
2577 3685 2817 3724 rursum
2850 3666 3202 3739 exspectabo
3230 3683 3555 3737 veSperam.

2346 3762 2425 3814 t8.
2444 3759 2661 3814 Dolens
2673 3758 2997 3827 praesentia
3019 3757 3599 3828 despicit,e.rspectat
3614 3758 3862 3827 futura.—

2267 3848 2328 3902 lu
2353 3852 2521 3903 nocte
2549 3851 2769 3919 quippe
2794 3847 2919 3901 dies
2950 3846 3255 3918 quaeritur,
3280 3845 3343 3901 in
3377 3847 3471 3901 die
3503 3860 3733 3917 vespera
3756 3840 3872 3898 desi-

2266 3936 2525 4003 deratur,
2555 3937 2698 4008 quia
2729 3937 3014 3991 nimirum
3045 3934 3213 3990 dolor
3244 3951 3367 3991 non
3393 3934 3871 4008 permittitplacere

2263 4042 2398 4098 quee
2429 4026 2650 4081 adsunt
2685 4042 2699 4093 ;
2734 4041 2991 4098 cumque
3026 4030 3281 4079 mentem
3315 4042 3423 4097 per
3454 4025 3868 4097 experimentum

2264 4115 2652 4186 praesentium
2689 4113 2889 4179 afﬁcit,
2926 4129 3161 4185 semper
3190 4113 3350 4169 hanc
3382 4115 3556 4187 quasi
3583 4110 3870 4169 consolante

2261 4204 2557 4259 desiderio
2575 4203 2651 4258 ad
2666 4204 2782 4259 alia
2798 4219 2897 4274 per
2914 4203 3424 4275 exspectationem
3441 4200 3750 4260 tendit.Sed
3762 4197 3871 4270 quia

2262 4299 2316 4349 et
2345 4292 2560 4349 aﬂlicta
2585 4309 2757 4349 mens
2783 4309 2887 4365 per
2914 4296 3243 4365 appetitum
3265 4293 3778 4359 ducitur,ettamen
3791 4287 3871 4342 do-

2261 4381 2343 4436 lor
2363 4383 2492 4453 ejus
2519 4382 2697 4438 etiam
2722 4382 3001 4437 seductus
3031 4380 3343 4437 desideriis
3365 4399 3487 4438 non
3513 4382 3720 4442 ﬁnitur,
3750 4378 3871 4432 recte

2266 4471 2671 4542 subjungitur,
2708 4505 2763 4513 —
2791 4476 2923 4527 tam.
2950 4491 2962 4529 :
2992 4503 3057 4510 —
3086 4471 3382 4540 Replebor
3411 4470 3707 4528 doloribus
3727 4475 3872 4536 usque

2263 4562 2344 4618 ad
2375 4563 2665 4618 tenebras.
2708 4564 2899 4617 Causa
2930 4566 3130 4617 autem
3162 4561 3436 4630 ejusdem
3467 4560 3682 4617 doloris
3707 4552 3869 4625 expri-

2263 4651 2460 4722 mitur,
2492 4668 2627 4707 cum
2663 4651 2931 4723 protinus
2966 4649 3334 4705 subinfertur
3368 4668 3381 4706 :

2760 4741 2983 4795 CAPUT
3017 4741 3055 4794 x
3093 4740 3248 4810 [Rec.
3296 4740 3418 4811 VI].

2332 4831 2490 4884 Vens.
2528 4835 2575 4885 5.
2624 4859 2691 4870 -
2721 4829 2945 4884 Induta
2993 4835 3074 4884 est
3115 4843 3255 4884 caro
3304 4843 3435 4884 mea
3480 4824 3789 4897 putredine,
3824 4822 3865 4874 et

2254 4919 2524 4975 sordibus
2545 4919 2831 4988 pulveris,
2855 4917 3007 4973 cutis
3033 4934 3159 4974 mea
3179 4920 3367 4983 aruit,
3395 4924 3450 4973 et
3475 4922 3761 4973 contracta
3780 4912 3860 4964 est-

2328 5010 2410 5063 19.
2431 5009 2695 5065 Hominis
2711 5007 3263 5077 lapsiinstabililas.
3277 5039 3337 5047 —
3356 5009 3467 5064 Sed
3488 5008 3611 5062 haec
3629 4997 3859 5058 subtilius

2252 5098 2793 5169 congruentiusque
2807 5096 3230 5162 disserimus,si
3249 5096 3325 5152 ad
3342 5097 3658 5168 praemissae
3677 5085 3860 5161 exposi-

2253 5187 2429 5243 tionis
2460 5188 2735 5243 ordinem
2769 5186 3108 5242 redeamus.
3143 5187 3367 5241 Somuo
3401 5199 3657 5256 namque
3699 5187 3859 5248 torpor

2248 5278 2374 5343 otii,
2394 5278 2755 5333 surrectione
2780 5280 2979 5333 autem
2999 5275 3343 5332 exercitatio
3361 5274 3611 5330 actionis
3627 5262 3857 5342 exprimi-

2319 5441 2343 5470 ο
2370 5430 2457 5501 Ita
2483 5429 2949 5501 semperlegitur
2975 5428 3067 5484 hic
3095 5432 3283 5484 textus
3298 5426 3363 5501 in
3384 5429 3515 5483 Mss.
3539 5424 3675 5498 pler.
3697 5424 3724 5475 2
3749 5415 3853 5472 Vin-

2245 5500 2378 5555 doc.
2407 5500 2589 5556 habet
2618 5499 2820 5557 tamen
2852 5516 3184 5571 resurgam,
3210 5499 3409 5556 nullus
3433 5505 3628 5555 autem
3652 5501 3851 5552 consur-

2242 5586 2403 5643 gam,
2432 5576 2494 5627 ut
2523 5573 2693 5629 Editi.
