4108 6184
259 205 364 261 813

1191 203 1561 261 MOBALIUM
1603 203 1741 261 LIB.
1783 203 1921 259 Vlll.
1968 232 2031 243 -
2072 202 2140 256 IN
2183 202 2339 259 CAP.
2380 204 2478 259 VII
2522 202 2586 257 Β.
2627 202 2781 261 JOB.

3576 211 3695 267 8M

264 334 378 385 tur.
402 331 673 400 Vesperm
699 343 941 400 quoque
964 327 1225 393 nomine,
1250 329 1397 401 quia
1420 346 1633 385 somno
1652 329 1920 397 congrui,
1954 331 1999 385 A
2030 328 2208 384 debet
2236 328 2538 394 attollitus,
2572 345 2679 401 per
2711 328 3183 387 contrarietatem
3221 334 3529 405 praesentis
3557 336 3694 393 vita:

262 435 469 473 rursus
502 417 979 473 otiidesiderium
1002 417 1312 487 ﬁguratur.
1335 420 1547 474 Sancta
1570 435 1704 473 vero
1736 419 1925 474 Eccle-

259 508 347 562 sia
371 522 688 579 quousque
712 507 893 561 vitam
913 508 1307 578 corruptionis
1325 508 1509 573 ducit,
1535 508 1674 563 ﬂere
1693 506 1923 563 mutabi

256 596 438 652 litatis
456 612 575 652 sua:
589 595 817 651 damna
830 612 950 652 non
964 595 1202 651 desinit.
1230 597 1314 651 Ad
1328 597 1443 652 hoc
1460 614 1721 669 namque
1741 597 1923 652 homo

254 686 527 742 conditus
562 685 775 750 fuerat,
810 691 892 750 ut,
927 690 1116 741 stante
1144 692 1361 755 mente,
1393 687 1449 742 in
1478 703 1676 741 arcem
1702 702 1761 742 se
1788 688 1925 741 cbn-

252 775 666 848 templationis
691 773 955 846 erigeret,
987 779 1041 829 et
1062 775 1223 831 nulla
1242 775 1398 831 hunc
1416 776 1723 847 corruptio
1741 793 1775 830 a
1789 791 1924 831 con-

255 865 461 935 ditoris
494 864 587 919 sui
626 880 831 919 amore
858 863 1198 919 declinaret.
1236 865 1350 921 Sed
1378 866 1438 920 in
1466 881 1535 920 eo
1560 865 1723 937 quod
1751 864 1925 920 abin-

258 955 456 1028 genita
476 953 671 1009 standi
686 952 979 1008 soliditate
992 953 1314 1009 voluntatis
1332 955 1546 1026 pedem
1581 954 1656 1011 ad
1680 954 1919 1026 culpam

256 1044 465 1113 movit,
485 1060 521 1098 a
541 1042 853 1097 dilectione
886 1043 1203 1098 conditoris
1231 1044 1290 1098 in
1313 1045 1702 1116 semetipsum
1736 1044 1924 1115 proti-

251 1150 368 1189 nus
399 1132 631 1188 cecidit.
659 1136 936 1187 Amorem
958 1148 1095 1188 vero
1111 1133 1453 1197 Dei,veram
1483 1133 1705 1189 scilicet
1727 1134 1924 1189 statio-

253 1223 346 1278 nis
381 1238 578 1278 arcem
630 1223 935 1288 deserens,
968 1238 1077 1277 nec
1126 1222 1185 1276 in
1230 1239 1291 1278 se
1341 1223 1669 1279 consistere
1711 1222 1922 1295 potuit,

252 1312 421 1382 quia,
436 1310 676 1367 lubricae
695 1310 1105 1366 mutabilitatis
1122 1311 1412 1382 impulsu,
1431 1312 1583 1368 infra
1596 1328 1657 1368 se
1670 1329 1774 1385 per
1795 1329 1922 1369 cor-

256 1399 594 1469 ruptionem
623 1415 935 1471 proruens,
966 1401 1143 1455 etiam
1170 1416 1204 1455 a
1228 1401 1548 1468 semetipso
1567 1413 1592 1444 θ
1623 1400 1920 1457 dissensit.

259 1488 373 1553 Qui
388 1504 566 1555 nunc,
583 1491 722 1560 quia
734 1489 1098 1544 conditionis
1116 1505 1234 1545 sum
1254 1488 1550 1545 soliditate
1570 1505 1687 1545 non
1708 1489 1921 1559 ﬁgitur,

2029 418 2189 473 edito
2216 434 2468 474 mcerore
2491 419 2798 474 solidetur.
2816 420 2979 475 Unde
2994 425 3048 476 et
3066 437 3453 495 nequaquam
3476 425 3697 482 Formi-

2029 507 2176 563 dabo
2192 524 2495 577 vesperam
2514 508 2858 578 dicitur,sed
2876 511 3269 581 Exspectabo.
3282 514 3696 584 Exspectamus

2029 598 2246 653 etenim
2287 614 2591 669 prospera,
2628 598 3031 654 formidamus
3064 600 3337 658 adversa.
3384 602 3479 659 Vir
3516 604 3699 675 igitur

2025 685 2224 756 justus
2247 703 2559 758 vesperam
2578 692 2901 759 exspectat,
2926 688 3073 760 quia
3090 705 3228 745 cum
3252 693 3513 748 exerceri
3537 693 3698 750 hunc

2032 774 2413 831 tribulatione
2454 791 2695 831 necesse
2721 780 2826 841 est,
2861 776 2993 848 ipsa
3019 777 3071 832 ei
3103 776 3169 833 ﬁt
3198 778 3529 837 adversitas
3557 799 3701 855 pro-

2032 880 2229 936 spera.

2101 957 2187 1007 2t.
2219 955 2555 1010 Tentationi
2572 955 3130 1025 peccatinunquam
3161 956 3259 1013 hic
3284 973 3405 1014 non
3433 964 3510 1014 est
3528 960 3696 1016 obno-

2029 1042 2183 1098 xius.
2207 1043 2575 1099 Tentaliones
2598 1060 2715 1099 non
2742 1045 2925 1108 timet,
2943 1044 3045 1100 sed
3067 1051 3276 1102 contra
3294 1061 3390 1103 eas
3408 1062 3469 1104 se
3490 1057 3692 1117 parat.

2032 1162 2099 1171 —
2129 1135 2339 1197 Potest,
2369 1148 2633 1204 vesperae
2663 1132 2927 1197 nomine,
2964 1133 3145 1190 etiam
3185 1136 3416 1206 peccati
3446 1139 3695 1196 tentatio

2031 1219 2504 1292 designari,quae
2532 1237 2690 1293 saepe
2718 1227 2880 1278 tanto
2908 1222 3104 1278 acrius
3134 1230 3397 1281 mentem
3432 1225 3695 1293 lacessit,

2030 1315 2258 1381 quanto
2273 1315 2327 1366 et
2341 1312 2617 1367 eamdem
2635 1316 2895 1367 mentem
2910 1311 3143 1383 spiritus
3163 1314 3239 1370 ad
3255 1331 3512 1387 superna
3524 1316 3698 1373 altius

2031 1400 2244 1455 evehit.
2267 1402 2662 1472 Nequaquam
2681 1402 2840 1456 enim
2866 1400 2949 1456 sic
2979 1402 3037 1457 in
3065 1401 3179 1458 hac
3197 1403 3319 1461 vita
3342 1420 3448 1476 per
3478 1407 3697 1463 exerci-

2032 1489 2314 1544 tationem
2338 1488 2580 1559 justitiae
2608 1494 2921 1562 peccatum
2952 1490 3264 1557 deseritur,
3298 1498 3362 1549 ut
3395 1494 3452 1549 in
3480 1495 3696 1553 eadem

260 1577 609 1633 alternantis
661 1594 898 1649 semper
941 1578 1222 1633 desiderii
1255 1584 1421 1633 motu
1464 1579 1742 1643 variatur.
1778 1584 1841 1634 ut
1868 1582 1924 1634 et
2023 1576 2623 1648 justitiainconcusse
2642 1581 3136 1651 maneatur,quia
3160 1582 3411 1653 etsijam
3440 1585 3697 1640 acordis

259 1667 501 1740 quietus
522 1666 816 1723 actionem
841 1667 1156 1733 desideret,
1185 1674 1238 1723 et
1271 1674 1600 1740 occupatus
1636 1668 1711 1724 ad
1734 1668 1922 1724 otium
1956 1685 1999 1740 Β
2033 1666 2376 1723 habitaculo
2405 1669 2647 1740 culpam
2678 1668 2969 1724 rectitudo
2995 1668 3284 1736 eliminat,
3318 1672 3453 1743 ipsa
3490 1677 3698 1729 tamen

262 1756 520 1820 anhelet,
540 1757 689 1823 Quia
702 1756 856 1811 enim
875 1756 990 1811 ﬁxa
1010 1773 1178 1812 mens
1192 1763 1343 1812 stare
1361 1774 1496 1813 cum
1516 1758 1700 1829 potuit
1718 1758 1921 1825 noluit,

261 1852 422 1903 stare
456 1847 584 1919 jam
624 1862 745 1901 non
794 1846 952 1901 valet
990 1847 1166 1902 etiam
1202 1862 1341 1901 cum
1381 1846 1556 1902 volet.
1590 1846 1924 1902 Conditoris

260 1935 489 2009 quippe
508 1936 598 1990 sui
631 1934 1194 2005 contemplationem
1239 1936 1537 2002 deserens,
1580 1936 1784 1991 salutis
1806 1953 1924 1991 suae

262 2025 674 2081 fortitudinem
716 2023 984 2096 perdidit,
1028 2030 1084 2079 et
1122 2025 1392 2097 quolibet
1434 2025 1649 2097 posita,
1691 2042 1927 2097 semper

262 2132 425 2188 mgra
441 2115 623 2170 alium
649 2114 845 2169 locum
869 2115 1091 2187 qumrit.
1114 2115 1464 2170 Varietatem
1483 2130 1626 2184 ergo
1647 2115 1927 2171 humanas

266 2206 483 2261 mentis
497 2205 847 2276 exprimens,
868 2204 1052 2259 dicat:
1078 2205 1471 2269 Sidormiero,
1488 2204 1712 2260 dicam:
1736 2205 1928 2271 Quan-

259 2297 337 2352 do
370 2311 603 2367 surgam
636 2295 663 2350 ?
694 2301 745 2351 et
777 2310 1013 2350 rursum
1044 2295 1385 2363 exspestabo
1415 2309 1739 2361 vesperam.
1767 2301 1844 2349 Ac
1880 2294 1930 2351 si

262 2390 469 2457 aperte
499 2385 752 2440 diceret:
788 2384 938 2439 Nihil
960 2389 1308 2455 perceptum
1329 2384 1514 2439 menti
1536 2383 1767 2448 sufﬁcit,
1794 2383 1932 2455 quia

261 2476 471 2548 ipsum
502 2475 605 2547 qui
636 2490 772 2529 vere
818 2473 1093 2529 sufﬁcere
1132 2472 1328 2545 potuit
1366 2473 1586 2528 amisit.
1616 2474 1679 2528 In
1716 2489 1930 2528 somno

264 2580 534 2637 namque
564 2563 992 2620 surrectionem
1021 2563 1315 2628 desidero,
1344 2562 1779 2618 insurrectione
1806 2578 1927 2617 ves~

266 2670 479 2725 peram
501 2658 799 2726 exspecto,
824 2652 968 2725 quia
984 2660 1041 2709 et
1060 2652 1297 2725 quietus
1323 2652 1665 2708 exercitium
1683 2651 1932 2708 actionis

267 2749 509 2816 appeto,
549 2749 604 2798 et
634 2743 984 2798 exercitatus
1019 2743 1207 2798 otium
1235 2742 1451 2814 quietis
1478 2758 1711 2814 quaero.

347 2833 518 2905 251
546 2832 679 2906 [Vel
694 2832 794 2905 X.]
826 2836 911 2887 20.
940 2834 1113 2887 Justo
1132 2831 1306 2888 etiam
1323 2832 1706 2903 quaerendum
1734 2847 1768 2887 a
1798 2846 1935 2901 pec-

266 2929 395 2978 cato
421 2937 679 2993 surgere.
724 2922 815 2977 Ne
834 2922 1187 2985 extollatur,
1215 2920 1482 2977 adversis
1523 2921 1753 2975 muniri
1771 2920 1934 2989 cupit

263 3043 338 3053 —
364 3012 537 3077 Quod
580 3016 781 3066 tamen
822 3009 1068 3079 intelligi
1108 3015 1164 3065 et
1203 3008 1372 3064 aliter
1409 3014 1622 3080 potest.
1665 3010 1932 3065 Dormire
1964 3044 2005 3102 C

269 3116 535 3173 namque
567 3105 653 3155 est
675 3100 732 3154 in
764 3098 1268 3171 peccatisjacere.
1293 3099 1349 3153 Si
1368 3098 1528 3153 enim
1561 3098 1805 3154 somnib
1829 3114 1932 3169 ap-

267 3190 513 3262 pellatio
525 3188 696 3261 culpa
719 3204 839 3243 non
862 3194 1425 3260 esset,nequaquam
1445 3189 1665 3244 Paulus
1682 3188 1933 3259 discipu-

263 3280 338 3335 lis
368 3280 589 3335 diceret
617 3294 628 3333 :
656 3278 1218 3349 Evigilate,jusli,el
1246 3278 1429 3334 nolite
1444 3293 1695 3349 peccare
1721 3278 1776 3347 (Ι
1795 3280 1929 3333 Cor.

261 3387 364 3435 xv,
399 3369 510 3439 34).
537 3368 700 3424 Unde
729 3374 784 3423 et
811 3366 1143 3423 auditorem
1168 3383 1345 3421 suum
1368 3368 1678 3432 admonet,
1697 3366 1930 3422 dicens:

266 3461 461 3531 Surge
487 3458 590 3530 qui
631 3457 873 3525 dormis,
902 3464 952 3513 et
984 3472 1232 3529 exsurge
1261 3473 1297 3513 a
1338 3457 1606 3521 mortuis,
1649 3467 1673 3496 ο
1710 3456 1932 3511 illumi~

264 3548 440 3605 nabil
471 3554 525 3604 te
569 3547 824 3604 Christus
853 3546 1087 3618 (Ep/tes.
1115 3563 1168 3611 v,
1210 3550 1317 3617 14).
1354 3549 1417 3602 Et
1448 3562 1691 3601 rursum
1722 3568 1735 3600 :
1766 3547 1933 3601 Hora

263 3645 353 3695 est
375 3641 511 3708 jam
538 3653 642 3693 nos
665 3638 737 3693 de
760 3654 963 3693 somno
990 3652 1246 3707 surgere.
1273 3636 1456 3697 (Rom.
1482 3652 1600 3700 xm,
1637 3635 1743 3704 ll).
1766 3634 1930 3690 Unde

263 3733 326 3784 et
353 3728 639 3784 Salomon
656 3730 1001 3798 peccantem
1024 3726 1312 3797 increpat,
1330 3726 1574 3781 dicens:
1605 3725 1927 3795 Usquequo,

260 3819 463 3890 piger,
496 3818 719 3873 dormis
751 3817 949 3886 (Prov.
985 3832 1063 3881 v1,
1095 3817 1150 3885 9)
1178 3814 1206 3869 ?
1233 3816 1457 3870 Electus
1480 3814 1660 3884 igitur
1680 3814 1933 3886 quisque

261 3925 410 3965 cum
452 3907 674 3981 peccati
706 3922 920 3962 somno
962 3905 1271 3977 premitur,
1309 3905 1380 3961 ad
1413 3904 1665 3976 justitiae
1701 3902 1933 3975 vigilias

265 4012 599 4067 exsurgere
614 4004 882 4052 conatur.
906 3995 1020 4051 Sed
1034 4011 1191 4067 smpe
1210 4011 1349 4051 cum
1365 3994 1709 4061 surrexerit,
1724 3992 1856 4065 ipsa
1870 4008 1933 4049 se

262 4087 471 4145 extolli
494 4086 907 4156 magnitudine
933 4085 1217 4141 virtutum
1239 4084 1432 4141 sentit.
1459 4083 1623 4140 Unde
1647 4088 1702 4139 et
1722 4081 1934 4138 tentari

266 4195 337 4235 se
352 4193 579 4250 praesen
591 4177 663 4232 tis
679 4176 811 4232 vitm
825 4176 899 4231 ad
909 4174 1283 4231 versitatibus
1299 4173 1693 4245 postvirtutes
1708 4172 1935 4227 deside-

268 4273 388 4333 rat,
413 4283 487 4322 ne
506 4266 676 4338 pejus
690 4281 761 4321 ex
780 4264 1440 4320 conﬁdentiavirtutum
1464 4263 1657 4319 cadat.
1683 4262 1739 4316 Si
1772 4261 1933 4317 enim

266 4356 503 4413 servari
524 4371 585 4411 se
616 4354 826 4410 melius
858 4370 956 4425 per
983 4354 1365 4409 tentationem
1389 4368 1509 4408 non
1529 4357 1932 4421 cognosceret,

266 4461 666 4518 nequaquam
701 4444 1011 4500 Psalmista
1035 4442 1286 4499 diceret:
1317 4443 1508 4497 Proba
1535 4456 1642 4505 me,
1668 4439 1932 4504 Domine,

264 4544 330 4595 et
359 4532 819 4602 lentame(Psal.
853 4548 991 4598 xxv,
1014 4532 1089 4603 2).
1122 4534 1271 4587 Bene
1304 4546 1445 4600 ergo
1485 4546 1643 4585 nunc
1674 4528 1887 4584 dicitur
1920 4546 1934 4582 :

266 4626 346 4682 Si
361 4624 883 4692 dormiero,dicam
917 4622 1201 4689 :Ouando
1217 4622 1558 4692 surgam?et
1576 4635 1817 4675 rursum
1844 4633 1939 4675 ear-

264 4715 542 4787 spectabo
558 4713 1045 4784 vesperam,quia
1058 4712 1179 4767 etin
1206 4711 1429 4782 peccati
1444 4726 1659 4765 somno
1684 4709 1708 4750 d
1735 4709 1936 4764 lumen

260 4804 514 4877 justitiae
530 4805 814 4876 quaeritur
836 4822 849 4871 ;
865 4808 1071 4858 etcum
1088 4801 1362 4856 virtutum
1378 4816 1665 4872 prospera
1680 4803 1937 4853 mentem

269 4894 537 4960 elevant,
561 4892 819 4963 adjutrix
853 4891 1179 4949 adversitas
1201 4890 1587 4953 desideratur,
1606 4886 1940 4958 utprofecto

269 4983 543 5049 animus,
573 4998 710 5039 cum
736 4982 1019 5037 virtutum
1054 4995 1298 5036 suarum
1326 4979 1547 5050 gaudio
1579 4977 1714 5049 plus
1756 4991 1941 5048 quam

350 5148 376 5178 ι
412 5136 547 5191 Coc.
585 5140 638 5192 et
666 5140 884 5192 recent.
902 5133 1428 5203 Ed.,discessitpro
1460 5130 1752 5196 dissensit,
1778 5131 1942 5202 quod

350 5207 500 5258 zitur
526 5209 585 5258 in
618 5207 903 5258 omnibus
925 5207 1061 5258 Mss.
1092 5205 1320 5258 Anglic.
1347 5208 1400 5258 et
1422 5204 1655 5258 nostris.

276 5207 500 5321 leg’itur
526 5209 585 5262 in
618 5207 903 5263 omnibus
925 5207 1061 5289 lilss.
1092 5207 1320 5287 Anglic.
1347 5208 1400 5258 et
1422 5207 1655 5258 nostris.
1741 5275 1751 5288 .
1876 5274 1885 5286 .

419 5278 501 5334 hx
527 5281 694 5336 Cocc.
740 5284 1085 5334 auctoritate
1116 5293 1281 5347 prius
1320 5275 1629 5345 legebatur
1662 5290 1673 5329 :
1702 5292 1749 5330 si
1789 5290 1942 5332 enim

274 5352 890 5420 somniappellatione
909 5352 1085 5421 culpa
1099 5348 1409 5421 designata
1428 5363 1545 5404 non
1560 5354 1697 5404 esset
1715 5364 1727 5413 ;
1748 5362 1947 5421 emen-

275 5417 665 5551 (éavimu‘s—tex
691 5426 823 5479 Mss.
856 5417 1096 5487 Turon.,
1133 5417 1402 5485 Vindoc.,
1436 5423 1739 5482 Norman..
1770 5417 1943 5474 Corb.

308 5509 511 5551 .erm..
537 5510 567 5549 e
597 5511 646 5550 c.

308 5526 388 5549 ιῦι
406 5526 511 5560 usu,
537 5526 646 5550 cus.

357 5578 383 5607 ο
414 5557 635 5623 Geinet.
665 5570 719 5623 et
749 5564 847 5621 alii
879 5565 1119 5637 optimae
1145 5569 1322 5632 notae,
1364 5570 1416 5621 et
1446 5561 1813 5620 illuminabit
1844 5557 1950 5615 tibi

278 5637 579 5696 Christus.

2032 1756 2203 1827 culpa
2216 1773 2341 1827 quae
2356 1756 2673 1829 repellitur,
2694 1757 3069 1825 cogitationis
3082 1764 3298 1817 nostra:
3314 1760 3538 1817 foribus
3555 1764 3697 1820 assi-

2032 1845 2200 1915 dens,
2235 1852 2295 1900 ut
2321 1846 2429 1901 sibi
2453 1847 2753 1918 aperiatur
2774 1845 2987 1918 pulsat.
3019 1848 3184 1913 Quod
3206 1852 3432 1923 Moyses
3454 1867 3699 1925 quoque

2034 1934 2594 2007 spiritaliterinnuit,
2621 1953 2753 1991 cum
2781 1936 2935 1992 facta
2953 1939 3342 2006 corporaliter
3357 1947 3698 2014 temporum

2036 2030 2338 2081 momenta
2365 2026 2648 2089 narravit,
2673 2025 2915 2081 dicens:
2941 2036 2965 2065 ο
2996 2027 3186 2084 Facta
3212 2034 3297 2083 est
3331 2030 3476 2097 lux;
3519 2037 3699 2104 atque

2036 2114 2218 2185 paulo
2235 2120 2366 2185 post
2389 2114 2748 2183 subjiciens:
2779 2115 3026 2172 Factum
3044 2125 3123 2173 est
3154 2119 3637 2189 vespere(Genes.
3658 2136 3699 2185 ι,

2037 2208 2089 2268 3,
2116 2208 2189 2268 5).
2213 2202 2452 2258 Creator
2472 2202 3005 2275 quippeomnium,
3025 2205 3311 2261 humanae
3332 2207 3525 2279 culpae
3549 2223 3699 2278 prae-

2038 2292 2208 2356 scius,
2240 2295 2379 2347 tunc
2405 2291 2689 2363 expressit
2706 2292 2766 2347 in
2795 2297 3057 2364 tempore
3076 2294 3241 2366 quod
3259 2310 3413 2351 nunc
3436 2302 3701 2353 versatur

2039 2382 2099 2437 in
2127 2386 2341 2436 mente.
2367 2383 2485 2436 Lux
2512 2382 2734 2454 quippe
2763 2381 2841 2437 ad
2871 2399 3186 2455 vesperum
3206 2383 3616 2458 ducitur,quia
3638 2387 3699 2443 ni

2040 2470 2258 2526 mirum
2284 2470 2483 2525 lumen
2507 2470 2874 2527 rectitudinis
2898 2472 3113 2529 umbra
3135 2474 3403 2545 sequitur
3423 2477 3698 2533 tentatio-

2038 2560 2153 2616 nis.
2188 2560 2301 2616 Sed
2333 2559 2476 2632 quia
2502 2560 2829 2616 electorum
2855 2560 2956 2616 lux
2989 2562 3309 2619 tentatione
3341 2579 3462 2619 non
3481 2565 3703 2623 exstin-

2040 2650 2630 2721 guitur,nequaquam
2646 2651 2896 2714 nox,sed
2916 2668 3160 2723 vespera
3178 2651 3333 2708 facta
3346 2652 3699 2725 perhibetur,

2039 2739 2183 2811 quia
2208 2739 2492 2794 nimirum
2516 2755 2673 2812 saepe
2693 2745 2847 2795 tenta
2860 2741 2937 2796 tio
3019 2740 3080 2795 in
3099 2741 3280 2796 corde
3300 2746 3596 2799 rectorum
3612 2743 3699 2799 lu-

2042 2845 2178 2884 men
2195 2827 2438 2900 justitim
2462 2828 2793 2893 abscondit,
2812 2829 2917 2885 sed
2946 2845 3067 2885 non
3083 2830 3365 2887 interimit
3389 2849 3403 2899 ;
3424 2832 3597 2904 quasi
3618 2832 3699 2889 ad

2040 2917 2333 2989 pallorem
2355 2917 2762 2988 trepidationis
2796 2918 3098 2991 pertrahit,
3132 2919 3238 2975 sed
3268 2919 3541 2977 funditus
3573 2937 3695 2978 non

2041 3007 2381 3077 exstinguit.
2417 3006 2592 3063 Electi
2625 3022 2768 3078 ergo
2797 3018 2931 3080 post
2955 3024 3238 3065 somnum
3265 3010 3694 3067 surrectionem

2042 3099 2493 3168 appetunt,post
2510 3096 2928 3153 surrectionem
2942 3113 3242 3170 vesperam
3261 3098 3697 3171 prmstolantur,

2041 3186 2186 3258 quia
2202 3191 2254 3241 et
2281 3185 2353 3241 de
2380 3189 2623 3257 peccato
2657 3186 2735 3242 ad
2748 3187 3211 3257 justitiaelumen
3242 3176 3700 3259 evigilant,etin

2042 3274 2431 3345 ipsojustitiae
2452 3274 2680 3331 lumine
2706 3276 2901 3347 positi,
2936 3292 3169 3350 semper
3182 3293 3246 3333 se
3266 3283 3476 3334 contra
3496 3278 3700 3335 illece-

2041 3362 2181 3419 bras
2197 3363 2591 3419 tentationum
2607 3367 3014 3435 parant.Quas
3026 3365 3313 3422 nimirum
3336 3382 3451 3423 non
3467 3368 3694 3433 timent,

2042 3454 2143 3508 sed
2177 3458 2535 3523 exspectant,
2562 3453 2703 3523 quia
2728 3452 2957 3508 utilitati
2984 3471 3103 3509 suae
3128 3456 3497 3512 rectitudinis
3521 3457 3698 3513 etiam

2043 3545 2407 3597 tentamenta
2438 3538 2726 3612 proﬁcere
2758 3557 2876 3595 non
2902 3540 3200 3611 ignorant.

2113 3634 2198 3684 22.
2229 3630 2443 3685 Nullus
2464 3629 2558 3685 hic
2571 3630 2767 3685 salute
2793 3629 3023 3701 integra
3033 3632 3285 3701 potitur.
3310 3663 3378 3672 —
3400 3633 3699 3698 Quantali—

2041 3720 2348 3776 betautem
2365 3724 2568 3774 contra
2583 3720 3011 3790 corruptionem
3035 3737 3202 3776 suam
3227 3721 3433 3776 virtute
3465 3729 3699 3779 conten-

2042 3807 2487 3873 derint,habere
2504 3807 2796 3877 integram
2825 3820 2855 3861 ε
2880 3811 3127 3863 salutem
3166 3809 3340 3880 252
3365 3815 3688 3881 nequeunt,

2043 3913 2357 3973 quousque
2408 3896 2533 3951 dies
2573 3896 2885 3968 praesentis
2945 3895 3075 3951 vitm
3133 3897 3396 3954 ﬁniatur.
3440 3898 3601 3953 Unde
3642 3903 3701 3954 et

2044 3986 2348 4043 subditur:
2384 3986 2459 4041 Et
2480 3985 2750 4055 replebor
2772 3984 3076 4042 doloribus
3108 4001 3286 4057 usque
3310 3986 3387 4041 ad
3404 3986 3696 4042 tenebras.

2044 4077 2212 4135 Modo
2236 4091 2498 4149 namque
2526 4075 3062 4132 adversairruunt:
3102 4074 3284 4131 modo
3315 4076 3441 4148 ipsa
3458 4091 3698 4148 quoque

2043 4184 2353 4241 prospera,
2385 4165 2897 4222 callidahilaritate
2920 4164 3336 4221 blandiuntur.
3362 4164 3537 4221 Modo
3570 4180 3696 4221 sur-

2045 4258 2242 4328 gentia
2262 4257 2399 4312 vitia
2415 4255 2628 4311 bellum
2641 4255 2836 4310 carnis
2850 4255 3128 4321 excitant,
3153 4254 3322 4310 modo
3337 4253 3565 4310 devicta
3578 4255 3705 4311 ani-

2045 4363 2209 4401 mum
2241 4346 2314 4401 ad
2333 4344 3213 4400 elationemvocantﬂonorum
3244 4343 3440 4415 igitur,
3468 4343 3589 4400 vita
3609 4360 3705 4400 us—

2044 4451 2161 4507 que
2194 4433 2270 4489 ad
2295 4432 2573 4488 tenebras
2590 4432 2901 4488 doloribus
2924 4432 3202 4504 repletur,
3227 4432 3373 4506 quia
3389 4448 3705 4506 quousque

2047 4529 2276 4596 tempus
2291 4521 2683 4594 corruptionis
2700 4521 2916 4592 agitur,
2932 4523 3167 4579 interna
3179 4528 3538 4595 externaque
3560 4521 3707 4579 afﬂi-

2046 4614 2238 4671 ctione
2255 4611 2609 4678 concutitur,
2629 4610 2896 4667 etsalutis
2920 4613 3294 4669 securitatem
3316 4628 3437 4668 non
3460 4610 3701 4675 invenit,

2048 4703 2160 4758 nisi
2191 4719 2327 4758 cum
2354 4701 2511 4756 diem
2546 4701 2813 4757 funditus
2848 4702 3189 4758 tentationis
3208 4700 3510 4773 relinquit.
3544 4698 3708 4755 Unde

2048 4792 2200 4848 bene
2223 4792 2419 4847 ethaac
2445 4790 2656 4847 eadem
2680 4791 2957 4848 dolorum
2983 4808 3173 4848 causa
3200 4790 3473 4862 protinus
3504 4788 3708 4842 subin-

2050 4882 2252 4948 fertur,
2278 4898 2413 4937 cum
2428 4881 2644 4937 dicitur
2667 4898 2679 4936 :
2700 4882 2919 4938 Induta
2935 4889 3020 4939 est
3034 4896 3175 4937 caro
3196 4894 3326 4935 mea
3351 4874 3643 4949 putredine
3663 4882 3712 4929 et

2051 4972 2321 5028 sordibus
2336 4972 2622 5042 pulveris.
2649 4970 2968 5044 [Vet.XI.]
2996 4972 3061 5026 Ut
3086 4968 3234 5024 enim
3258 4964 3431 5038 paulo
3450 4963 3713 5037 superius

2126 5126 2151 5166 ἀ
2184 5124 2415 5182 Vindoc
2459 5130 2515 5179 et
2552 5124 2748 5187 Corb.,
2772 5121 2913 5194 quia
2955 5126 3009 5177 et
3030 5118 3254 5190 peccati
3272 5133 3471 5174 somno
3516 5115 3715 5175 lumen

2046 5199 2303 5271 justitiae
2331 5198 2632 5271 premitur.

2128 5285 2152 5312 ο
2186 5260 2424 5324 Plurimi
2453 5270 2613 5331 Mss.,
2638 5267 2869 5335 factum
2900 5268 2981 5318 est
3014 5276 3189 5318 mane
3221 5278 3234 5329 ;
3270 5266 3325 5317 et
3352 5260 3720 5327 infra,mane

2058 5340 2383 5415 quippead
2408 5353 2709 5415 vesperum
2744 5335 3004 5415 ducitur.

2133 5403 2208 5465 f'l
2242 5403 2511 5477 Vindoc.,
2534 5409 2595 5462 in
2614 5407 2792 5462 corde
2812 5411 3105 5477 rectorum
3132 5404 3289 5461 Alter
3313 5403 3497 5460 habet
3518 5405 3722 5461 electo-

2060 5499 2192 5540 rum
2218 5476 2701 5537 velrectorum.ln
2725 5477 2870 5533 Utic.
2889 5477 3047 5549 prius
3070 5476 3720 5547 legebatur,ele:torum

2061 5554 2246 5626 cujus,
2270 5552 2400 5626 loco
2434 5552 2717 5626 successit
2741 5552 3069 5626 rectorum.

2127 5621 2156 5679 ἑ
2189 5624 2441 5692 Ebroic.,
2477 5621 2691 5681 habere
2728 5621 3024 5692 integram
3063 5626 3329 5680 mentem.
