4108 6184
545 274 652 331 815

1826 268 2071 326 SANCTI
2113 270 2453 327 GREGORII
2496 270 2720 326 MAGNI
3814 274 3893 326 816

544 398 830 463 diximus,
855 397 1213 454 soliditatem
1253 397 1579 467 ingenitam
1602 408 1627 438 α
1659 394 1993 451 voluntarie
2024 396 2208 451 homo
2244 394 2290 449 A
2326 397 2539 451 mentis
2571 396 2596 437 ἀ
2631 400 2915 459 metuens,
2939 394 3204 450 dicebat:
3238 408 3263 437 ο
3292 394 3444 450 Sicut
3463 395 3627 463 adipe
3651 395 3896 465 etpingue-

544 486 826 554 deseruit,
844 492 899 543 et
926 503 1056 543 sese
1081 487 1139 542 in
1163 486 1563 558 corruptionis
1586 485 1933 555 voraginem
1960 485 2161 540 mersit
2191 500 2204 549 ;

543 578 704 633 unde
733 592 895 633 nunc
922 576 1011 632 vel
1042 592 1145 647 per
1174 574 1489 630 immunda
1511 574 1950 646 operalabitur,
1984 573 2073 628 vel
2102 589 2209 644 per

542 664 933 737 cogitationes
959 664 1190 719 illicitas
1223 663 1500 720 ﬁndatur.
1535 665 1602 718 Ut
1631 663 1789 717 enim
1818 663 1901 718 ita
1931 662 2204 729 dixerim,

542 754 728 826 culpae
748 770 871 809 sum
890 752 1195 826 poenaliter
1214 752 1473 817 subdita,
1496 752 1621 825 ipsa
1637 753 1757 822 jam
1775 758 1988 807 natura
2002 757 2210 807 nostra

542 843 698 900 facta
714 850 801 899 est
818 849 983 897 extra
1005 845 1313 913 naturam;
1332 846 1387 896 et
1409 841 1667 897 remissa
1680 857 1869 913 usque
1887 841 1963 896 ad
1982 856 2209 912 perver-

543 948 612 987 sa
628 947 811 1004 opera
831 930 1089 1000 ducitur,
1114 932 1381 987 restricta
1401 938 1599 985 autem
1620 945 2033 1003 perversorum
2065 945 2207 1000 ope-

537 1036 669 1076 rum
693 1020 1039 1091 importuna
1078 1019 1443 1089 cogitatione
1478 1020 1761 1076 fuscatur.
1794 1022 1897 1075 Per
1928 1019 2208 1091 expletio—

535 1122 674 1165 nem
690 1123 832 1178 ergo
845 1108 1097 1165 actionis
1120 1108 1333 1165 illicitae
1346 1124 1590 1165 carnem
1606 1109 1863 1181 putredo
1882 1107 2082 1174 afﬁcit,
2102 1122 2207 1180 per

534 1197 833 1253 levitatem
856 1214 995 1253 vero
1014 1199 1391 1268 cogitationis
1408 1197 1701 1270 improbae
1719 1196 1895 1270 quasi
1918 1201 2053 1253 ante
2068 1212 2206 1252 ocu-

535 1301 622 1357 los
642 1286 840 1359 pulvis
872 1288 1080 1357 surgit.
1102 1287 1541 1343 Consentiendo
1565 1288 1716 1342 vitiis
1737 1285 2047 1359 putredine
2066 1292 2206 1341 atte-

531 1376 739 1440 rimur,
774 1376 1053 1432 vitiorum
1087 1393 1230 1433 vero
1256 1376 1551 1446 imagines
1591 1376 1649 1431 in
1683 1377 1861 1432 corde
1894 1375 2204 1431 tolerando

532 1464 815 1521 sordibus
847 1465 1105 1537 pulveris
1138 1465 1460 1522 fmdamur.
1510 1466 1600 1521 Ait
1629 1481 1771 1535 ergo
1815 1480 1827 1519 :
1860 1464 2084 1520 Induta
2123 1470 2202 1521 est

529 1568 668 1612 caro
684 1570 813 1612 mea
827 1555 1146 1624 putredine
1170 1562 1221 1612 et
1240 1555 1511 1611 sordibus
1526 1554 1812 1624 pulveris.
1837 1556 1916 1609 Ac
1932 1553 1978 1608 si
2001 1560 2201 1625 aperte

530 1643 749 1698 diceret
790 1660 801 1699 :
852 1644 1160 1699 Carnalem
1200 1646 1402 1708 vitam,
1434 1660 1617 1716 quam
1652 1644 1866 1715 patior,
1900 1646 2004 1698 aut
2034 1644 2200 1698 tabes

2324 485 2459 541 dine
2500 486 2808 553 repleatur
2847 484 3048 539 anima
3092 498 3217 539 mea
3258 484 3433 552 (Psal.
3475 500 3595 547 Lxu,
3643 484 3709 552 6).
3744 483 3899 553 adeps

2323 574 2545 646 quippe
2561 573 2941 645 pinguedinis
2956 574 3221 628 animam
3236 573 3571 644 replet,cum
3586 573 3725 627 hanc
3737 579 3900 627 contra

2322 663 2705 736 praesentium
2724 662 3155 718 desideriorum
3173 667 3382 717 aestum
3402 661 3902 734 supernmspeiiniu-

2320 752 2406 808 sio
2440 753 2682 808 refovet.
2715 753 2874 807 Cutis
2900 767 3042 821 ergo
3068 767 3342 807 arescens
3374 751 3665 805 attrahitur
3688 766 3804 804 cum
3825 766 3902 805 cor

2317 841 2498 897 rebus
2532 841 2924 897 exterioribus
2945 841 3230 908 deditum,
3263 845 3439 912 atque
3467 856 3533 895 ex
3555 839 3901 912 desperatione

2318 931 2627 999 siccatum,
2661 931 2721 985 in
2737 932 2994 986 auctoris
3018 930 3107 984 sui
3129 946 3393 985 amorem
3419 945 3535 985 non
3559 929 3798 994 tenditur,
3823 929 3902 984 sed

2315 1021 2375 1075 in
2400 1021 2743 1092 semetipso,
2780 1027 2843 1075 ut
2868 1020 2951 1075 ita
2981 1020 3250 1084 dixerim,
3271 1035 3489 1089 rugosa
3505 1019 3822 1088 cogitatione
3840 1033 3904 1071 re-

2318 1110 2588 1181 plicatur.

2389 1204 2474 1256 25.
2497 1202 2714 1255 Amore
2733 1198 3113 1267 praesentium
3135 1214 3254 1253 non
3275 1196 3626 1268 tenetur,qui
3636 1198 3755 1253 vita
3767 1196 3905 1267 hujus

2316 1288 2657 1346 brevitatem
2674 1288 3045 1359 recogitat.—
3060 1288 3417 1343 Pensandum
3440 1303 3572 1341 vero
3586 1292 3662 1340 est
3674 1286 3797 1357 quod
3810 1304 3904 1340 car-

2313 1378 2480 1435 nales
2494 1384 2713 1434 mentes
2726 1377 2944 1433 idcirco
2960 1377 3273 1448 praesentia
3287 1376 3692 1448 diligunt,quia
3709 1376 3905 1431 vitacar-

2313 1469 2402 1523 nis
2418 1485 2602 1541 quam
2631 1467 2875 1539 fugitiva
2921 1467 3164 1521 minime
3192 1467 3585 1537 perpendunt.
3614 1468 3744 1520 Nam
3770 1464 3810 1519 si
3835 1480 3905 1519 ve-

2307 1552 2607 1613 locitatem
2634 1556 2915 1612 transitus
2928 1557 3055 1626 ejus
3085 1554 3440 1627 aspicerent,
3459 1554 3608 1609 hanc
3627 1553 3783 1609 etiam
3806 1568 3904 1623 pro-

2312 1653 2652 1718 sperantem
2674 1646 2918 1701 minime
2937 1651 3228 1700 amarent.
3246 1645 3464 1699 Sancta
3483 1648 3670 1699 autem
3690 1642 3903 1698 Ecclesia:

526 1731 772 1787 lubrica:
799 1733 1160 1804 operationis
1174 1732 1397 1805 polluit,
1413 1738 1517 1789 aut
1532 1750 1601 1789 ex
1616 1732 1894 1788 vitiorum
1910 1733 2199 1789 memoria
2234 1747 2280 1800 Β
2309 1736 2368 1791 in
2382 1735 2578 1791 electis
2594 1736 2716 1790 suis
2732 1733 2999 1806 quotidie
3015 1737 3278 1805 quantus
3294 1732 3366 1787 sit
3383 1733 3561 1788 rebus
3579 1730 3904 1787 exterioribus

532 1820 725 1889 caligo
755 1822 988 1877 miserae
1019 1822 1393 1892 cogitationis
1428 1822 1660 1894 premit.

599 1911 973 1967 23.Ecclesi.z
1003 1926 1144 1967 caro
1164 1912 1225 1967 in
1262 1912 1509 1968 lubricis
1521 1912 1796 1969 membris
1820 1912 2195 1981 putrescit,in

526 2001 927 2071 quaerentibus
960 2007 1182 2057 terram
1211 2000 1509 2057 sordescit.
1536 2033 1595 2042 —
1630 2002 1797 2067 Quod
1829 2007 2024 2057 tamen
2056 2002 2104 2055 si
2124 2018 2195 2057 ex

527 2104 673 2145 voce
693 2089 962 2145 Ecclesim
982 2090 1335 2145 universalis
1356 2090 1686 2160 accipimus,
1712 2089 2033 2161 aliquando
2046 2090 2196 2145 hanc

526 2177 727 2247 procul
748 2178 935 2233 dubio
952 2178 1150 2233 carnis
1163 2178 1831 2251 putredine,a|iquando
1850 2185 2042 2234 autem
2063 2194 2195 2248 gra-

525 2266 648 2321 vari
670 2266 948 2321 sordibus
968 2268 1230 2339 pulveris
1249 2268 1610 2324 invenimus.
1630 2268 1787 2323 Multi
1806 2268 2102 2341 quippeiu
2122 2284 2194 2324 ea

524 2359 654 2410 sunt
671 2356 789 2427 qui,
816 2355 958 2411 dum
979 2357 1167 2412 amori
1188 2360 1381 2413 carnis
1399 2356 1936 2424 inserviunt,fetore
1953 2357 2191 2413 luxuriae

524 2450 1034 2514 computrescunt.
1081 2447 1143 2500 Et
1183 2452 1323 2501 sunt
1361 2446 1632 2502 nonnulli
1673 2447 1775 2517 qui
1817 2462 1853 2500 a
1891 2446 2191 2516 voluptate

521 2532 768 2605 quidem
798 2534 995 2589 carnis
1026 2534 1348 2601 abstinent,
1383 2535 1487 2591 sed
1522 2540 1716 2590 tamen
1746 2539 1866 2590 tota
1904 2541 2099 2590 mente
2129 2534 2190 2590 in

522 2623 765 2677 terrenis
801 2622 1031 2679 actibus
1058 2624 1281 2694 jacent.
1328 2626 1490 2681 Dicat
1526 2640 1668 2693 ergo
1700 2631 1909 2680 sancta
1934 2624 2191 2680 Ecclesia

523 2710 701 2767 unius
732 2712 987 2767 membri
1014 2713 1103 2768 sui
1145 2714 1413 2778 vocibus,
1458 2714 1621 2769 dicat
1648 2715 1793 2786 quid
1833 2714 1906 2769 de
1940 2721 2188 2785 utroque

519 2813 735 2869 genere
750 2800 1000 2856 hominu
1012 2819 1067 2857 m
1092 2803 1294 2858 tolerat
1314 2803 1563 2859 :Induta
1585 2809 1667 2859 est
1686 2819 1827 2859 caro
1840 2818 1968 2859 mea
1985 2809 2185 2872 putre-

519 2888 658 2944 dine
682 2895 735 2944 et
757 2889 1029 2944 sordibus
1057 2891 1339 2960 pulveris.
1372 2894 1452 2946 Ac
1484 2892 1531 2946 si
1560 2898 1761 2964 aperte
1788 2892 2069 2958 insinuet,
2103 2892 2188 2948 di-

519 2992 693 3032 cens:
718 2978 866 3033 Sunt
880 2976 1141 3050 plerique
1154 2979 1255 3051 qui
1278 2980 1423 3035 mihi
1442 2997 1541 3050 per
1558 2982 1739 3037 ﬁdem
1762 2982 2031 3037 membra
2050 2987 2186 3037 sunt

2308 1842 2519 1881 cursus
2535 1825 2842 1895 conspicit,
2858 1830 2913 1879 et
2928 1823 3149 1879 idcirco
3167 1824 3225 1878 in
3242 1823 3465 1877 intimis
3482 1822 3681 1893 pedem
3698 1820 3904 1877 sollicita

2307 1915 2651 1971 intentionis
2674 1913 2818 1984 ﬁgit.
2855 1913 3020 1969 Unde
3042 1917 3099 1968 et
3124 1918 3259 1983 apte
3291 1912 3567 1967 subditur
3596 1928 3608 1966 :

2794 2055 3018 2110 CAPUT
3056 2053 3131 2108 XI
3157 2052 3317 2127 [Rea
3354 2051 3505 2125 VII].

2377 2183 2547 2237 VERS.
2582 2185 2708 2236 6.—
2742 2180 2871 2236 Dies
2901 2180 3014 2235 mei
3036 2180 3289 2236 velocius
3321 2181 3679 2236 transierunt
3707 2192 3851 2248 quam
3872 2190 3898 2230 a

2306 2277 2535 2328 texente
2556 2272 2675 2327 tela
2696 2270 3037 2326 succiditur.

2374 2366 2460 2417 26.
2471 2363 2707 2431 Tempus
2720 2360 2923 2415 carnis
2937 2360 3067 2415 tela
3080 2364 3217 2427 apte
3226 2365 3616 2427 computatur.
3628 2389 3673 2397 -
3688 2358 3899 2426 Congrua

2303 2451 2473 2507 valde
2506 2448 2893 2505 similitudine
2922 2455 3157 2519 tempus
3181 2450 3378 2503 carnis
3405 2448 3528 2503 tela;
3556 2449 3895 2517 comparatur,

2299 2541 2442 2613 quia
2464 2540 2613 2594 sicut
2631 2538 2743 2593 tela
2760 2537 2894 2603 ﬁlis,
2920 2539 3002 2592 sic
3042 2538 3160 2592 vita
3181 2537 3452 2592 mortalis
3477 2536 3678 2592 diebus
3699 2531 3897 2602 singulis

2301 2629 2532 2700 proﬁcit
2565 2645 2579 2693 ;
2609 2627 2711 2682 sed
2744 2627 2766 2669 τ
2793 2642 2908 2699 quo
2939 2625 3017 2681 ad
3059 2631 3458 2695 augmentum
3492 2625 3724 2697 proficit,
3761 2638 3817 2678 eo
3842 2618 3898 2675 ad

2297 2718 2644 2774 incisiouem
2686 2717 2891 2781 tendit,
2924 2716 3081 2788 quia,
3116 2717 3267 2771 sicut
3297 2721 3354 2771 et
3395 2716 3657 2787 superius
3686 2712 3897 2768 diximus

2297 2807 2445 2879 (Lib.
2472 2823 2571 2871 vu,
2594 2824 2654 2861 η.
2679 2806 2792 2877 30),
2816 2822 2953 2860 cum
2971 2811 3246 2876 tempora
3271 2811 3549 2878 percepta
3575 2804 3888 2876 praetereunt,

2297 2903 2547 2952 ventura
2585 2896 2954 2959 breviautur,
2988 2898 3045 2950 et
3076 2894 3149 2949 de
3184 2894 3463 2951 universo
3489 2895 3617 2949 vitm
3656 2890 3823 2965 spatio
3848 2905 3896 2943 eo

2295 2987 2447 3043 fiunt
2484 2986 2771 3060 pauciora
2809 3002 2940 3058 quae
2978 2986 3248 3049 veniunt,
3279 3000 3404 3056 quo
3448 2985 3627 3040 multa
3655 2988 3775 3038 sunt
3794 2993 3896 3052 quae

520 3065 624 3156 sed
649 3070 849 3121 tamen
880 3081 1031 3156 sana
1062 3066 1150 3121 vel
1177 3069 1402 3124 munda
1420 3084 1525 3140 per
1556 3071 1851 3125 actionem
1877 3086 1996 3126 non
2023 3076 2181 3137 sunt,
2218 3102 2256 3156 ο
2297 3078 2675 3133 transierunt.
2701 3075 2836 3130 Tela
2858 3074 3248 3147 quippeinfra
3264 3090 3568 3147 supraque
3592 3074 3771 3143 ligata,
3792 3068 3896 3123 duo-

517 3154 667 3226 quia
696 3159 821 3219 aut,
853 3155 987 3211 victi
1009 3155 1319 3211 desideriis
1347 3157 1642 3229 turpibus,
1675 3160 1752 3214 ad
1783 3161 2185 3231 corruptionis
2230 3154 2247 3156 ⁷
2292 3165 2406 3221 bus
2437 3164 2614 3233 lignis
2644 3164 2979 3231 innectitur,
3014 3167 3076 3218 ut
3107 3168 3340 3218 texatur
3374 3180 3387 3229 ;
3423 3163 3526 3219 sed
3563 3179 3676 3236 quo
3704 3158 3895 3215 inferius

515 3244 894 3316 putredinem
933 3243 1218 3307 deﬂuunt,
1263 3251 1388 3312 aut,
1431 3247 1672 3303 terrenis
1704 3248 1934 3303 actibus
1974 3250 2181 3319 dediti,

517 3332 757 3405 pulvere
784 3332 812 3374 ι)
841 3340 1338 3405 consperguntur.
1360 3338 1421 3391 In
1444 3335 1558 3390 illis
1582 3336 1736 3391 enim
1751 3352 1905 3408 quos
1923 3337 2183 3395 lubricos

516 3421 702 3479 tolero
731 3438 973 3479 carnem
1000 3424 1716 3496 videlicetputrescentem
1743 3441 1939 3496 gemo,
1965 3426 2023 3481 in
2057 3427 2181 3482 istis

516 3515 715 3567 autem
747 3529 899 3585 quos
948 3517 1164 3569 terram
1193 3522 1526 3586 qumrentes
1565 3515 1760 3587 patior
1792 3528 1817 3557 ο
1845 3516 1989 3588 quid
2020 3516 2182 3573 aliud

516 3615 705 3671 quam
728 3599 1013 3657 fmdatam
1042 3603 1284 3673 pulvere
1309 3608 1479 3674 porto
1501 3603 1529 3658 ‘i

587 3691 675 3745 24.
706 3689 984 3746 Ecclesia!
1012 3691 1162 3746 cutis
1187 3694 1292 3763 qui
1319 3692 1459 3748 solis
1490 3694 1885 3751 exterioribus
1919 3697 2180 3752 curisin-

517 3777 781 3833 serviunt
819 3796 832 3833 :
877 3780 1035 3836 unde
1062 3788 1316 3837 arescat.
1347 3813 1413 3822 —
1456 3783 1614 3838 Unde
1651 3789 1707 3839 et
1737 3790 1871 3855 apte
1900 3786 2075 3841 simul
2108 3787 2182 3842 de

518 3866 783 3940 utrisque
805 3868 941 3939 subj
953 3871 1217 3941 ungitur:
1241 3872 1408 3927 Cutis
1429 3888 1559 3929 mea
1579 3873 1764 3939 aruit,
1796 3882 1848 3931 et
1871 3880 2181 3933 contracta

516 3963 612 4011 est.
647 3957 710 4013 In
743 3964 928 4014 santie
960 3959 1184 4031 quippe
1218 3960 1491 4017 Ecclesiae
1522 3978 1768 4035 corpore
1806 3963 1867 4018 hi
1896 3965 2001 4036 qui
2041 3966 2181 4021 solis

517 4046 907 4103 exterioribus
933 4048 1088 4103 curis
1113 4049 1461 4117 inserviunt,
1496 4066 1759 4121 congrue
1786 4053 1936 4108 cutis
1962 4070 2182 4111 vocan-

517 4137 630 4190 tur.
665 4136 802 4200 Ouze
831 4136 1094 4191 nimirun
1126 4137 1270 4191 cutis
1299 4139 1625 4194 arescendo
1664 4140 1995 4209 attrahitur,
2038 4144 2180 4213 quia

519 4228 750 4279 mentes
768 4225 1124 4290 carnalium,
1141 4225 1286 4281 dum
1309 4227 1627 4299 prmsentia
1641 4228 1912 4298 diligunt,
1933 4235 1989 4287 et
2005 4234 2180 4303 quasi

514 4310 683 4381 juxta
698 4314 891 4384 posita
906 4315 1353 4387 concupiscunt,
1371 4317 1448 4372 ad
1467 4316 1665 4373 futura
1686 4319 1845 4373 tendi
1861 4320 2178 4393 perlonga-

517 4397 854 4456 nimitatem
883 4404 1113 4461 nolunt.
1143 4405 1251 4469 Qui
1282 4406 1427 4461 dum
1452 4405 1697 4462 internae
1724 4408 1850 4480 spei
1870 4410 2178 4482 pinguedi-

516 4500 646 4542 nem
661 4488 989 4557 negligunt,
1011 4494 1456 4550 utattrahantur
1472 4496 1743 4562 areﬁunt,
1760 4498 1904 4570 quia
1919 4500 1968 4555 si
1982 4516 2175 4557 eorum

517 4575 701 4631 corda
738 4575 1069 4647 desperatio
1099 4594 1219 4635 non
1261 4582 1526 4650 siccaret,
1567 4600 1955 4660 nequaquam
1998 4591 2172 4663 253

516 4668 695 4721 aestus
712 4663 838 4719 haec
856 4667 1364 4737 pusillanimitatis
1383 4673 1721 4729 attraheret.
1743 4678 1904 4732 Hanc
1922 4694 2177 4751 namque

517 4753 931 4810 attractionem
948 4755 1248 4813 Psalmista
1261 4757 1841 4831 formidaveratcum,
1862 4767 2174 4825 siccitatem

586 4946 612 4978 ι
642 4936 883 5000 Turon.,
918 4950 1052 4992 cum
1092 4936 1452 4994 voluntarie.

585 5005 615 5088 Ρ
642 5006 985 5088 Subjectum
1013 5010 1199 5088 a__Coc.
1229 5014 1285 5088 et
1315 5008 1999 5088 aliis_recent.,_t_errenw
2016 5022 2178 5088 cupi.

512 5078 740 5152 ditatis,
762 5078 1005 5152 "quoda
1036 5082 1165 5134 Mss.
1190 5086 1246 5135 et
1272 5080 1677 5152 superioribus
1710 5084 1811 5138 Ed.
1842 5087 2031 5143 abest.

584 5164 609 5191 ο
638 5150 908 5206 Μὶιτᾶᾙίο
942 5150 1080 5206 Mss.
1123 5157 1177 5206 et
1210 5150 1361 5207 Edit.
1396 5153 1709 5209 dissensio.
1745 5158 1965 5214 Gemet.
1996 5165 2053 5216 et
2078 5160 2176 5219 alii

514 5223 692 5300 Nor_m
703 5263 716 5277 .
734 5222 977 5287 habent,
996 5222 1315 5300 quidaliud
1326 5240 1503 5300 quam
1513 5225 1743 5300 [redata
1751 5230 2031 5298 pulverem
2044 5248 2179 5300 por-

517 5296 592 5375 tto.
632 5292 870 5375 "I‘ur’onq
912 5292 1170 5375 quidal.
1215 5292 1392 5375 quam
1430 5292 1677 5367 fwdatos
1700 5292 1948 5375 pulvere
1986 5292 2173 5375 porto.

520 5311 592 5343 ιο.
642 5311 870 5360 lUl‘On.,
912 5311 1055 5364 quia
1087 5311 1170 5350 αι.
1215 5311 1392 5421 auum
1430 5311 1677 5367 [waatos
1700 5311 1948 5367 pulvere
1986 5311 2173 5375 porto.

520 5358 693 5444 Corb.
736 5363 1173 5444 germyﬁolbq
1267 5384 1435 5444 erm,
1469 5372 1845 5444 quamfaeda
1873 5377 2177 5444 pulverem

509 5436 701 5513 porto.
738 5434 857 5487 νει.
890 5436 1022 5513 Ed.._
1048 5452 1223 5513 quam
1253 5434 1539 5508 fwdatu'm
1569 5434 1925 5513 pulveruni;
1961 5449 2091 5503 Coc.
2126 5455 2179 5506 et

512 5506 959 5591 repeut._,quam
985 5507 1211 5573 foedata
1240 5506 1488 5591 pulvere
1518 5506 1799 5591 membra.
1830 5506 1987 5573 Un'us
2012 5522 2173 5591 Reg.,

511 5574 1046 5659 qu‘ernlsequimur,
1070 5574 1248 5659 quam:
1262 5583 1579 5659 fcedatam,
1606 5587 1819 5659 supple
1842 5574 2101 5647 carnem:

583 5640 610 5683 ἀ
644 5640 895 5707 Ebroic.,
924 5640 1158 5716 Lyran.,
1192 5640 1398 5719 Bigot.,
1422 5640 1677 5713 intuens.

2293 3260 2451 3310 texta
2472 3252 2810 3317 involvitur,
2833 3268 2904 3307 eo
2937 3253 3209 3324 superius
3238 3253 3493 3310 texenda
3530 3251 3892 3324 sdeplicatur;

2292 3352 2346 3399 et
2360 3343 2517 3398 unde
2536 3359 2597 3397 se
2616 3341 2689 3397 ad
2708 3348 3102 3411 augmentum
3128 3341 3507 3414 multiplicat,
3529 3341 3656 3397 inde
3674 3340 3731 3394 ﬁt
3745 3335 3893 3391 minus

2289 3432 2455 3506 quod
2494 3436 2693 3488 restat.
2742 3432 2832 3489 Sic
2862 3431 3146 3486 nimirum
3179 3433 3305 3486 vitai
3339 3439 3555 3488 nostrae
3590 3437 3825 3499 tempora
3854 3426 3895 3476 et

2290 3528 2589 3579 transacta
2610 3522 2781 3595 quasi
2796 3521 3038 3577 interius
3062 3520 3510 3587 involvimus,et
3534 3525 3761 3576 ventura
3778 3527 3891 3570 asu-

2291 3613 2505 3683 periori
2537 3610 2926 3682 deplicamus,
2957 3609 3101 3681 quia
3136 3625 3259 3681 quo
3290 3609 3428 3681 plus
3458 3610 3605 3665 ﬁunt
3632 3602 3889 3679 prmterita,

2290 3700 2487 3756 minus
2527 3716 2653 3755 esse
2684 3698 2974 3770 incipiunt
3010 3697 3229 3754 futura.
3266 3700 3381 3755 Sed
3413 3700 3554 3771 quia
3584 3713 3683 3753 uec
3712 3692 3806 3750 tela
3836 3686 3891 3744 ad

2289 3789 2733 3862 expressionem
2750 3788 2931 3843 nostri
2954 3788 3241 3859 temporis
3260 3788 3637 3855 sufﬁcit,nam
3652 3786 3763 3856 ejus
3779 3792 3891 3853 quo-

2287 3895 2404 3951 que
2421 3878 2833 3934 festinationen
2851 3878 2983 3933 vitae
3009 3883 3227 3933 nostrae
3243 3877 3522 3934 velocitas
3545 3874 3755 3940 transit,
3773 3874 3890 3926 recte

2286 3983 2447 4023 nunc
2460 3968 2673 4023 dicitur
2698 3985 2710 4019 :
2733 3967 2865 4023 Dies
2888 3967 3001 4023 mei
3026 3966 3659 4023 velociustransierunt
3680 3974 3846 4035 quam,
3863 3970 3889 4009 α

2287 4060 2650 4115 tercenteteta
2668 4056 3155 4114 succiditur.'l‘ela
3167 4059 3395 4129 quippe
3412 4057 3724 4114 tarditatem
3742 4060 3889 4121 prove-

2285 4154 2413 4204 ctus
2443 4148 2642 4212 habet,
2676 4149 2796 4202 vita
2813 4152 3007 4203 autem
3025 4162 3290 4219 praesens
3317 4163 3551 4203 moram
3568 4144 3795 4201 defectus
3808 4151 3888 4190 non

2284 4237 2557 4293 habet.ln
2571 4236 2669 4292 illa
2686 4253 2946 4309 namque
2959 4253 3096 4292 cum
3109 4236 3435 4292 laborantis
3450 4252 3583 4291 man
3595 4252 3655 4289 us
3670 4233 3695 4273 ιι
3722 4227 3887 4299 figitur.

2289 4326 2576 4381 adventus
2600 4327 2888 4381 terminus
2915 4326 3313 4398 elongatur;in
3337 4327 3449 4383 ista
3472 4322 3756 4395 vero,quia
3781 4322 3889 4371 tem-

2285 4432 2398 4487 pus
2425 4415 2956 4487 semperdesinens
2980 4415 3390 4472 indesinenter
3413 4413 3814 4471 consumimus,
3830 4398 3887 4455 ad

2284 4504 2468 4561 ﬁnem
2494 4505 2675 4560 nostri
2698 4505 2920 4560 itineris
2944 4506 3121 4561 etiam
3148 4505 3517 4577 quiescendo
3542 4498 3887 4575 pervenimus,

2287 4600 2343 4650 et
2360 4612 2465 4666 per
2482 4611 2713 4650 cursum
2730 4595 2913 4650 nostri
2930 4595 3209 4650 transitus
3226 4594 3395 4650 etiam
3411 4586 3883 4650 dormientesimus,

2286 4685 2462 4740 Electi
2483 4684 2831 4757 igitur,quia
2848 4684 3149 4757 prmsentis
3174 4685 3299 4739 vitae
3325 4688 3623 4740 momenta
3650 4677 3883 4733 decurrere

2288 4774 2396 4829 sub
2410 4773 2778 4830 festinatione
2791 4773 3181 4845 conspiciunt,
3197 4788 3575 4847 nequaquam
3588 4770 3637 4823 in
3650 4768 3743 4823 hoc
3754 4763 3883 4816 tanta

2357 4966 2383 4996 ο
2433 4952 2695 5029 Vindoc.,
2746 4954 2993 5029 Cemeb,
3030 4951 3206 5029 _Co_rb.
3259 4952 3476 5029 (ἦρται,
3535 4942 3875 5029 (Ζοζὺηῃῇοξε

2286 5028 2434 5081 sicut
2477 5025 2656 5093 adipe
2682 5010 3084 5094 pinguedinis.
3114 5024 3198 5079 Ita
3224 5023 3403 5078 etiam
3428 5010 3583 5094 nunc
3612 5018 3666 5073 in
3690 5012 3805 5069 Utic.
3826 5010 3876 5060 At

2288 5097 2596 5166 legebatur
2622 5095 2762 5150 olim
2795 5093 2946 5151 sicut
2968 5095 3137 5156 adipe
3168 5101 3218 5150 et
3243 5093 3606 5166 pinguedine.

2364 5157 2385 5209 ξ’
2448 5168 2729 5222 Norman.
2773 5173 2827 5222 et
2869 5166 3113 5222 Vindoc.
3159 5171 3207 5231 ί,
3243 5157 3371 5221 ἐειῖ
3410 5157 3871 5235 ᾳιιοίαιιῃιηεηιωη

2284 5239 2559 5313 percipit.
2591 5243 2622 5293 2
2648 5238 2894 5313 Vindoc.
2930 5244 3245 5313 utramque
3275 5234 3638 5313 lectiexibet.
3687 5301 3719 5313 Γ

2383 5322 2414 5362 s
2441 5300 2687 5375 Gemet.,
2707 5311 3070 5375 duplicatur.
3092 5300 3297 5379 Lvran.
3317 5313 3373 5363 et
3399 5300 3865 5379 Βίεηνζὶερζξίαῖυξ·

2288 5381 2542 5445 Ebroic.,
2565 5370 2933 5450 implicatur.
2957 5380 3097 5435 Utic.
3134 5370 3295 5449 prius
3327 5370 3529 5434 habuit
3556 5370 3863 5441 duplicatur,

2286 5467 2447 5507 nunc
2478 5468 2583 5522 per
2609 5454 3031 5507 correctionem
3060 5451 3432 5518 diSpticatur.
3604 5519 3610 5523 _
3704 5509 3731 5523 μ
3772 5499 3860 5523 ωε,

2358 5524 2385 5564 h
2417 5510 2605 5578 Monet
2630 5523 2887 5579 Thomas
2910 5510 3329 5591 Jamesiuslegi
3353 5523 3405 5575 in
3435 5523 3559 5575 Mss.
3588 5510 3861 5591 Anglicflﬂ'f

2276 5577 2651 5665 noni/igitur.
2679 5577 3098 5651 liancvariam
3139 5577 3445 5665 lectionem
3484 5602 3652 5662 quam
3671 5577 3858 5636 ’άυὺίυε

2289 5663 2588 5739 proponit,
2623 5668 2681 5723 in
2703 5666 2865 5723 nullo
2880 5668 2983 5722 Ms.
3010 5666 3221 5723 Codice
3250 5663 3595 5723 invenimus.
