4108 6184
465 215 570 269 819

927 336 1150 393 CAPUT
1177 339 1263 394 xv
1292 336 1434 409 [νει.
1465 334 1660 404 XIII].
2160 332 2206 385 A

541 429 707 484 Vnus.
739 429 790 483 8.
817 457 887 465 —
914 426 1026 483 Nec
1054 426 1283 497 aspiciet
1300 443 1386 480 me
1412 425 1556 479 visus
1580 424 1832 480 hominis.

545 518 638 574 30.
681 517 827 573 Tunc
849 515 1059 571 Christi
1084 516 1268 587 gratia
1297 532 1403 570 non
1431 513 1647 579 liberat,
1678 529 1828 583 quem
1858 529 1997 568 nunc
2025 528 2133 567 non

472 610 757 679 reformat.
780 638 848 646 ——
864 604 1044 661 Visus
1070 604 1295 676 quippe
1326 602 1586 658 hominis
1610 606 1700 656 est
1725 600 2134 657 misericordia

473 695 898 769 Redemptoris,
929 709 1065 765 qum
1088 691 1560 748 insensibilitatis
1582 696 1797 745 nostras
1828 690 2130 753 duritiam,

477 802 606 843 cum
618 783 873 856 respicit,
898 781 1144 837 emollit.
1163 781 1350 846 Unde,
1366 785 1509 836 teste
1526 796 1769 852 quoque
1788 779 2131 849 Evangelio,

478 874 695 932 dicitur
721 888 734 927 :
766 872 1019 942 Respexit
1049 869 1313 925 Dominus
1355 870 1604 933 Petrum,
1629 875 1678 923 et
1717 868 2031 923 recordatus
2059 874 2135 922 est

480 966 682 1019 Petrus
710 959 1012 1031 verbiquod
1041 959 1262 1014 dixerat
1290 959 1444 1014 Jesus
1480 974 1494 1024 ;
1521 974 1763 1029 egressus
1780 957 1951 1028 foras,
1987 957 2134 1027 ﬂevit

478 1067 664 1107 amare
700 1052 856 1120 (Luc.
885 1064 1030 1115 xxn,
1052 1050 1169 1121 6t).
1205 1051 1453 1104 Exutam
1485 1063 1624 1102 vero
1664 1062 1843 1102 carne
1871 1046 2136 1101 animam

478 1154 867 1212 nequaquam
900 1138 1030 1210 jam
1071 1138 1238 1194 visus
1268 1137 1530 1196 hominis
1572 1136 1804 1208 aspicit,
1833 1138 1975 1208 quia
2006 1142 2139 1208 post

480 1232 735 1285 mortem
764 1243 889 1284 non
918 1227 1150 1293 liberat,
1180 1243 1361 1300 quem
1392 1230 1528 1282 ante
1558 1230 1810 1282 mortem
1839 1226 2031 1295 gratia
2062 1224 2141 1279 ad

480 1318 721 1375 veniam
769 1332 890 1373 non
929 1316 1231 1373 reformat.
1268 1317 1412 1372 Hinc
1449 1315 1667 1371 etenim
1698 1314 1918 1371 Paulus
1958 1314 2138 1369 dicit:

482 1410 618 1463 Ecce
656 1424 799 1463 nunc
829 1415 1032 1477 tempus
1078 1404 1417 1477 acceptabile,
1451 1421 1558 1460 ecce
1602 1422 1745 1459 nunc
1789 1404 1902 1458 dies
1947 1404 2143 1458 salutis

486 1497 574 1569 (II
603 1499 735 1553 Cor.
769 1512 843 1562 v1,
866 1496 945 1567 2).
978 1496 1123 1551 Hine
1162 1494 1475 1550 Psalmista
1513 1495 1629 1549 ait:
1666 1493 1929 1558 Quoniam
1960 1495 2021 1547 in
2045 1509 2143 1547 ste-

484 1586 665 1643 culum
685 1585 1066 1641 misericordia
1081 1587 1200 1655 ejus
1218 1584 1647 1655 (Psal.cxvu,t).
1681 1584 1828 1649 Quia
1858 1582 2143 1638 nimirum

486 1691 659 1748 quem
674 1691 1042 1747 nequaquam
1059 1676 1227 1729 modo
1243 1673 1645 1729 misericordia
1658 1672 1849 1743 eripit,
1866 1673 1997 1728 sola
2010 1676 2146 1743 post
2174 1695 2215 1750 Β

486 1779 753 1838 praesens
765 1763 1052 1818 saeculum
1070 1762 1298 1834 justitia
1311 1761 1552 1817 addicit.
1574 1764 1714 1816 Hinc
1732 1761 2016 1817 Salomon
2033 1763 2142 1817 ait:

490 1853 629 1919 Quia
667 1852 875 1924 lignum
914 1852 975 1907 in
1011 1868 1316 1924 quocunque
1348 1851 1457 1906 loco
1495 1851 1769 1915 reciderit,
1802 1852 1912 1906 sive
1940 1851 2010 1905 ad
2038 1852 2150 1907 Au-

486 1951 684 2011 strum,
706 1943 817 1998 sive
846 1941 917 1996 ad
940 1942 1286 2013 Aquilonem,
1321 1940 1401 1995 ibi
1426 1942 1532 1996 erit
1561 1940 1761 2011 (Eccle.
1794 1958 1874 2007 xu,
1902 1941 1977 2013 3),
2004 1942 2149 2014 quia

489 2049 626 2090 cum
642 2031 895 2088 humani
916 2047 1095 2087 casus
1106 2035 1397 2102 tempore,
1415 2031 1539 2085 sive
1559 2030 1963 2096 sanctus,sive
1980 2030 2150 2086 mali-

490 2137 645 2193 gnus
658 2121 897 2194 spiritus
914 2120 1299 2190 egredientem
1317 2120 1567 2175 animam
1586 2120 1847 2177 claustra
1858 2121 2048 2176 carnis
2063 2137 2151 2175 ac-

489 2213 730 2284 ceperit,
758 2210 819 2265 in
851 2216 1141 2266 aeternum
1173 2225 1371 2265 secum
1400 2211 1525 2265 sine
1559 2209 1678 2264 ulla
1713 2210 2149 2279 permutatione

488 2300 782 2369 retinebit,
800 2305 862 2357 ut
884 2315 994 2356 nec
1015 2299 1275 2355 exaltata
1290 2299 1364 2354 ad
1383 2298 1747 2372 supplicium
1763 2305 2024 2369 proruat,
2042 2316 2151 2355 nec

489 2406 688 2447 mersa
702 2389 935 2446 internis
950 2389 1447 2461 suppliciis,u1tra
1474 2389 1548 2444 ad
1562 2388 1895 2444 remedium
1910 2392 2152 2460 ereptio-

489 2481 583 2537 nis
620 2480 928 2536 ascendat.
975 2478 1073 2533 Vir
1124 2478 1300 2549 igitur
1340 2484 1603 2543 sanctus,
1636 2477 1886 2533 humani
1920 2479 2151 2547 generis

488 2570 715 2627 damna
743 2568 1339 2641 considerans,quod
1370 2586 1405 2624 a
1437 2567 1715 2639 praesenti
1771 2567 1992 2623 szeculo
2022 2569 2149 2623 sine

487 2658 893 2731 Redemptoris
908 2670 935 2701 ι
964 2658 1300 2727 cognitione
1319 2657 1697 2723 subtrahitur,
1713 2662 1887 2729 atque
1910 2657 1969 2712 in
1983 2663 2151 2714 mter-

485 2749 577 2805 nis
603 2749 842 2821 ignibus
874 2746 1339 2819 irreparabiliter
1367 2747 1668 2819 sepelitur,
1704 2751 1763 2802 et
1791 2748 1920 2818 ejus
1943 2764 2149 2804 vocem

488 2837 549 2893 in
582 2854 647 2893 se
677 2837 1028 2908 suscipiens,
1062 2835 1223 2891 dicat
1255 2853 1267 2891 :
1306 2838 1415 2892 Nec
1440 2838 1663 2907 aspiciet
1696 2852 1775 2890 me
1802 2837 1944 2891 visus
1978 2837 2153 2892 homi-

489 2925 757 2997 nis,quia
789 2925 967 2996 256
994 2923 1276 2979 nimirum
1320 2926 1730 2997 Redemptoris
1755 2926 2150 2998 gratia,quem

488 3029 649 3071 nunc
680 3012 708 3056 δ
737 3028 859 3069 non
888 3014 1148 3068 intuetur
1185 3017 1245 3067 ut
1271 3014 1549 3083 corrigat,
1584 3020 1725 3069 tunc
1763 3030 1885 3069 non
1916 3015 2154 3086 respicit
2189 3050 2231 3108 α

488 3110 548 3160 ut
585 3102 663 3159 ab
710 3102 944 3158 interitu
977 3100 1329 3157 abscondat.
1362 3103 1425 3156 In
1461 3102 1758 3171 judicium
1787 3104 2007 3175 quippe
2048 3105 2154 3159 Do-

492 3192 692 3248 minus
714 3192 979 3253 veniens,
1004 3194 1377 3260 peccatorem
1413 3190 1570 3244 videt
1602 3198 1663 3245 ut
1684 3191 1869 3261 feriat,
1894 3194 1997 3246 sed
2030 3209 2150 3248 non

490 3280 654 3337 videt
679 3284 742 3334 ut
763 3279 839 3334 ad
860 3278 1227 3347 largiendum
1245 3278 1450 3333 salutis
1468 3280 1720 3347 gratiam
1736 3287 2148 3349 recognoscat:

493 3369 700 3440 culpas
713 3368 1035 3434 examinat,
1065 3374 1121 3422 et
1136 3367 1313 3422 vitam
1330 3368 1707 3439 pereuntium
1725 3369 1977 3438 ignorat.
1995 3372 2153 3426 Unde

494 3462 736 3514 sanctus
752 3457 1007 3527 vir,cum
1033 3473 1095 3512 se
1120 3462 1253 3528 post
1276 3462 1630 3529 praesentem
1659 3456 1864 3523 vitam,
1882 3464 2154 3532 respectu

490 3546 752 3604 hominis
778 3546 963 3602 videri
993 3561 1113 3602 non
1148 3562 1321 3617 posse
1353 3545 1652 3613 fateretur,
1687 3553 1824 3619 apte
1853 3564 1988 3604 mox
2020 3549 2156 3605 sub-

493 3636 644 3693 didit
666 3655 679 3696 :

983 3725 1205 3781 CAPUT
1238 3726 1347 3779 xv1
1382 3724 1531 3798 [Rec.
1568 3724 1701 3797 IX].

564 3816 697 3871 ΙΒιι).
730 3845 800 3855 -
839 3812 1000 3869 Oculi
1025 3814 1112 3868 tui
1142 3814 1202 3868 in
1231 3830 1329 3881 me,
1363 3819 1413 3869 et
1443 3831 1548 3869 non
1580 3814 1885 3871 subsistam.

565 3905 652 3962 3t.
687 3904 940 3961 Christus
975 3905 1036 3957 in
1059 3904 1273 3975 judicio
1295 3904 1545 3975 reprobus
1572 3906 1642 3959 ad
1669 3905 1984 3975 feriendum
2014 3907 2159 3962 vide-

496 3995 593 4061 bit,
611 4011 737 4067 quos
767 3994 853 4049 hic
881 3994 952 4048 ad
976 3994 1412 4049 misericordiam
1437 3995 1843 4066 impendendam
1863 4013 1969 4051 non
1998 3996 2155 4053 vidit.

496 4116 564 4127 —
595 4088 675 4141 Ac
696 4084 745 4139 si
783 4090 987 4155 aperte
1027 4083 1273 4138 diceret:
1303 4083 1609 4138 Districtus
1640 4085 2027 4154 adjudicium
2060 4102 2157 4142 ve-

495 4175 682 4241 niens,
720 4177 773 4229 et
788 4172 865 4229 ad
883 4172 1243 4228 salvandum
1261 4188 1381 4227 non
1412 4172 1601 4239 vides,
1635 4176 1689 4227 et
1713 4174 1787 4229 ad
1820 4174 2157 4230 feriendum

497 4264 686 4327 vides,
718 4262 1056 4334 quiaquem
1070 4262 1127 4317 in
1145 4261 1418 4333 praesenti
1434 4262 1552 4316 vita
1566 4261 2028 4333 dispensationis
2045 4269 2157 4320 tuae

501 4350 879 4405 miseratione
911 4366 1029 4406 non
1053 4351 1319 4423 respicis,
1340 4351 1737 4422 respiciendo,
1770 4352 2156 4423 postmodum

501 4438 907 4509 perjustitiam
922 4440 1438 4510 exstinguis.Nunc
1452 4442 1599 4496 enim
1617 4443 2160 4514 peccatorquisque

503 4530 688 4583 Deum
733 4540 854 4580 non
896 4529 1104 4582 metuit
1130 4534 1185 4583 et
1214 4529 1377 4594 vivit,
1406 4530 1787 4601 blasphemat
1825 4536 1880 4586 et
1907 4532 2157 4603 proﬁcit,

501 4617 645 4690 quia
659 4614 881 4671 scilicet
914 4617 1248 4673 misericors
1273 4625 1523 4685 creator,
1543 4636 1721 4691 quem
1756 4622 2160 4693 exspectando

501 4706 628 4762 vult
664 4704 977 4775 corrigere,
1010 4706 1359 4778 aspiciendo
1405 4724 1523 4764 non
1556 4708 1681 4764 vult
1725 4711 1957 4781 punire,
2012 4710 2163 4765 sicut

2193 4413 2236 4467 D

504 4797 790 4869 scriptum
823 4801 913 4851 est
948 4811 961 4850 :
992 4808 1016 4836 ο
1045 4796 1417 4851 Dissimulans
1451 4805 1665 4868 peccata
1717 4800 1992 4855 hominum
2038 4816 2163 4870 pro-

496 4893 622 4960 pter
667 4884 1039 4958 paenitentiam
1071 4884 1216 4957 [Sap.
1250 4901 1332 4950 x1,
1380 4887 1491 4956 24],
1523 4888 1635 4943 Sed
1690 4893 1831 4943 tunc
1886 4893 2163 4960 peccator

504 4992 641 5033 cum
654 4976 966 5050 respicitur
982 4990 1105 5031 non
1126 4973 1409 5040 subsistit,
1425 4974 1567 5047 quia
1590 4991 1727 5030 cum
1750 4976 2052 5031 districtus
2071 4979 2162 5048 ju-

509 5166 716 5287 ‘Oalta
775 5163 960 5221 nostri
1003 5164 1136 5220 Mss.
1190 5165 1261 5218 At
1310 5162 1460 5218 Editi
1522 5164 1897 5231 recentiores,
1965 5165 2165 5236 cogita-

532 5250 672 5287 ione.

532 5250 651 5288 ιοηο
660 5276 672 5288 .

583 5303 715 5358 hEx
738 5308 1143 5375 quatuorMss.
1176 5306 1425 5375 Anglic..
1456 5306 1739 5361 omnibus
1776 5309 1998 5371 Norm.,
2038 5308 2165 5363 Vin-

509 5373 1022 5436 d00.,res_tituimus
1037 5373 1351 5446 negantem
1372 5378 1726 5449 particulam
1743 5395 1777 5433 a
1793 5382 2023 5434 Cocc.et
2036 5396 2160 5450 seq.

509 5459 921 5515 suppressam,
943 5450 1101 5518 apud
1131 5466 1279 5529 quos
1308 5450 1521 5519 legitur
1540 5467 1691 5522 quem
1717 5467 1857 5505 nunc
1888 5452 2159 5517 intuetur,

508 5531 619 5589 pro
650 5531 804 5589 quem
830 5534 971 5572 nunc
1001 5536 1105 5572 non
1130 5527 1395 5577 intuetur.

582 5599 607 5630 ο
635 5587 855 5645 Gemet.
890 5594 946 5644 et
977 5589 1146 5645 Corb.
1171 5591 1364 5648 Germ.
1399 5609 1435 5649 a
1464 5593 1661 5664 prima
1682 5610 1882 5663 manu,
1915 5594 2165 5650 dissimu-

1742 206 1994 263 SANCTI
2035 204 2382 263 GREGORII
2422 204 2645 261 MAGNI

3755 208 3836 265 820

2240 330 2355 385 dex
2373 331 2583 386 merita
2604 329 2892 385 subtiliter
2916 329 3180 401 inquirit,
3204 344 3340 384 reus
3368 329 3443 384 ad
3456 335 3726 386 tormenta
3745 348 3840 387 non

2242 419 2473 475 sufﬁcit.

2312 509 2572 567 3:2.Justi
2597 524 2653 563 se
2679 508 2965 579 perituros
2990 508 3189 572 sciunt,
3216 507 3271 561 si
3291 512 3484 562 remota
3506 508 3738 578 pietatea
3765 511 3847 565 Deo

2241 598 2571 668 iudicentur.
2589 629 2654 639 —
2671 598 2957 664 Quamvis
2969 597 3083 653 hoc
3096 597 3279 652 etiam
3289 597 3306 666 j
3320 604 3579 653 ustorum
3604 600 3718 654 voci
3732 615 3847 655 con-

2245 687 2675 758 gruit,quorum
2695 703 2855 742 mens
2876 703 3100 758 semper
3113 685 3365 742 sollicita
3386 691 3625 742 venturo
3637 688 3850 743 examini

2244 775 2712 832 intendit.0mne
2725 776 2885 831 enim
2900 776 3056 847 quod
3070 782 3254 845 agunt
3273 775 3695 840 metuunt,dum
3712 782 3854 834 caute

2246 865 2627 922 considerant
2662 865 2688 906 ἀ
2720 866 2823 938 qui
2855 871 2990 921 ante
3024 871 3321 938 quantum
3345 865 3603 935 judicem
3626 865 3853 921 stabunt.

2248 958 2552 1010 lntuentur
2575 956 2904 1026 potentiam
2921 955 3075 1010 illius
3100 954 3548 1023 magnitudinis,
3571 959 3623 1009 et
3643 961 3858 1027 pensant

2247 1048 2475 1116 quanto
2512 1050 2678 1099 reatu
2717 1044 3019 1100 constricti
3052 1048 3190 1097 sunt
3233 1042 3490 1115 proprias
3522 1043 3857 1100 inﬁrmitatis.

2250 1135 2613 1188 Enumerant
2634 1132 2793 1188 mala
2813 1132 3037 1205 proprii
3054 1131 3553 1203 operis,etcontra
3569 1133 3687 1188 haec
3713 1148 3861 1204 exag-

2251 1228 2458 1291 gerant
2476 1222 2640 1279 bona
2666 1222 3015 1278 conditoris.
3042 1222 3437 1277 Considerant
3461 1238 3635 1293 prava
3656 1235 3679 1263 ο
3706 1238 3861 1295 quam

2250 1310 2763 1383 districtejudicet,
2786 1312 2946 1367 bona
2958 1326 3140 1383 opera
3163 1327 3349 1383 quam
3374 1311 3655 1367 subtiliter
3667 1319 3861 1384 penset,

2252 1408 2307 1458 et
2323 1401 2613 1473 perituros
2635 1418 2695 1456 se
2728 1401 2956 1474 absque
2987 1400 3382 1471 ambiguitate
3404 1402 3772 1473 prmsciunt,si
3792 1418 3865 1457 re-

2257 1496 2419 1547 mota
2450 1491 2664 1562 pietate
2698 1490 3063 1562 judicentur,
3095 1490 3241 1562 quia
3280 1490 3395 1546 hoc
3433 1490 3628 1562 ipsum
3662 1506 3865 1563 quoque

2255 1582 2417 1655 quod
2445 1583 2601 1653 juste
2642 1583 2914 1637 videmur
2946 1581 3142 1637 vivere
3173 1581 3353 1653 culpa
3380 1587 3490 1647 est,
3525 1583 3573 1637 si
3599 1582 3759 1638 vitam
3786 1598 3868 1637 no-

2258 1677 2442 1728 stram
2465 1688 2600 1727 cum
2618 1672 2867 1743 judicat,
2892 1672 3049 1726 hanc
3076 1671 3237 1743 apud
3262 1687 3325 1725 se
3347 1670 3553 1727 divina
3578 1672 3867 1727 misericor-

2256 1762 2359 1818 dia
2390 1777 2509 1817 non
2532 1762 2948 1817 excusat.Hinc
2962 1761 3195 1817 enimin
3222 1760 3336 1817 hoc
3352 1761 3561 1817 eodem
3584 1762 3724 1817 libro
3751 1762 3868 1816 scri-

2256 1856 2425 1925 ptum
2471 1857 2558 1907 est
2590 1868 2603 1906 :
2637 1852 2811 1905 Astra
2843 1868 2951 1906 non
2987 1859 3113 1906 sunt
3155 1851 3359 1906 munda
3388 1851 3449 1906 in
3488 1858 3747 1923 conspectu
3781 1851 3870 1921 ejus

2260 1940 2398 2013 (Job.
2422 1957 2549 2006 xxv,
2584 1940 2659 2011 ὅ),
2691 1941 2835 2012 quia
2864 1941 3027 2012 apud
3059 1958 3196 1997 eum
3228 1940 3870 2012 districtejudicati,ipsi

2258 2046 2493 2103 quoque
2518 2030 3231 2102 maculasinquinationis
3256 2030 3870 2103 habent,quipermun-

2258 2119 2465 2175 ditiam
2498 2120 2825 2175 sanctitatis
2855 2119 3072 2175 lucent.
3108 2123 3258 2176 Bene
3290 2135 3437 2190 ergo
3468 2120 3673 2175 dicitur
3706 2135 3717 2175 :
3748 2118 3873 2175 Oculi

2260 2209 2345 2264 tui
2383 2210 2443 2263 in
2482 2226 2578 2273 me,
2613 2216 2665 2263 et
2695 2226 2799 2264 non
2831 2209 3136 2265 subsistam.
3181 2216 3256 2264 Ac
3286 2209 3336 2265 si
3369 2213 3575 2281 aperte
3598 2209 3731 2279 justi
3758 2224 3873 2264 voce

2260 2298 2554 2353 diceretur
2586 2314 2598 2351 :
2627 2297 2679 2354 Si
2710 2298 2908 2354 subtili
2937 2297 3377 2354 examinatione
3400 2299 3694 2367 discutior,
3724 2296 3875 2370 perfe-

2259 2388 2447 2443 rendo
2472 2387 2698 2457 judicio
2714 2404 2833 2443 non
2850 2404 3121 2458 assurgo,
3146 2388 3289 2460 quia
3308 2388 3386 2443 ad
3409 2404 3647 2461 poenam
3667 2388 3873 2443 vitanon

2260 2477 2549 2543 sutﬁcit,si
2563 2477 3261 2547 hancimmanitasjustm
3278 2478 3672 2533 retributionis
3684 2476 3871 2549 premit.

2262 2570 2412 2622 Bene
2426 2577 2623 2623 autem
2638 2567 2906 2638 ejusdem
2922 2566 3173 2622 humani
3193 2567 3436 2637 generis
3457 2573 3511 2623 et
3529 2568 3696 2638 culpa
3722 2565 3875 2621 brevi-

2262 2661 2366 2721 ter,
2392 2660 2448 2711 et
2479 2671 2656 2727 pmna
2685 2656 3064 2727 subrogatur,
3096 2672 3235 2711 cum
3268 2657 3542 2727 protinus
3571 2656 3769 2712 dicitur
3796 2669 3809 2709 :

2573 2746 2793 2800 CAPUT
2823 2746 2958 2800 XVII
2992 2745 3140 2815 [Vet.
3174 2744 3332 2813 XIV,
3366 2746 3487 2801 Rec.

2330 2837 2497 2889 Vens.
2523 2838 2573 2889 9.
2598 2865 2657 2872 —
2674 2833 2823 2889 Sicut
2846 2835 3196 2889 consumitur
3220 2834 3406 2901 nubes,
3432 2841 3481 2889 et
3500 2834 3799 2907 pertransit,
3818 2831 3879 2887 sic

2260 2923 2352 2995 qui
2381 2922 2653 2978 descendit
2677 2923 2746 2977 ad
2768 2924 2980 2993 in/eros
3014 2940 3117 2978 non
3148 2924 3424 2981 ascendet.

2333 3013 2420 3068 33.
2449 3013 2746 3069 Damnatis
2780 3030 2887 3068 non
2926 3020 3003 3069 est
3033 3012 3245 3068 reditus
3273 3013 3350 3068 ad
3382 3017 3605 3079 veniam,
3643 3020 3729 3067 aut
3754 3010 3812 3065 ad
3835 3025 3879 3063 ea

2262 3102 2945 3175 quwamabant.—Nubes
2962 3103 3176 3175 quippe
3195 3102 3267 3158 ad
3287 3102 3502 3160 altiora
3524 3101 3878 3175 suspenditur;

2265 3191 2371 3247 sed
2394 3192 2645 3247 densata
2662 3197 2839 3247 vento
2864 3192 3187 3264 impellitur
3208 3192 3698 3258 utcurrat,calore
3718 3196 3877 3245 autem

2263 3281 2406 3337 solis
2435 3281 2758 3353 dissipatur
2777 3286 2838 3337 ut
2868 3285 3206 3337 evanescat.
3235 3281 3329 3336 Sic
3347 3282 3435 3338 sic
3453 3282 3720 3338 nimirum
3734 3276 3881 3335 corda

2264 3375 2402 3426 sunt
2429 3371 2765 3437 hominum,
2785 3388 2920 3443 quae
2943 3388 3048 3442 per
3066 3376 3325 3442 acceptae
3346 3373 3595 3428 rationis
3621 3369 3879 3439 ingenium

2264 3461 2341 3515 ad
2368 3460 2488 3516 alta
2515 3459 2538 3501 ί
2567 3461 2845 3524 emicant,
2873 3460 3136 3532 impulsa
3166 3466 3368 3516 autem
3410 3461 3649 3531 maligni
3685 3456 3881 3529 spiritus

2264 3548 2634 3622 ﬂatu,pravis
2649 3550 3080 3605 desideriorum
3097 3566 3344 3606 suorum
3369 3551 3632 3606 motibus
3645 3550 3743 3604 huc
3755 3546 3882 3601 illuc-

2263 3653 2381 3709 que
2421 3638 2844 3710 pertrahuntur
2872 3655 2887 3705 ;
2922 3639 3045 3703 sed,
3080 3639 3346 3695 districto
3390 3644 3660 3711 respectu
3685 3630 3882 3707 superni

2259 3726 2500 3797 judicis,
2526 3726 2701 3800 quasi
2723 3728 2862 3782 solis
2883 3728 3077 3784 calore
3101 3727 3308 3801 liqueﬁ
3324 3735 3457 3795 unt,
3483 3735 3555 3793 et,
3582 3725 3749 3783 semel
3766 3721 3880 3779 locis

2265 3816 2606 3887 pwnalibus
2649 3816 2885 3885 tradita,
2920 3818 2997 3872 ad
3024 3818 3400 3889 operationis
3432 3835 3605 3874 usum
3636 3816 3879 3871 ultranon

2265 3906 2638 3962 redeunt.Vir
2664 3905 2841 3977 igitur
2868 3911 3109 3962 sanctus
3138 3908 3724 3974 elationem,cursum
3753 3900 3877 3956 dete-

2267 4000 2550 4066 ctumque
2565 3995 2813 4050 humani
2829 3996 3062 4065 generis
3086 3998 3433 4068 exprimens
3454 3998 3609 4052 dicat
3625 4014 3635 4049 :
3650 3995 3879 4049 Sicuteon-

2265 4084 2503 4140 sumitur
2523 4084 2702 4147 nubes,
2731 4091 2780 4138 et
2807 4086 3133 4156 pertransit,
3167 4091 3243 4141 sic
3269 4088 3377 4158 qui
3407 4086 3665 4143 descendit
3691 4082 3753 4138 ad
3770 4078 3880 4149 infe-

2267 4191 2355 4229 ros
2406 4191 2507 4228 non
2539 4173 2807 4228 ascendet.
2836 4176 2917 4229 Ac
2958 4175 3006 4231 si
3040 4182 3245 4247 aperte
3273 4175 3639 4248 loqueretur,
3672 4174 3875 4227 dicens:

2272 4267 2331 4319 In
2355 4263 2539 4319 altum
2562 4264 2859 4319 currendo
2879 4265 3048 4337 257
3072 4265 3291 4329 deficit,
3312 4267 3415 4337 qui
3434 4254 3877 4338 superbiendoad

2268 4354 2569 4408 interitum
2603 4352 2784 4407 tendit
2812 4370 2826 4419 ;
2854 4369 3036 4426 quem
3060 4354 3107 4409 si
3150 4354 3333 4410 semel
3369 4355 3547 4428 culpa
3575 4354 3649 4410 ad
3674 4359 3874 4424 prauam

2270 4442 2575 4515 pertrahit,
2639 4441 3048 4500 misericordia
3097 4443 3343 4499 ulterius
3400 4445 3477 4501 ad
3526 4442 3739 4499 veniam
3779 4447 3874 4491 non

2270 4531 2515 4588 reducit.
2552 4531 2715 4587 Unde
2754 4536 2810 4587 et
2839 4531 3038 4588 adhuc
3072 4532 3349 4588 subditur
3378 4550 3393 4589 :

2878 4623 3097 4678 CAPUT
3138 4624 3321 4677 XVIII.

2341 4713 2505 4764 Vens.
2550 4711 2635 4765 10.
2670 4741 2729 4749 -
2758 4710 2873 4766 Nec
2902 4717 3214 4766 revertetur
3244 4711 3397 4767 ultra
3428 4714 3483 4767 in
3509 4711 3707 4766 domum
3728 4717 3868 4761 suam.

2343 4803 2429 4855 34.
2456 4799 2651 4854 Domus
2698 4808 2889 4854 mentis
2940 4807 3015 4854 est
3048 4800 3102 4855 id
3132 4801 3269 4873 quod
3293 4801 3521 4856 amando
3546 4798 3756 4853 habitat.
3790 4791 3870 4845 Dc-

2270 4890 2513 4961 speranti
2520 4907 2605 4945 um
2630 4889 2797 4944 corda
2812 4890 3046 4945 nubibus
3072 4891 3303 4946 similia.
3320 4892 3499 4947 Extra
3517 4907 3567 4945 se
3579 4885 3864 4959 funduntur-

2273 5011 2339 5021 —
2356 4981 2517 5037 Sicut
2536 4979 2753 5035 domus
2771 4984 2857 5035 est
2882 4982 3154 5052 corporis
3172 4981 3573 5039 habitaculum
3591 4968 3863 5047 corporale,

2276 5164 2354 5219 las
2376 5171 2614 5235 peccata.

2346 5226 2698 5309 d'Omissam
2722 5235 2779 5290 in
2804 5235 3068 5307 Vulgatis
3090 5236 3366 5293 voculam
3388 5236 3479 5309 qui
3503 5226 3859 5290 revocavimus

2274 5308 2536 5362 maxime
2567 5323 2639 5361 ex
2668 5309 2805 5361 Mss.
2843 5310 3040 5363 Norm.

2346 5390 2369 5421 θ
2400 5379 2499 5433 Hic
2523 5378 2935 5448 supplevimus
2962 5396 3033 5435 ex
3064 5382 3197 5437 Mss.
3220 5384 3275 5436 et
3300 5380 3427 5436 aliis
3445 5376 3546 5434 Ed.
3573 5371 3855 5437 multaqutﬁ

2278 5448 2337 5503 in
2366 5450 2464 5503 Ed.
2500 5451 2792 5505 Gussanv.
2826 5450 3065 5507 desunt.
3821 5501 3829 5509 .

2349 5519 2382 5600 fi
2410 5522 2600 5600 Cocc.,
2628 5537 2809 5600 quem
2842 5505 3062 5579 recent.
3103 5522 3251 5579 Editi
3284 5525 3623 5595 sequuntur,
3651 5505 3850 5570 mutavit

2276 5593 2513 5649 emicant
2541 5594 2603 5649 in
2641 5593 2803 5664 emigr
2814 5602 2933 5650 ant.
