  <div class='ocr_page' id='page_1' title='image "/cluster/home/n/w/nwhite01/storage/ocr_20150623/75/hvd.32044054758800/417.png"; bbox 0 0 4108 6184; ppageno 0'>
   <div class='ocr_carea' id='block_1_1' title="bbox 506 249 609 305">
    <p class='ocr_par' dir='ltr' id='par_1_1' title="bbox 506 249 609 305">
     <span class='ocr_line' id='line_1_1' title="bbox 506 249 609 305; baseline 0.019 -2"><span class='ocrx_word' id='word_1_1' title='bbox 506 249 609 305; x_wconf 78' lang='grc'>823</span> 
     </span>
    </p>
   </div>
   <div class='ocr_carea' id='block_1_2' title="bbox 1748 238 3857 306">
    <p class='ocr_par' dir='ltr' id='par_1_2' title="bbox 1748 238 3857 306">
     <span class='ocr_line' id='line_1_2' title="bbox 1748 238 3857 306; baseline -0.004 -3"><span class='ocrx_word' id='word_1_2' title='bbox 1748 238 2008 306; x_wconf 77' lang='lat' dir='ltr'>SANCTI</span> <span class='ocrx_word' id='word_1_3' title='bbox 2050 245 2396 302; x_wconf 80' lang='lat' dir='ltr'>GREGORII</span> <span class='ocrx_word' id='word_1_4' title='bbox 2436 246 2668 301; x_wconf 87' lang='lat' dir='ltr'><strong>MAGNI</strong></span> <span class='ocrx_word' id='word_1_5' title='bbox 3775 253 3857 306; x_wconf 65' lang='lat'>324</span> 
     </span>
    </p>
   </div>
   <div class='ocr_carea' id='block_1_3' title="bbox 504 371 3854 446">
    <p class='ocr_par' dir='ltr' id='par_1_3' title="bbox 504 371 3854 446">
     <span class='ocr_line' id='line_1_3' title="bbox 504 371 3854 446; baseline 0 -15"><span class='ocrx_word' id='word_1_6' title='bbox 504 390 623 431; x_wconf 89' lang='lat' dir='ltr'>nus</span> <span class='ocrx_word' id='word_1_7' title='bbox 648 372 1281 444; x_wconf 87' lang='lat' dir='ltr'>detegit,sedtorpenti</span> <span class='ocrx_word' id='word_1_8' title='bbox 1302 380 1499 430; x_wconf 85' lang='lat' dir='ltr'>mente</span> <span class='ocrx_word' id='word_1_9' title='bbox 1522 372 2169 429; x_wconf 88' lang='lat' dir='ltr'>medicamentumvul-</span> <span class='ocrx_word' id='word_1_10' title='bbox 2200 372 2245 426; x_wconf 82' lang='grc' dir='ltr'><strong>Α</strong></span> <span class='ocrx_word' id='word_1_11' title='bbox 2277 373 2481 427; x_wconf 69' lang='lat' dir='ltr'>anima:</span> <span class='ocrx_word' id='word_1_12' title='bbox 2509 389 2660 439; x_wconf 64' lang='lat' dir='ltr'>mere,</span> <span class='ocrx_word' id='word_1_13' title='bbox 2688 372 2831 444; x_wconf 83' lang='lat' dir='ltr'>quia</span> <span class='ocrx_word' id='word_1_14' title='bbox 2863 371 2947 426; x_wconf 88' lang='lat' dir='ltr'>vis</span> <span class='ocrx_word' id='word_1_15' title='bbox 2977 372 3216 438; x_wconf 90' lang='lat' dir='ltr'>doloris,</span> <span class='ocrx_word' id='word_1_16' title='bbox 3244 388 3372 445; x_wconf 76' lang='lat' dir='ltr'>quae</span> <span class='ocrx_word' id='word_1_17' title='bbox 3408 378 3639 445; x_wconf 80' lang='lat' dir='ltr'>peccata</span> <span class='ocrx_word' id='word_1_18' title='bbox 3662 374 3854 446; x_wconf 84' lang='lat' dir='ltr'>singula</span> 
     </span>
    </p>
   </div>
   <div class='ocr_carea' id='block_1_4' title="bbox 506 462 2167 534">
    <p class='ocr_par' dir='ltr' id='par_1_4' title="bbox 506 462 2167 534">
     <span class='ocr_line' id='line_1_4' title="bbox 506 462 2167 534; baseline -0.003 -14"><span class='ocrx_word' id='word_1_19' title='bbox 506 464 635 520; x_wconf 91' lang='lat' dir='ltr'>neri</span> <span class='ocrx_word' id='word_1_20' title='bbox 658 478 779 518; x_wconf 90' lang='lat' dir='ltr'>non</span> <span class='ocrx_word' id='word_1_21' title='bbox 814 462 1085 534; x_wconf 91' lang='lat' dir='ltr'>apponit.</span> <span class='ocrx_word' id='word_1_22' title='bbox 1110 462 1510 517; x_wconf 84' lang='lat' dir='ltr'>Confessionis</span> <span class='ocrx_word' id='word_1_23' title='bbox 1542 462 1721 533; x_wconf 81' lang='lat' dir='ltr'>igitur</span> <span class='ocrx_word' id='word_1_24' title='bbox 1750 478 1957 518; x_wconf 89' lang='lat' dir='ltr'>vocem</span> <span class='ocrx_word' id='word_1_25' title='bbox 2001 462 2167 517; x_wconf 90' lang='lat' dir='ltr'>solus</span> 
     </span>
    </p>
   </div>
   <div class='ocr_carea' id='block_1_5' title="bbox 508 550 2165 623">
    <p class='ocr_par' dir='ltr' id='par_1_5' title="bbox 508 550 2165 623">
     <span class='ocr_line' id='line_1_5' title="bbox 508 550 2165 623; baseline -0.002 -14"><span class='ocrx_word' id='word_1_26' title='bbox 508 568 755 609; x_wconf 90' lang='lat' dir='ltr'>necesse</span> <span class='ocrx_word' id='word_1_27' title='bbox 773 556 863 606; x_wconf 91' lang='lat' dir='ltr'>est</span> <span class='ocrx_word' id='word_1_28' title='bbox 895 556 956 606; x_wconf 92' lang='lat' dir='ltr'>ut</span> <span class='ocrx_word' id='word_1_29' title='bbox 983 566 1201 606; x_wconf 75' lang='lat' dir='ltr'>mceror</span> <span class='ocrx_word' id='word_1_30' title='bbox 1218 550 1577 617; x_wconf 79' lang='lat' dir='ltr'>excutiat,ne</span> <span class='ocrx_word' id='word_1_31' title='bbox 1602 552 1820 606; x_wconf 77' lang='lat' dir='ltr'>vulnus</span> <span class='ocrx_word' id='word_1_32' title='bbox 1840 551 2165 623; x_wconf 89' lang='lat' dir='ltr'>proditum,</span> 
     </span>
    </p>
   </div>
   <div class='ocr_carea' id='block_1_6' title="bbox 511 638 2168 712">
    <p class='ocr_par' dir='ltr' id='par_1_6' title="bbox 511 638 2168 712">
     <span class='ocr_line' id='line_1_6' title="bbox 511 638 2168 712; baseline -0.001 -15"><span class='ocrx_word' id='word_1_33' title='bbox 511 641 619 697; x_wconf 87' lang='lat' dir='ltr'>sed</span> <span class='ocrx_word' id='word_1_34' title='bbox 638 641 997 711; x_wconf 90' lang='lat' dir='ltr'>neglectum,</span> <span class='ocrx_word' id='word_1_35' title='bbox 1016 655 1135 711; x_wconf 93' lang='lat' dir='ltr'>quo</span> <span class='ocrx_word' id='word_1_36' title='bbox 1158 638 1577 712; x_wconf 89' lang='lat' dir='ltr'>licentiusjam</span> <span class='ocrx_word' id='word_1_37' title='bbox 1596 656 1702 712; x_wconf 91' lang='lat' dir='ltr'>per</span> <span class='ocrx_word' id='word_1_38' title='bbox 1713 641 1792 697; x_wconf 90' lang='lat' dir='ltr'>hu</span> <span class='ocrx_word' id='word_1_39' title='bbox 1803 656 2047 697; x_wconf 89' lang='lat' dir='ltr'>manam</span> <span class='ocrx_word' id='word_1_40' title='bbox 2065 657 2168 696; x_wconf 86' lang='lat' dir='ltr'>no-</span> 
     </span>
    </p>
   </div>
   <div class='ocr_carea' id='block_1_7' title="bbox 510 728 2170 799">
    <p class='ocr_par' dir='ltr' id='par_1_7' title="bbox 510 728 2170 799">
     <span class='ocr_line' id='line_1_7' title="bbox 510 728 2170 799; baseline -0.002 -12"><span class='ocrx_word' id='word_1_41' title='bbox 510 730 701 787; x_wconf 86' lang='lat' dir='ltr'>titiam</span> <span class='ocrx_word' id='word_1_42' title='bbox 727 729 1007 799; x_wconf 75' lang='lat' dir='ltr'>tangitur,</span> <span class='ocrx_word' id='word_1_43' title='bbox 1023 728 1281 783; x_wconf 90' lang='lat' dir='ltr'>deterius</span> <span class='ocrx_word' id='word_1_44' title='bbox 1311 734 1629 799; x_wconf 77' lang='lat' dir='ltr'>putrescat.</span> <span class='ocrx_word' id='word_1_45' title='bbox 1646 731 1771 795; x_wconf 90' lang='lat' dir='ltr'>Quo</span> <span class='ocrx_word' id='word_1_46' title='bbox 1792 736 1999 786; x_wconf 90' lang='lat' dir='ltr'>contra</span> <span class='ocrx_word' id='word_1_47' title='bbox 2016 730 2170 785; x_wconf 89' lang='lat' dir='ltr'>Psal-</span> 
     </span>
    </p>
   </div>
   <div class='ocr_carea' id='block_1_8' title="bbox 513 816 2172 891">
    <p class='ocr_par' dir='ltr' id='par_1_8' title="bbox 513 816 2172 891">
     <span class='ocr_line' id='line_1_8' title="bbox 513 816 2172 891; baseline -0.001 -14"><span class='ocrx_word' id='word_1_48' title='bbox 513 822 690 877; x_wconf 89' lang='lat' dir='ltr'>mista</span> <span class='ocrx_word' id='word_1_49' title='bbox 716 819 953 891; x_wconf 82' lang='lat' dir='ltr'>plagam</span> <span class='ocrx_word' id='word_1_50' title='bbox 987 816 1181 872; x_wconf 81' lang='lat' dir='ltr'>cordis</span> <span class='ocrx_word' id='word_1_51' title='bbox 1206 833 1325 872; x_wconf 91' lang='lat' dir='ltr'>non</span> <span class='ocrx_word' id='word_1_52' title='bbox 1359 818 1553 873; x_wconf 92' lang='lat' dir='ltr'>solum</span> <span class='ocrx_word' id='word_1_53' title='bbox 1594 819 1912 884; x_wconf 81' lang='lat' dir='ltr'>detexerat,</span> <span class='ocrx_word' id='word_1_54' title='bbox 1935 822 2039 875; x_wconf 90' lang='lat' dir='ltr'>sed</span> <span class='ocrx_word' id='word_1_55' title='bbox 2066 820 2172 876; x_wconf 90' lang='lat' dir='ltr'>de-</span> 
     </span>
    </p>
   </div>
   <div class='ocr_carea' id='block_1_9' title="bbox 514 904 2172 973">
    <p class='ocr_par' dir='ltr' id='par_1_9' title="bbox 514 904 2172 973">
     <span class='ocr_line' id='line_1_9' title="bbox 514 904 2172 973; baseline -0.001 -9"><span class='ocrx_word' id='word_1_56' title='bbox 514 914 671 965; x_wconf 60' lang='lat' dir='ltr'>tecta;</span> <span class='ocrx_word' id='word_1_57' title='bbox 700 908 878 963; x_wconf 88' lang='lat' dir='ltr'>etiam</span> <span class='ocrx_word' id='word_1_58' title='bbox 901 904 1406 961; x_wconf 80' lang='lat' dir='ltr'>medicamentum</span> <span class='ocrx_word' id='word_1_59' title='bbox 1438 908 1712 962; x_wconf 71' lang='lat' dir='ltr'>maeroris</span> <span class='ocrx_word' id='word_1_60' title='bbox 1727 908 2172 973; x_wconf 89' lang='lat' dir='ltr'>adhibebat,di-</span> 
     </span>
    </p>
   </div>
   <div class='ocr_carea' id='block_1_10' title="bbox 514 996 2170 1069">
    <p class='ocr_par' dir='ltr' id='par_1_10' title="bbox 514 996 2170 1069">
     <span class='ocr_line' id='line_1_10' title="bbox 514 996 2170 1069; baseline -0.001 -16"><span class='ocrx_word' id='word_1_61' title='bbox 514 1014 654 1053; x_wconf 92' lang='lat' dir='ltr'>cens</span> <span class='ocrx_word' id='word_1_62' title='bbox 685 1014 698 1051; x_wconf 92' lang='lat'><strong>:</strong></span> <span class='ocrx_word' id='word_1_63' title='bbox 727 996 1085 1066; x_wconf 81' lang='lat' dir='ltr'>Iniquitatem</span> <span class='ocrx_word' id='word_1_64' title='bbox 1119 1012 1290 1049; x_wconf 87' lang='lat' dir='ltr'>meam</span> <span class='ocrx_word' id='word_1_65' title='bbox 1318 1012 1406 1065; x_wconf 87' lang='lat' dir='ltr'>ego</span> <span class='ocrx_word' id='word_1_66' title='bbox 1435 1007 1460 1037; x_wconf 71' lang='grc' dir='ltr'>ι</span> <span class='ocrx_word' id='word_1_67' title='bbox 1490 999 1807 1067; x_wconf 81' lang='lat' dir='ltr'>pronuntio,</span> <span class='ocrx_word' id='word_1_68' title='bbox 1848 1004 1898 1051; x_wconf 88' lang='lat' dir='ltr'>et</span> <span class='ocrx_word' id='word_1_69' title='bbox 1934 998 2170 1069; x_wconf 73' lang='lat' dir='ltr'>cogitabo</span> 
     </span>
    </p>
   </div>
   <div class='ocr_carea' id='block_1_11' title="bbox 506 1084 2169 1157">
    <p class='ocr_par' dir='ltr' id='par_1_11' title="bbox 506 1084 2169 1157">
     <span class='ocr_line' id='line_1_11' title="bbox 506 1084 2169 1157; baseline 0.001 -17"><span class='ocrx_word' id='word_1_70' title='bbox 506 1103 611 1157; x_wconf 86' lang='lat' dir='ltr'>pro</span> <span class='ocrx_word' id='word_1_71' title='bbox 648 1091 855 1156; x_wconf 88' lang='lat' dir='ltr'>peccato</span> <span class='ocrx_word' id='word_1_72' title='bbox 902 1101 1013 1139; x_wconf 89' lang='lat' dir='ltr'>meo</span> <span class='ocrx_word' id='word_1_73' title='bbox 1043 1084 1213 1155; x_wconf 86' lang='lat' dir='ltr'>(Psal.</span> <span class='ocrx_word' id='word_1_74' title='bbox 1265 1100 1486 1150; x_wconf 82' lang='lat' dir='ltr'>xxxvu,</span> <span class='ocrx_word' id='word_1_75' title='bbox 1557 1087 1661 1157; x_wconf 84' lang='lat' dir='ltr'>t9).</span> <span class='ocrx_word' id='word_1_76' title='bbox 1724 1086 2169 1142; x_wconf 89' lang='lat' dir='ltr'>Pronuntiando</span> 
     </span>
    </p>
   </div>
   <div class='ocr_carea' id='block_1_12' title="bbox 513 1173 2167 1246">
    <p class='ocr_par' dir='ltr' id='par_1_12' title="bbox 513 1173 2167 1246">
     <span class='ocr_line' id='line_1_12' title="bbox 513 1173 2167 1246; baseline 0.001 -16"><span class='ocrx_word' id='word_1_77' title='bbox 513 1174 673 1231; x_wconf 90' lang='lat' dir='ltr'>enim</span> <span class='ocrx_word' id='word_1_78' title='bbox 722 1173 1022 1229; x_wconf 87' lang='lat' dir='ltr'>occultum</span> <span class='ocrx_word' id='word_1_79' title='bbox 1078 1173 1297 1228; x_wconf 89' lang='lat' dir='ltr'>vulnus</span> <span class='ocrx_word' id='word_1_80' title='bbox 1347 1174 1588 1244; x_wconf 86' lang='lat' dir='ltr'>detegit,</span> <span class='ocrx_word' id='word_1_81' title='bbox 1622 1176 1941 1246; x_wconf 89' lang='lat' dir='ltr'>cogitando</span> <span class='ocrx_word' id='word_1_82' title='bbox 1969 1182 2167 1231; x_wconf 90' lang='lat' dir='ltr'>autem</span> 
     </span>
    </p>
   </div>
   <div class='ocr_carea' id='block_1_13' title="bbox 512 1262 2171 1336">
    <p class='ocr_par' dir='ltr' id='par_1_13' title="bbox 512 1262 2171 1336">
     <span class='ocr_line' id='line_1_13' title="bbox 512 1262 2171 1336; baseline 0.002 -18"><span class='ocrx_word' id='word_1_83' title='bbox 512 1262 658 1336; x_wconf 86' lang='lat' dir='ltr'>quid</span> <span class='ocrx_word' id='word_1_84' title='bbox 680 1262 842 1318; x_wconf 88' lang='lat' dir='ltr'>aliud</span> <span class='ocrx_word' id='word_1_85' title='bbox 874 1278 1059 1335; x_wconf 91' lang='lat' dir='ltr'>quam</span> <span class='ocrx_word' id='word_1_86' title='bbox 1085 1262 1593 1319; x_wconf 86' lang='lat' dir='ltr'>medicamentum</span> <span class='ocrx_word' id='word_1_87' title='bbox 1618 1264 1850 1319; x_wconf 90' lang='lat' dir='ltr'>vulneri</span> <span class='ocrx_word' id='word_1_88' title='bbox 1878 1264 2171 1336; x_wconf 86' lang='lat' dir='ltr'>apponit?</span> 
     </span>
    </p>
   </div>
   <div class='ocr_carea' id='block_1_14' title="bbox 525 1350 2175 1424">
    <p class='ocr_par' dir='ltr' id='par_1_14' title="bbox 525 1350 2175 1424">
     <span class='ocr_line' id='line_1_14' title="bbox 525 1350 2175 1424; baseline 0.003 -18"><span class='ocrx_word' id='word_1_89' title='bbox 525 1350 677 1424; x_wconf 75' lang='grc' dir='ltr'>[νει.</span> <span class='ocrx_word' id='word_1_90' title='bbox 692 1354 752 1407; x_wconf 82' lang='grc' dir='ltr'><em>Χ</em></span> <span class='ocrx_word' id='word_1_91' title='bbox 764 1351 879 1424; x_wconf 77' lang='lat' dir='ltr'>VL]</span> <span class='ocrx_word' id='word_1_92' title='bbox 897 1350 1010 1406; x_wconf 91' lang='lat' dir='ltr'>Sed</span> <span class='ocrx_word' id='word_1_93' title='bbox 1026 1350 1256 1407; x_wconf 78' lang='lat' dir='ltr'>afﬂictae</span> <span class='ocrx_word' id='word_1_94' title='bbox 1274 1354 1477 1417; x_wconf 91' lang='lat' dir='ltr'>menti,</span> <span class='ocrx_word' id='word_1_95' title='bbox 1492 1358 1546 1409; x_wconf 91' lang='lat' dir='ltr'>et</span> <span class='ocrx_word' id='word_1_96' title='bbox 1559 1370 1668 1409; x_wconf 92' lang='lat' dir='ltr'>sua</span> <span class='ocrx_word' id='word_1_97' title='bbox 1690 1354 1934 1409; x_wconf 88' lang='lat' dir='ltr'>sollicite</span> <span class='ocrx_word' id='word_1_98' title='bbox 1947 1354 2175 1411; x_wconf 90' lang='lat' dir='ltr'>damna</span> 
     </span>
    </p>
   </div>
   <div class='ocr_carea' id='block_1_15' title="bbox 524 1441 2175 1516">
    <p class='ocr_par' dir='ltr' id='par_1_15' title="bbox 524 1441 2175 1516">
     <span class='ocr_line' id='line_1_15' title="bbox 524 1441 2175 1516; baseline 0.001 -19"><span class='ocrx_word' id='word_1_99' title='bbox 524 1441 834 1511; x_wconf 87' lang='lat' dir='ltr'>cogitanti,</span> <span class='ocrx_word' id='word_1_100' title='bbox 854 1442 983 1496; x_wconf 84' lang='lat' dir='ltr'>rixa</span> <span class='ocrx_word' id='word_1_101' title='bbox 995 1456 1103 1512; x_wconf 92' lang='lat' dir='ltr'>pro</span> <span class='ocrx_word' id='word_1_102' title='bbox 1122 1442 1444 1513; x_wconf 90' lang='lat' dir='ltr'>semetipsa</span> <span class='ocrx_word' id='word_1_103' title='bbox 1470 1443 1655 1498; x_wconf 92' lang='lat' dir='ltr'>oritur</span> <span class='ocrx_word' id='word_1_104' title='bbox 1679 1450 1885 1499; x_wconf 89' lang='lat' dir='ltr'>contra</span> <span class='ocrx_word' id='word_1_105' title='bbox 1902 1445 2175 1516; x_wconf 84' lang='lat' dir='ltr'>semetip-</span> 
     </span>
    </p>
   </div>
   <div class='ocr_carea' id='block_1_16' title="bbox 517 1530 2172 1604">
    <p class='ocr_par' dir='ltr' id='par_1_16' title="bbox 517 1530 2172 1604">
     <span class='ocr_line' id='line_1_16' title="bbox 517 1530 2172 1604; baseline 0.002 -17"><span class='ocrx_word' id='word_1_106' title='bbox 517 1548 668 1587; x_wconf 89' lang='lat' dir='ltr'>sam.</span> <span class='ocrx_word' id='word_1_107' title='bbox 695 1534 843 1588; x_wconf 87' lang='lat' dir='ltr'>Nam</span> <span class='ocrx_word' id='word_1_108' title='bbox 873 1546 1011 1585; x_wconf 92' lang='lat' dir='ltr'>cum</span> <span class='ocrx_word' id='word_1_109' title='bbox 1038 1546 1100 1585; x_wconf 92' lang='lat' dir='ltr'>se</span> <span class='ocrx_word' id='word_1_110' title='bbox 1132 1531 1206 1585; x_wconf 89' lang='lat' dir='ltr'>ad</span> <span class='ocrx_word' id='word_1_111' title='bbox 1230 1530 1493 1587; x_wconf 87' lang='lat' dir='ltr'>lamenta</span> <span class='ocrx_word' id='word_1_112' title='bbox 1519 1533 1876 1603; x_wconf 54' lang='lat' dir='ltr'>paenitentiae</span> <span class='ocrx_word' id='word_1_113' title='bbox 1909 1534 2172 1604; x_wconf 89' lang='lat' dir='ltr'>instigat,</span> 
     </span>
    </p>
   </div>
   <div class='ocr_carea' id='block_1_17' title="bbox 517 1619 2175 1694">
    <p class='ocr_par' dir='ltr' id='par_1_17' title="bbox 517 1619 2175 1694">
     <span class='ocr_line' id='line_1_17' title="bbox 517 1619 2175 1694; baseline 0.002 -18"><span class='ocrx_word' id='word_1_114' title='bbox 517 1620 748 1676; x_wconf 87' lang='lat' dir='ltr'>occulta</span> <span class='ocrx_word' id='word_1_115' title='bbox 778 1635 839 1673; x_wconf 91' lang='lat' dir='ltr'>se</span> <span class='ocrx_word' id='word_1_116' title='bbox 858 1619 1261 1691; x_wconf 89' lang='lat' dir='ltr'>increpatione</span> <span class='ocrx_word' id='word_1_117' title='bbox 1279 1620 1731 1693; x_wconf 75' lang='lat' dir='ltr'>dilaniat.259</span> <span class='ocrx_word' id='word_1_118' title='bbox 1761 1622 1923 1677; x_wconf 89' lang='lat' dir='ltr'>Unde</span> <span class='ocrx_word' id='word_1_119' title='bbox 1956 1628 2009 1678; x_wconf 89' lang='lat' dir='ltr'>et</span> <span class='ocrx_word' id='word_1_120' title='bbox 2037 1631 2175 1694; x_wconf 87' lang='lat' dir='ltr'>apte</span> 
     </span>
    </p>
   </div>
   <div class='ocr_carea' id='block_1_18' title="bbox 521 1708 1002 1764">
    <p class='ocr_par' dir='ltr' id='par_1_18' title="bbox 521 1708 1002 1764">
     <span class='ocr_line' id='line_1_18' title="bbox 521 1708 1002 1764; baseline -0.004 0"><span class='ocrx_word' id='word_1_121' title='bbox 521 1724 660 1764; x_wconf 86' lang='lat' dir='ltr'>mox</span> <span class='ocrx_word' id='word_1_122' title='bbox 689 1708 964 1762; x_wconf 87' lang='lat' dir='ltr'>subditur</span> <span class='ocrx_word' id='word_1_123' title='bbox 990 1724 1002 1762; x_wconf 91' lang='lat'><strong>:</strong></span> 
     </span>
    </p>
   </div>
   <div class='ocr_carea' id='block_1_19' title="bbox 1138 1780 1560 1835">
    <p class='ocr_par' dir='ltr' id='par_1_19' title="bbox 1138 1780 1560 1835">
     <span class='ocr_line' id='line_1_19' title="bbox 1138 1780 1560 1835; baseline -0.005 0"><span class='ocrx_word' id='word_1_124' title='bbox 1138 1780 1361 1835; x_wconf 85' lang='lat' dir='ltr'>CAPUT</span> <span class='ocrx_word' id='word_1_125' title='bbox 1404 1781 1560 1835; x_wconf 86' lang='lat' dir='ltr'>XXII.</span> 
     </span>
    </p>
   </div>
   <div class='ocr_carea' id='block_1_20' title="bbox 594 1867 2173 1938">
    <p class='ocr_par' dir='ltr' id='par_1_20' title="bbox 594 1867 2173 1938">
     <span class='ocr_line' id='line_1_20' title="bbox 594 1867 2173 1938; baseline 0.003 -15"><span class='ocrx_word' id='word_1_126' title='bbox 594 1872 723 1923; x_wconf 83' lang='lat' dir='ltr'>IBID.</span> <span class='ocrx_word' id='word_1_127' title='bbox 754 1898 817 1910; x_wconf 91' lang='lat'>——</span> <span class='ocrx_word' id='word_1_128' title='bbox 843 1867 1245 1938; x_wconf 81' lang='lat' dir='ltr'>Confabulabor</span> <span class='ocrx_word' id='word_1_129' title='bbox 1259 1886 1379 1923; x_wconf 88' lang='lat' dir='ltr'>cum</span> <span class='ocrx_word' id='word_1_130' title='bbox 1403 1870 1785 1925; x_wconf 73' lang='lat' dir='ltr'>amaritudine</span> <span class='ocrx_word' id='word_1_131' title='bbox 1803 1872 2006 1927; x_wconf 68' lang='lat' dir='ltr'>animae</span> <span class='ocrx_word' id='word_1_132' title='bbox 2021 1889 2173 1927; x_wconf 71' lang='lat' dir='ltr'>mete.</span> 
     </span>
    </p>
   </div>
   <div class='ocr_carea' id='block_1_21' title="bbox 593 1958 2174 2031">
    <p class='ocr_par' dir='ltr' id='par_1_21' title="bbox 593 1958 2174 2031">
     <span class='ocr_line' id='line_1_21' title="bbox 593 1958 2174 2031; baseline 0 -18"><span class='ocrx_word' id='word_1_133' title='bbox 593 1962 683 2013; x_wconf 89' lang='lat'>38.</span> <span class='ocrx_word' id='word_1_134' title='bbox 728 1959 1063 2028; x_wconf 88' lang='lat' dir='ltr'>Compuncta</span> <span class='ocrx_word' id='word_1_135' title='bbox 1097 1974 1242 2012; x_wconf 84' lang='lat' dir='ltr'>mens</span> <span class='ocrx_word' id='word_1_136' title='bbox 1284 1958 1456 2012; x_wconf 89' lang='lat' dir='ltr'>multa</span> <span class='ocrx_word' id='word_1_137' title='bbox 1486 1959 1543 2013; x_wconf 88' lang='lat' dir='ltr'>in</span> <span class='ocrx_word' id='word_1_138' title='bbox 1581 1976 1632 2013; x_wconf 88' lang='lat' dir='ltr'>se</span> <span class='ocrx_word' id='word_1_139' title='bbox 1678 1959 1876 2031; x_wconf 84' lang='lat' dir='ltr'>detegit</span> <span class='ocrx_word' id='word_1_140' title='bbox 1914 1961 2174 2030; x_wconf 86' lang='lat' dir='ltr'>deﬂenda.</span> 
     </span>
    </p>
   </div>
   <div class='ocr_carea' id='block_1_22' title="bbox 522 2046 2177 2119">
    <p class='ocr_par' dir='ltr' id='par_1_22' title="bbox 522 2046 2177 2119">
     <span class='ocr_line' id='line_1_22' title="bbox 522 2046 2177 2119; baseline 0.001 -16"><span class='ocrx_word' id='word_1_141' title='bbox 522 2047 723 2103; x_wconf 87' lang='lat' dir='ltr'>Recolit</span> <span class='ocrx_word' id='word_1_142' title='bbox 742 2051 866 2118; x_wconf 85' lang='lat' dir='ltr'>quot</span> <span class='ocrx_word' id='word_1_143' title='bbox 898 2046 1001 2102; x_wconf 90' lang='lat' dir='ltr'>Dei</span> <span class='ocrx_word' id='word_1_144' title='bbox 1029 2046 1185 2101; x_wconf 85' lang='lat' dir='ltr'>donis</span> <span class='ocrx_word' id='word_1_145' title='bbox 1212 2065 1374 2118; x_wconf 89' lang='lat' dir='ltr'>quam</span> <span class='ocrx_word' id='word_1_146' title='bbox 1398 2048 1571 2117; x_wconf 78' lang='lat' dir='ltr'>fuerit</span> <span class='ocrx_word' id='word_1_147' title='bbox 1599 2050 1840 2119; x_wconf 86' lang='lat' dir='ltr'>ingrata.</span> <span class='ocrx_word' id='word_1_148' title='bbox 1866 2080 1912 2089; x_wconf 62' lang='grc' dir='ltr'><strong>ο</strong></span> <span class='ocrx_word' id='word_1_149' title='bbox 1957 2053 2177 2105; x_wconf 86' lang='lat' dir='ltr'>Pavore</span> 
     </span>
    </p>
   </div>
   <div class='ocr_carea' id='block_1_23' title="bbox 522 2135 2178 2210">
    <p class='ocr_par' dir='ltr' id='par_1_23' title="bbox 522 2135 2178 2210">
     <span class='ocr_line' id='line_1_23' title="bbox 522 2135 2178 2210; baseline 0.001 -18"><span class='ocrx_word' id='word_1_150' title='bbox 522 2152 787 2208; x_wconf 90' lang='lat' dir='ltr'>namque</span> <span class='ocrx_word' id='word_1_151' title='bbox 814 2136 1214 2206; x_wconf 87' lang='lat' dir='ltr'>divinijudicii</span> <span class='ocrx_word' id='word_1_152' title='bbox 1230 2135 1598 2205; x_wconf 82' lang='lat' dir='ltr'>aﬂlicti,dum</span> <span class='ocrx_word' id='word_1_153' title='bbox 1614 2138 1894 2210; x_wconf 63' lang='lat' dir='ltr'>quaedam</span> <span class='ocrx_word' id='word_1_154' title='bbox 1914 2139 2067 2195; x_wconf 90' lang='lat' dir='ltr'>male</span> <span class='ocrx_word' id='word_1_155' title='bbox 2082 2155 2178 2209; x_wconf 90' lang='lat' dir='ltr'>ge-</span> 
     </span>
    </p>
   </div>
   <div class='ocr_carea' id='block_1_24' title="bbox 522 2224 2181 2295">
    <p class='ocr_par' dir='ltr' id='par_1_24' title="bbox 522 2224 2181 2295">
     <span class='ocr_line' id='line_1_24' title="bbox 522 2224 2181 2295; baseline 0.001 -15"><span class='ocrx_word' id='word_1_156' title='bbox 522 2231 613 2281; x_wconf 88' lang='lat' dir='ltr'>sta</span> <span class='ocrx_word' id='word_1_157' title='bbox 627 2224 992 2295; x_wconf 87' lang='lat' dir='ltr'>plangimus,</span> <span class='ocrx_word' id='word_1_158' title='bbox 1009 2224 1136 2295; x_wconf 91' lang='lat' dir='ltr'>ipsa</span> <span class='ocrx_word' id='word_1_159' title='bbox 1160 2225 1213 2279; x_wconf 90' lang='lat' dir='ltr'>vi</span> <span class='ocrx_word' id='word_1_160' title='bbox 1232 2232 1445 2281; x_wconf 68' lang='lat' dir='ltr'>nostrae</span> <span class='ocrx_word' id='word_1_161' title='bbox 1458 2226 1873 2282; x_wconf 88' lang='lat' dir='ltr'>amaritudinis</span> <span class='ocrx_word' id='word_1_162' title='bbox 1892 2228 1967 2282; x_wconf 90' lang='lat' dir='ltr'>ad</span> <span class='ocrx_word' id='word_1_163' title='bbox 1986 2228 2181 2283; x_wconf 91' lang='lat' dir='ltr'>discu-</span> 
     </span>
    </p>
   </div>
   <div class='ocr_carea' id='block_1_25' title="bbox 521 2313 2177 2382">
    <p class='ocr_par' dir='ltr' id='par_1_25' title="bbox 521 2313 2177 2382">
     <span class='ocr_line' id='line_1_25' title="bbox 521 2313 2177 2382; baseline 0.001 -13"><span class='ocrx_word' id='word_1_164' title='bbox 521 2314 756 2369; x_wconf 90' lang='lat' dir='ltr'>tiendos</span> <span class='ocrx_word' id='word_1_165' title='bbox 786 2328 897 2368; x_wconf 92' lang='lat' dir='ltr'>nos</span> <span class='ocrx_word' id='word_1_166' title='bbox 923 2313 1269 2382; x_wconf 86' lang='lat' dir='ltr'>vigilantius</span> <span class='ocrx_word' id='word_1_167' title='bbox 1286 2314 1545 2380; x_wconf 83' lang='lat' dir='ltr'>excitati,</span> <span class='ocrx_word' id='word_1_168' title='bbox 1572 2315 1687 2371; x_wconf 90' lang='lat' dir='ltr'>alia</span> <span class='ocrx_word' id='word_1_169' title='bbox 1716 2316 1774 2371; x_wconf 91' lang='lat' dir='ltr'>in</span> <span class='ocrx_word' id='word_1_170' title='bbox 1800 2318 1976 2371; x_wconf 89' lang='lat' dir='ltr'>nobis</span> <span class='ocrx_word' id='word_1_171' title='bbox 1998 2318 2177 2372; x_wconf 88' lang='lat' dir='ltr'>etiam</span> 
     </span>
    </p>
   </div>
   <div class='ocr_carea' id='block_1_26' title="bbox 522 2402 2180 2476">
    <p class='ocr_par' dir='ltr' id='par_1_26' title="bbox 522 2402 2180 2476">
     <span class='ocr_line' id='line_1_26' title="bbox 522 2402 2180 2476; baseline 0.001 -19"><span class='ocrx_word' id='word_1_172' title='bbox 522 2418 659 2474; x_wconf 69' lang='lat' dir='ltr'>quin</span> <span class='ocrx_word' id='word_1_173' title='bbox 677 2402 937 2473; x_wconf 87' lang='lat' dir='ltr'>amplius</span> <span class='ocrx_word' id='word_1_174' title='bbox 949 2402 1821 2468; x_wconf 88' lang='lat' dir='ltr'>deﬂeamus,invenimus.Nam</span> <span class='ocrx_word' id='word_1_175' title='bbox 1836 2421 2007 2476; x_wconf 71' lang='lat' dir='ltr'>naape</span> <span class='ocrx_word' id='word_1_176' title='bbox 2026 2406 2180 2473; x_wconf 80' lang='lat' dir='ltr'>quod</span> 
     </span>
    </p>
   </div>
   <div class='ocr_carea' id='block_1_27' title="bbox 524 2490 2183 2563">
    <p class='ocr_par' dir='ltr' id='par_1_27' title="bbox 524 2490 2183 2563">
     <span class='ocr_line' id='line_1_27' title="bbox 524 2490 2183 2563; baseline 0.002 -16"><span class='ocrx_word' id='word_1_177' title='bbox 524 2495 827 2563; x_wconf 87' lang='lat' dir='ltr'>torpentes</span> <span class='ocrx_word' id='word_1_178' title='bbox 872 2490 1060 2556; x_wconf 87' lang='lat' dir='ltr'>latuit,</span> <span class='ocrx_word' id='word_1_179' title='bbox 1092 2491 1374 2547; x_wconf 88' lang='lat' dir='ltr'>ﬂentibus</span> <span class='ocrx_word' id='word_1_180' title='bbox 1417 2493 1696 2549; x_wconf 88' lang='lat' dir='ltr'>subtilius</span> <span class='ocrx_word' id='word_1_181' title='bbox 1745 2493 2095 2562; x_wconf 90' lang='lat' dir='ltr'>innotescit;</span> <span class='ocrx_word' id='word_1_182' title='bbox 2128 2500 2183 2550; x_wconf 91' lang='lat' dir='ltr'>et</span> 
     </span>
    </p>
   </div>
   <div class='ocr_carea' id='block_1_28' title="bbox 525 2579 2182 2654">
    <p class='ocr_par' dir='ltr' id='par_1_28' title="bbox 525 2579 2182 2654">
     <span class='ocr_line' id='line_1_28' title="bbox 525 2579 2182 2654; baseline 0.002 -18"><span class='ocrx_word' id='word_1_183' title='bbox 525 2579 747 2636; x_wconf 80' lang='lat' dir='ltr'>afﬂicta</span> <span class='ocrx_word' id='word_1_184' title='bbox 769 2596 938 2635; x_wconf 91' lang='lat' dir='ltr'>mens</span> <span class='ocrx_word' id='word_1_185' title='bbox 962 2581 1181 2636; x_wconf 90' lang='lat' dir='ltr'>certius</span> <span class='ocrx_word' id='word_1_186' title='bbox 1206 2582 1429 2637; x_wconf 90' lang='lat' dir='ltr'>invenit</span> <span class='ocrx_word' id='word_1_187' title='bbox 1451 2582 1679 2638; x_wconf 92' lang='lat' dir='ltr'>malum</span> <span class='ocrx_word' id='word_1_188' title='bbox 1702 2583 1865 2654; x_wconf 92' lang='lat' dir='ltr'>quod</span> <span class='ocrx_word' id='word_1_189' title='bbox 1890 2583 2103 2641; x_wconf 84' lang='lat' dir='ltr'>fecerat</span> <span class='ocrx_word' id='word_1_190' title='bbox 2126 2590 2182 2640; x_wconf 91' lang='lat' dir='ltr'>et</span> 
     </span>
    </p>
   </div>
   <div class='ocr_carea' id='block_1_29' title="bbox 526 2667 2183 2744">
    <p class='ocr_par' dir='ltr' id='par_1_29' title="bbox 526 2667 2183 2744">
     <span class='ocr_line' id='line_1_29' title="bbox 526 2667 2183 2744; baseline 0.002 -19"><span class='ocrx_word' id='word_1_191' title='bbox 526 2667 847 2737; x_wconf 86' lang='lat' dir='ltr'>nesciebat,</span> <span class='ocrx_word' id='word_1_192' title='bbox 865 2670 1037 2741; x_wconf 90' lang='lat' dir='ltr'>eique</span> <span class='ocrx_word' id='word_1_193' title='bbox 1063 2670 1192 2725; x_wconf 84' lang='lat' dir='ltr'>rixa</span> <span class='ocrx_word' id='word_1_194' title='bbox 1222 2686 1333 2726; x_wconf 92' lang='lat' dir='ltr'>sua</span> <span class='ocrx_word' id='word_1_195' title='bbox 1361 2671 1559 2726; x_wconf 88' lang='lat' dir='ltr'>verius</span> <span class='ocrx_word' id='word_1_196' title='bbox 1590 2673 1798 2743; x_wconf 91' lang='lat' dir='ltr'>aperit,</span> <span class='ocrx_word' id='word_1_197' title='bbox 1818 2679 2115 2744; x_wconf 88' lang='lat' dir='ltr'>quantum</span> <span class='ocrx_word' id='word_1_198' title='bbox 2147 2691 2183 2729; x_wconf 90' lang='lat' dir='ltr'>a</span> 
     </span>
    </p>
   </div>
   <div class='ocr_carea' id='block_1_30' title="bbox 527 2758 2184 2832">
    <p class='ocr_par' dir='ltr' id='par_1_30' title="bbox 527 2758 2184 2832">
     <span class='ocr_line' id='line_1_30' title="bbox 527 2758 2184 2832; baseline 0.002 -19"><span class='ocrx_word' id='word_1_199' title='bbox 527 2758 784 2814; x_wconf 86' lang='lat' dir='ltr'>veritatis</span> <span class='ocrx_word' id='word_1_200' title='bbox 806 2774 954 2830; x_wconf 90' lang='lat' dir='ltr'>pace</span> <span class='ocrx_word' id='word_1_201' title='bbox 967 2759 1249 2825; x_wconf 87' lang='lat' dir='ltr'>deviavit,</span> <span class='ocrx_word' id='word_1_202' title='bbox 1265 2760 1409 2831; x_wconf 88' lang='lat' dir='ltr'>quia</span> <span class='ocrx_word' id='word_1_203' title='bbox 1432 2766 1662 2816; x_wconf 90' lang='lat' dir='ltr'>reatum</span> <span class='ocrx_word' id='word_1_204' title='bbox 1693 2778 1893 2827; x_wconf 91' lang='lat' dir='ltr'>suum,</span> <span class='ocrx_word' id='word_1_205' title='bbox 1910 2763 2081 2832; x_wconf 91' lang='lat' dir='ltr'>cujus</span> <span class='ocrx_word' id='word_1_206' title='bbox 2099 2779 2184 2817; x_wconf 89' lang='lat' dir='ltr'>se-</span> 
     </span>
    </p>
   </div>
   <div class='ocr_carea' id='block_1_31' title="bbox 524 2848 2179 2920">
    <p class='ocr_par' dir='ltr' id='par_1_31' title="bbox 524 2848 2179 2920">
     <span class='ocr_line' id='line_1_31' title="bbox 524 2848 2179 2920; baseline 0.002 -17"><span class='ocrx_word' id='word_1_207' title='bbox 524 2863 668 2903; x_wconf 89' lang='lat' dir='ltr'>cura</span> <span class='ocrx_word' id='word_1_208' title='bbox 682 2862 801 2902; x_wconf 88' lang='lat' dir='ltr'>non</span> <span class='ocrx_word' id='word_1_209' title='bbox 817 2848 1104 2912; x_wconf 87' lang='lat' dir='ltr'>meminit,</span> <span class='ocrx_word' id='word_1_210' title='bbox 1122 2848 1282 2903; x_wconf 87' lang='lat' dir='ltr'>hunc</span> <span class='ocrx_word' id='word_1_211' title='bbox 1297 2849 1354 2904; x_wconf 93' lang='lat' dir='ltr'>in</span> <span class='ocrx_word' id='word_1_212' title='bbox 1372 2866 1432 2903; x_wconf 87' lang='lat' dir='ltr'>se</span> <span class='ocrx_word' id='word_1_213' title='bbox 1446 2854 1750 2905; x_wconf 88' lang='lat' dir='ltr'>commota</span> <span class='ocrx_word' id='word_1_214' title='bbox 1768 2850 2179 2920; x_wconf 89' lang='lat' dir='ltr'>deprehendit.</span> 
     </span>
    </p>
   </div>
   <div class='ocr_carea' id='block_1_32' title="bbox 526 2936 2183 3009">
    <p class='ocr_par' dir='ltr' id='par_1_32' title="bbox 526 2936 2183 3009">
     <span class='ocr_line' id='line_1_32' title="bbox 526 2936 2183 3009; baseline 0.002 -17"><span class='ocrx_word' id='word_1_215' title='bbox 526 2936 917 2992; x_wconf 87' lang='lat' dir='ltr'>Succrescens</span> <span class='ocrx_word' id='word_1_216' title='bbox 929 2936 1154 3008; x_wconf 85' lang='lat' dir='ltr'>quippe</span> <span class='ocrx_word' id='word_1_217' title='bbox 1167 2938 1501 2993; x_wconf 87' lang='lat' dir='ltr'>amaritudo</span> <span class='ocrx_word' id='word_1_218' title='bbox 1517 2939 2183 3009; x_wconf 68' lang='lat' dir='ltr'>pmnitentiae,verecun-</span> 
     </span>
    </p>
   </div>
   <div class='ocr_carea' id='block_1_33' title="bbox 523 3024 2180 3101">
    <p class='ocr_par' dir='ltr' id='par_1_33' title="bbox 523 3024 2180 3101">
     <span class='ocr_line' id='line_1_33' title="bbox 523 3024 2180 3101; baseline 0.003 -20"><span class='ocrx_word' id='word_1_219' title='bbox 523 3024 689 3081; x_wconf 87' lang='lat' dir='ltr'>danti</span> <span class='ocrx_word' id='word_1_220' title='bbox 715 3024 879 3081; x_wconf 91' lang='lat' dir='ltr'>cordi</span> <span class='ocrx_word' id='word_1_221' title='bbox 903 3026 1243 3097; x_wconf 88' lang='lat' dir='ltr'>importune</span> <span class='ocrx_word' id='word_1_222' title='bbox 1274 3026 1483 3097; x_wconf 88' lang='lat' dir='ltr'>ingerit</span> <span class='ocrx_word' id='word_1_223' title='bbox 1497 3028 1699 3084; x_wconf 87' lang='lat' dir='ltr'>illicita</span> <span class='ocrx_word' id='word_1_224' title='bbox 1713 3045 1845 3101; x_wconf 71' lang='lat' dir='ltr'>quae</span> <span class='ocrx_word' id='word_1_225' title='bbox 1863 3031 2180 3099; x_wconf 89' lang='lat' dir='ltr'>commisit,</span> 
     </span>
    </p>
   </div>
   <div class='ocr_carea' id='block_1_34' title="bbox 522 3113 2184 3190">
    <p class='ocr_par' dir='ltr' id='par_1_34' title="bbox 522 3113 2184 3190">
     <span class='ocr_line' id='line_1_34' title="bbox 522 3113 2184 3190; baseline 0.002 -19"><span class='ocrx_word' id='word_1_226' title='bbox 522 3113 854 3171; x_wconf 88' lang='lat' dir='ltr'>districtum</span> <span class='ocrx_word' id='word_1_227' title='bbox 883 3123 1090 3171; x_wconf 89' lang='lat' dir='ltr'>contra</span> <span class='ocrx_word' id='word_1_228' title='bbox 1120 3116 1247 3172; x_wconf 77' lang='lat' dir='ltr'>haec</span> <span class='ocrx_word' id='word_1_229' title='bbox 1273 3117 1544 3186; x_wconf 89' lang='lat' dir='ltr'>judicem</span> <span class='ocrx_word' id='word_1_230' title='bbox 1562 3119 1841 3184; x_wconf 90' lang='lat' dir='ltr'>ostendit,</span> <span class='ocrx_word' id='word_1_231' title='bbox 1868 3119 2184 3190; x_wconf 84' lang='lat' dir='ltr'>supplicio-</span> 
     </span>
    </p>
   </div>
   <div class='ocr_carea' id='block_1_35' title="bbox 520 3205 2181 3281">
    <p class='ocr_par' dir='ltr' id='par_1_35' title="bbox 520 3205 2181 3281">
     <span class='ocr_line' id='line_1_35' title="bbox 520 3205 2181 3281; baseline 0.004 -22"><span class='ocrx_word' id='word_1_232' title='bbox 520 3219 658 3260; x_wconf 86' lang='lat' dir='ltr'>rum</span> <span class='ocrx_word' id='word_1_233' title='bbox 690 3205 884 3261; x_wconf 88' lang='lat' dir='ltr'>minas</span> <span class='ocrx_word' id='word_1_234' title='bbox 913 3205 1141 3267; x_wconf 89' lang='lat' dir='ltr'>incutit.</span> <span class='ocrx_word' id='word_1_235' title='bbox 1184 3222 1409 3276; x_wconf 87' lang='lat' dir='ltr'>pavore</span> <span class='ocrx_word' id='word_1_236' title='bbox 1459 3208 1732 3262; x_wconf 89' lang='lat' dir='ltr'>animum</span> <span class='ocrx_word' id='word_1_237' title='bbox 1766 3208 1915 3274; x_wconf 85' lang='lat' dir='ltr'>ferit,</span> <span class='ocrx_word' id='word_1_238' title='bbox 1950 3211 2181 3281; x_wconf 88' lang='lat' dir='ltr'>pudore</span> 
     </span>
    </p>
   </div>
   <div class='ocr_carea' id='block_1_36' title="bbox 521 3291 2181 3367">
    <p class='ocr_par' dir='ltr' id='par_1_36' title="bbox 521 3291 2181 3367">
     <span class='ocr_line' id='line_1_36' title="bbox 521 3291 2181 3367; baseline 0.004 -19"><span class='ocrx_word' id='word_1_239' title='bbox 521 3291 855 3361; x_wconf 82' lang='lat' dir='ltr'>confundit,</span> <span class='ocrx_word' id='word_1_240' title='bbox 900 3298 1096 3350; x_wconf 91' lang='lat' dir='ltr'>motus</span> <span class='ocrx_word' id='word_1_241' title='bbox 1119 3293 1349 3348; x_wconf 89' lang='lat' dir='ltr'>illicitos</span> <span class='ocrx_word' id='word_1_242' title='bbox 1384 3294 1671 3365; x_wconf 88' lang='lat' dir='ltr'>increpat,</span> <span class='ocrx_word' id='word_1_243' title='bbox 1701 3297 1961 3367; x_wconf 89' lang='lat' dir='ltr'>quietem</span> <span class='ocrx_word' id='word_1_244' title='bbox 1986 3298 2181 3355; x_wconf 64' lang='lat' dir='ltr'>noxias</span> 
     </span>
    </p>
   </div>
   <div class='ocr_carea' id='block_1_37' title="bbox 522 3381 2181 3459">
    <p class='ocr_par' dir='ltr' id='par_1_37' title="bbox 522 3381 2181 3459">
     <span class='ocr_line' id='line_1_37' title="bbox 522 3381 2181 3459; baseline 0.002 -21"><span class='ocrx_word' id='word_1_245' title='bbox 522 3382 854 3438; x_wconf 87' lang='lat' dir='ltr'>securitatis</span> <span class='ocrx_word' id='word_1_246' title='bbox 871 3381 1062 3436; x_wconf 87' lang='lat' dir='ltr'>turbat</span> <span class='ocrx_word' id='word_1_247' title='bbox 1080 3398 1093 3447; x_wconf 92' lang='lat'><strong>;</strong></span> <span class='ocrx_word' id='word_1_248' title='bbox 1109 3398 1244 3453; x_wconf 76' lang='lat' dir='ltr'>quae</span> <span class='ocrx_word' id='word_1_249' title='bbox 1260 3382 1308 3437; x_wconf 93' lang='lat' dir='ltr'>ei</span> <span class='ocrx_word' id='word_1_250' title='bbox 1331 3382 1598 3438; x_wconf 88' lang='lat' dir='ltr'>conditor</span> <span class='ocrx_word' id='word_1_251' title='bbox 1611 3384 1771 3439; x_wconf 89' lang='lat' dir='ltr'>bona</span> <span class='ocrx_word' id='word_1_252' title='bbox 1784 3386 2181 3459; x_wconf 86' lang='lat' dir='ltr'>contulit,quae</span> 
     </span>
    </p>
   </div>
   <div class='ocr_carea' id='block_1_38' title="bbox 522 3470 2181 3547">
    <p class='ocr_par' dir='ltr' id='par_1_38' title="bbox 522 3470 2181 3547">
     <span class='ocr_line' id='line_1_38' title="bbox 522 3470 2181 3547; baseline 0.004 -22"><span class='ocrx_word' id='word_1_253' title='bbox 522 3470 651 3543; x_wconf 92' lang='lat' dir='ltr'>ipse</span> <span class='ocrx_word' id='word_1_254' title='bbox 666 3471 841 3527; x_wconf 91' lang='lat' dir='ltr'>bonis</span> <span class='ocrx_word' id='word_1_255' title='bbox 855 3470 1008 3524; x_wconf 92' lang='lat' dir='ltr'>illius</span> <span class='ocrx_word' id='word_1_256' title='bbox 1025 3470 1185 3525; x_wconf 91' lang='lat' dir='ltr'>mala</span> <span class='ocrx_word' id='word_1_257' title='bbox 1203 3471 1507 3542; x_wconf 86' lang='lat' dir='ltr'>respondit</span> <span class='ocrx_word' id='word_1_258' title='bbox 1526 3477 2025 3547; x_wconf 91' lang='lat' dir='ltr'>enumerat,quod</span> <span class='ocrx_word' id='word_1_259' title='bbox 2044 3477 2181 3532; x_wconf 89' lang='lat' dir='ltr'>mire</span> 
     </span>
    </p>
   </div>
   <div class='ocr_carea' id='block_1_39' title="bbox 522 3559 2182 3635">
    <p class='ocr_par' dir='ltr' id='par_1_39' title="bbox 522 3559 2182 3635">
     <span class='ocr_line' id='line_1_39' title="bbox 522 3559 2182 3635; baseline 0.005 -23"><span class='ocrx_word' id='word_1_260' title='bbox 522 3559 599 3612; x_wconf 89' lang='lat' dir='ltr'>ad</span> <span class='ocrx_word' id='word_1_261' title='bbox 612 3574 682 3613; x_wconf 92' lang='lat' dir='ltr'>eo</span> <span class='ocrx_word' id='word_1_262' title='bbox 694 3559 1032 3631; x_wconf 88' lang='lat' dir='ltr'>conditus,q</span> <span class='ocrx_word' id='word_1_263' title='bbox 1044 3559 1162 3614; x_wconf 93' lang='lat' dir='ltr'>uod</span> <span class='ocrx_word' id='word_1_264' title='bbox 1182 3560 1443 3628; x_wconf 91' lang='lat' dir='ltr'>gratuito</span> <span class='ocrx_word' id='word_1_265' title='bbox 1460 3566 1744 3629; x_wconf 90' lang='lat' dir='ltr'>nutritus,</span> <span class='ocrx_word' id='word_1_266' title='bbox 1762 3565 1923 3635; x_wconf 91' lang='lat' dir='ltr'>quod</span> <span class='ocrx_word' id='word_1_267' title='bbox 1939 3566 2182 3621; x_wconf 90' lang='lat' dir='ltr'>rationis</span> 
     </span>
    </p>
   </div>
   <div class='ocr_carea' id='block_1_40' title="bbox 523 3646 2181 3723">
    <p class='ocr_par' dir='ltr' id='par_1_40' title="bbox 523 3646 2181 3723">
     <span class='ocr_line' id='line_1_40' title="bbox 523 3646 2181 3723; baseline 0.006 -23"><span class='ocrx_word' id='word_1_268' title='bbox 523 3646 930 3702; x_wconf 90' lang='lat' dir='ltr'>substantiain</span> <span class='ocrx_word' id='word_1_269' title='bbox 946 3648 1285 3703; x_wconf 89' lang='lat' dir='ltr'>conditione</span> <span class='ocrx_word' id='word_1_270' title='bbox 1302 3650 1526 3705; x_wconf 89' lang='lat' dir='ltr'>ditatus</span> <span class='ocrx_word' id='word_1_271' title='bbox 1550 3657 1658 3716; x_wconf 89' lang='lat' dir='ltr'>est,</span> <span class='ocrx_word' id='word_1_272' title='bbox 1673 3652 1838 3723; x_wconf 92' lang='lat' dir='ltr'>quod</span> <span class='ocrx_word' id='word_1_273' title='bbox 1855 3656 2181 3711; x_wconf 87' lang='lat' dir='ltr'>conditoris</span> 
     </span>
    </p>
   </div>
   <div class='ocr_carea' id='block_1_41' title="bbox 522 3736 2179 3814">
    <p class='ocr_par' dir='ltr' id='par_1_41' title="bbox 522 3736 2179 3814">
     <span class='ocr_line' id='line_1_41' title="bbox 522 3736 2179 3814; baseline 0.007 -24"><span class='ocrx_word' id='word_1_274' title='bbox 522 3736 715 3805; x_wconf 88' lang='lat' dir='ltr'>gratia</span> <span class='ocrx_word' id='word_1_275' title='bbox 745 3742 1012 3801; x_wconf 91' lang='lat' dir='ltr'>vocatus,</span> <span class='ocrx_word' id='word_1_276' title='bbox 1040 3738 1205 3810; x_wconf 92' lang='lat' dir='ltr'>quod</span> <span class='ocrx_word' id='word_1_277' title='bbox 1247 3738 1413 3810; x_wconf 90' lang='lat' dir='ltr'>sequi</span> <span class='ocrx_word' id='word_1_278' title='bbox 1447 3739 1574 3810; x_wconf 90' lang='lat' dir='ltr'>ipse</span> <span class='ocrx_word' id='word_1_279' title='bbox 1603 3746 1658 3796; x_wconf 88' lang='lat' dir='ltr'>et</span> <span class='ocrx_word' id='word_1_280' title='bbox 1688 3748 1940 3798; x_wconf 90' lang='lat' dir='ltr'>vocatus</span> <span class='ocrx_word' id='word_1_281' title='bbox 1969 3745 2179 3814; x_wconf 91' lang='lat' dir='ltr'>noluit,</span> 
     </span>
    </p>
   </div>
   <div class='ocr_carea' id='block_1_42' title="bbox 520 3823 2183 3896">
    <p class='ocr_par' dir='ltr' id='par_1_42' title="bbox 520 3823 2183 3896">
     <span class='ocr_line' id='line_1_42' title="bbox 520 3823 2183 3896; baseline 0.007 -18"><span class='ocrx_word' id='word_1_282' title='bbox 520 3823 689 3896; x_wconf 88' lang='lat' dir='ltr'>quod</span> <span class='ocrx_word' id='word_1_283' title='bbox 708 3824 977 3881; x_wconf 89' lang='lat' dir='ltr'>vocantis</span> <span class='ocrx_word' id='word_1_284' title='bbox 1005 3828 1416 3883; x_wconf 85' lang='lat' dir='ltr'>misericordia</span> <span class='ocrx_word' id='word_1_285' title='bbox 1439 3844 1547 3884; x_wconf 91' lang='lat' dir='ltr'>nec</span> <span class='ocrx_word' id='word_1_286' title='bbox 1571 3830 1819 3886; x_wconf 90' lang='lat' dir='ltr'>surdum</span> <span class='ocrx_word' id='word_1_287' title='bbox 1844 3832 2005 3888; x_wconf 86' lang='lat' dir='ltr'>hunc</span> <span class='ocrx_word' id='word_1_288' title='bbox 2030 3835 2183 3891; x_wconf 91' lang='lat' dir='ltr'>reni-</span> 
     </span>
    </p>
   </div>
   <div class='ocr_carea' id='block_1_43' title="bbox 521 3916 2181 3995">
    <p class='ocr_par' dir='ltr' id='par_1_43' title="bbox 521 3916 2181 3995">
     <span class='ocr_line' id='line_1_43' title="bbox 521 3916 2181 3995; baseline 0.006 -25"><span class='ocrx_word' id='word_1_289' title='bbox 521 3917 861 3985; x_wconf 87' lang='lat' dir='ltr'>tentemque</span> <span class='ocrx_word' id='word_1_290' title='bbox 887 3916 1175 3988; x_wconf 80' lang='lat' dir='ltr'>despexit,</span> <span class='ocrx_word' id='word_1_291' title='bbox 1200 3917 1367 3989; x_wconf 90' lang='lat' dir='ltr'>quod</span> <span class='ocrx_word' id='word_1_292' title='bbox 1392 3917 1759 3976; x_wconf 88' lang='lat' dir='ltr'>illuminatus</span> <span class='ocrx_word' id='word_1_293' title='bbox 1788 3922 1991 3988; x_wconf 88' lang='lat' dir='ltr'>donis,</span> <span class='ocrx_word' id='word_1_294' title='bbox 2016 3924 2181 3995; x_wconf 91' lang='lat' dir='ltr'>quod</span> 
     </span>
    </p>
   </div>
   <div class='ocr_carea' id='block_1_44' title="bbox 519 4006 2181 4079">
    <p class='ocr_par' dir='ltr' id='par_1_44' title="bbox 519 4006 2181 4079">
     <span class='ocr_line' id='line_1_44' title="bbox 519 4006 2181 4079; baseline 0.007 -20"><span class='ocrx_word' id='word_1_295' title='bbox 519 4020 629 4059; x_wconf 89' lang='lat' dir='ltr'>sua</span> <span class='ocrx_word' id='word_1_296' title='bbox 655 4008 867 4076; x_wconf 89' lang='lat' dir='ltr'>sponte</span> <span class='ocrx_word' id='word_1_297' title='bbox 894 4006 1096 4077; x_wconf 89' lang='lat' dir='ltr'>pravis</span> <span class='ocrx_word' id='word_1_298' title='bbox 1121 4008 1354 4062; x_wconf 91' lang='lat' dir='ltr'>actibus</span> <span class='ocrx_word' id='word_1_299' title='bbox 1382 4008 1564 4063; x_wconf 90' lang='lat' dir='ltr'>etiam</span> <span class='ocrx_word' id='word_1_300' title='bbox 1592 4014 1729 4079; x_wconf 92' lang='lat' dir='ltr'>post</span> <span class='ocrx_word' id='word_1_301' title='bbox 1743 4010 1905 4067; x_wconf 92' lang='lat' dir='ltr'>dona</span> <span class='ocrx_word' id='word_1_302' title='bbox 1926 4020 2181 4071; x_wconf 69' lang='lat' dir='ltr'>caacatus</span> 
     </span>
    </p>
   </div>
   <div class='ocr_carea' id='block_1_45' title="bbox 519 4094 2181 4169">
    <p class='ocr_par' dir='ltr' id='par_1_45' title="bbox 519 4094 2181 4169">
     <span class='ocr_line' id='line_1_45' title="bbox 519 4094 2181 4169; baseline 0.005 -19"><span class='ocrx_word' id='word_1_303' title='bbox 519 4098 630 4159; x_wconf 87' lang='lat' dir='ltr'>est,</span> <span class='ocrx_word' id='word_1_304' title='bbox 647 4094 813 4164; x_wconf 90' lang='lat' dir='ltr'>quod</span> <span class='ocrx_word' id='word_1_305' title='bbox 838 4110 874 4149; x_wconf 93' lang='lat' dir='ltr'>a</span> <span class='ocrx_word' id='word_1_306' title='bbox 894 4095 1176 4150; x_wconf 68' lang='lat' dir='ltr'>caecitatis</span> <span class='ocrx_word' id='word_1_307' title='bbox 1206 4111 1326 4151; x_wconf 63' lang='lat' dir='ltr'>suae</span> <span class='ocrx_word' id='word_1_308' title='bbox 1354 4096 1657 4151; x_wconf 89' lang='lat' dir='ltr'>erroribus</span> <span class='ocrx_word' id='word_1_309' title='bbox 1686 4104 1948 4169; x_wconf 62' lang='lat' dir='ltr'>paternae</span> <span class='ocrx_word' id='word_1_310' title='bbox 1972 4103 2181 4159; x_wconf 89' lang='lat' dir='ltr'>sollici-</span> 
     </span>
    </p>
   </div>
   <div class='ocr_carea' id='block_1_46' title="bbox 520 4181 2181 4256">
    <p class='ocr_par' dir='ltr' id='par_1_46' title="bbox 520 4181 2181 4256">
     <span class='ocr_line' id='line_1_46' title="bbox 520 4181 2181 4256; baseline 0.007 -20"><span class='ocrx_word' id='word_1_311' title='bbox 520 4181 750 4237; x_wconf 87' lang='lat' dir='ltr'>tudinis</span> <span class='ocrx_word' id='word_1_312' title='bbox 763 4181 1013 4253; x_wconf 91' lang='lat' dir='ltr'>ﬂagellis</span> <span class='ocrx_word' id='word_1_313' title='bbox 1026 4182 1321 4254; x_wconf 81' lang='lat' dir='ltr'>expiatus,</span> <span class='ocrx_word' id='word_1_314' title='bbox 1339 4184 1505 4256; x_wconf 90' lang='lat' dir='ltr'>quod</span> <span class='ocrx_word' id='word_1_315' title='bbox 1520 4202 1555 4240; x_wconf 91' lang='lat' dir='ltr'>a</span> <span class='ocrx_word' id='word_1_316' title='bbox 1568 4184 1943 4255; x_wconf 87' lang='lat' dir='ltr'>ﬂagellorum</span> <span class='ocrx_word' id='word_1_317' title='bbox 1957 4191 2181 4247; x_wconf 90' lang='lat' dir='ltr'>dolori-</span> 
     </span>
    </p>
   </div>
   <div class='ocr_carea' id='block_1_47' title="bbox 518 4270 2177 4341">
    <p class='ocr_par' dir='ltr' id='par_1_47' title="bbox 518 4270 2177 4341">
     <span class='ocr_line' id='line_1_47' title="bbox 518 4270 2177 4341; baseline 0.007 -16"><span class='ocrx_word' id='word_1_318' title='bbox 518 4271 634 4325; x_wconf 89' lang='lat' dir='ltr'>bus</span> <span class='ocrx_word' id='word_1_319' title='bbox 647 4270 724 4326; x_wconf 90' lang='lat' dir='ltr'>ad</span> <span class='ocrx_word' id='word_1_320' title='bbox 742 4271 947 4327; x_wconf 89' lang='lat' dir='ltr'>salutis</span> <span class='ocrx_word' id='word_1_321' title='bbox 961 4272 1185 4341; x_wconf 89' lang='lat' dir='ltr'>gaudia</span> <span class='ocrx_word' id='word_1_322' title='bbox 1199 4272 1618 4329; x_wconf 66' lang='lat' dir='ltr'>misericordiae</span> <span class='ocrx_word' id='word_1_323' title='bbox 1635 4275 2075 4336; x_wconf 88' lang='lat' dir='ltr'>medicamento</span> <span class='ocrx_word' id='word_1_324' title='bbox 2092 4297 2177 4336; x_wconf 81' lang='lat' dir='ltr'>re-</span> 
     </span>
    </p>
   </div>
   <div class='ocr_carea' id='block_1_48' title="bbox 520 4357 2178 4437">
    <p class='ocr_par' dir='ltr' id='par_1_48' title="bbox 520 4357 2178 4437">
     <span class='ocr_line' id='line_1_48' title="bbox 520 4357 2178 4437; baseline 0.008 -26"><span class='ocrx_word' id='word_1_325' title='bbox 520 4357 731 4413; x_wconf 91' lang='lat' dir='ltr'>ductus</span> <span class='ocrx_word' id='word_1_326' title='bbox 745 4360 1013 4431; x_wconf 85' lang='lat' dir='ltr'>est;quod</span> <span class='ocrx_word' id='word_1_327' title='bbox 1030 4360 1392 4433; x_wconf 87' lang='lat' dir='ltr'>quibusdam</span> <span class='ocrx_word' id='word_1_328' title='bbox 1410 4363 1683 4435; x_wconf 88' lang='lat' dir='ltr'>cuipis,et</span> <span class='ocrx_word' id='word_1_329' title='bbox 1698 4365 1747 4420; x_wconf 84' lang='lat' dir='ltr'>si</span> <span class='ocrx_word' id='word_1_330' title='bbox 1762 4381 1880 4421; x_wconf 90' lang='lat' dir='ltr'>non</span> <span class='ocrx_word' id='word_1_331' title='bbox 1901 4368 2178 4437; x_wconf 85' lang='lat' dir='ltr'>gravibus</span> 
     </span>
    </p>
   </div>
   <div class='ocr_carea' id='block_1_49' title="bbox 2278 461 3858 533">
    <p class='ocr_par' dir='ltr' id='par_1_49' title="bbox 2278 461 3858 533">
     <span class='ocr_line' id='line_1_49' title="bbox 2278 461 3858 533; baseline 0.003 -17"><span class='ocrx_word' id='word_1_332' title='bbox 2278 467 2585 533; x_wconf 89' lang='lat' dir='ltr'>reputans,</span> <span class='ocrx_word' id='word_1_333' title='bbox 2615 466 2948 533; x_wconf 85' lang='lat' dir='ltr'>torpentem</span> <span class='ocrx_word' id='word_1_334' title='bbox 2980 461 3250 517; x_wconf 90' lang='lat' dir='ltr'>animum</span> <span class='ocrx_word' id='word_1_335' title='bbox 3284 462 3357 517; x_wconf 89' lang='lat' dir='ltr'>ad</span> <span class='ocrx_word' id='word_1_336' title='bbox 3394 463 3641 518; x_wconf 88' lang='lat' dir='ltr'>lamenta</span> <span class='ocrx_word' id='word_1_337' title='bbox 3669 465 3858 527; x_wconf 81' lang='lat' dir='ltr'>excitat,</span> 
     </span>
    </p>
   </div>
   <div class='ocr_carea' id='block_1_50' title="bbox 2277 550 3865 624">
    <p class='ocr_par' dir='ltr' id='par_1_50' title="bbox 2277 550 3865 624">
     <span class='ocr_line' id='line_1_50' title="bbox 2277 550 3865 624; baseline 0.002 -19"><span class='ocrx_word' id='word_1_338' title='bbox 2277 550 2452 622; x_wconf 89' lang='lat' dir='ltr'>quasi</span> <span class='ocrx_word' id='word_1_339' title='bbox 2478 551 2553 605; x_wconf 91' lang='lat' dir='ltr'>ad</span> <span class='ocrx_word' id='word_1_340' title='bbox 2577 567 2714 605; x_wconf 93' lang='lat' dir='ltr'>eum</span> <span class='ocrx_word' id='word_1_341' title='bbox 2733 550 2918 605; x_wconf 88' lang='lat' dir='ltr'>verba</span> <span class='ocrx_word' id='word_1_342' title='bbox 2940 551 3439 608; x_wconf 78' lang='lat' dir='ltr'>contabulationis</span> <span class='ocrx_word' id='word_1_343' title='bbox 3463 552 3678 619; x_wconf 79' lang='lat' dir='ltr'>format,</span> <span class='ocrx_word' id='word_1_344' title='bbox 3693 552 3743 606; x_wconf 91' lang='lat' dir='ltr'>in</span> <span class='ocrx_word' id='word_1_345' title='bbox 3762 554 3865 624; x_wconf 88' lang='lat' dir='ltr'>qui-</span> 
     </span>
    </p>
   </div>
   <div class='ocr_carea' id='block_1_51' title="bbox 2278 638 3863 711">
    <p class='ocr_par' dir='ltr' id='par_1_51' title="bbox 2278 638 3863 711">
     <span class='ocr_line' id='line_1_51' title="bbox 2278 638 3863 711; baseline 0.001 -18"><span class='ocrx_word' id='word_1_346' title='bbox 2278 638 2391 693; x_wconf 92' lang='lat' dir='ltr'>bus</span> <span class='ocrx_word' id='word_1_347' title='bbox 2424 639 2808 710; x_wconf 88' lang='lat' dir='ltr'>semetipsum</span> <span class='ocrx_word' id='word_1_348' title='bbox 2851 644 3150 694; x_wconf 90' lang='lat' dir='ltr'>correctus</span> <span class='ocrx_word' id='word_1_349' title='bbox 3180 640 3456 708; x_wconf 86' lang='lat' dir='ltr'>inveniat,</span> <span class='ocrx_word' id='word_1_350' title='bbox 3486 644 3538 694; x_wconf 88' lang='lat' dir='ltr'>et</span> <span class='ocrx_word' id='word_1_351' title='bbox 3564 639 3635 694; x_wconf 91' lang='lat' dir='ltr'>ad</span> <span class='ocrx_word' id='word_1_352' title='bbox 3663 640 3740 695; x_wconf 91' lang='lat' dir='ltr'>sui</span> <span class='ocrx_word' id='word_1_353' title='bbox 3764 642 3863 711; x_wconf 87' lang='lat' dir='ltr'>jam</span> 
     </span>
    </p>
   </div>
   <div class='ocr_carea' id='block_1_52' title="bbox 2281 727 3866 800">
    <p class='ocr_par' dir='ltr' id='par_1_52' title="bbox 2281 727 3866 800">
     <span class='ocr_line' id='line_1_52' title="bbox 2281 727 3866 800; baseline 0 -17"><span class='ocrx_word' id='word_1_354' title='bbox 2281 727 2618 783; x_wconf 88' lang='lat' dir='ltr'>custodiam</span> <span class='ocrx_word' id='word_1_355' title='bbox 2634 727 2937 783; x_wconf 90' lang='lat' dir='ltr'>sollicitior</span> <span class='ocrx_word' id='word_1_356' title='bbox 2948 732 3240 799; x_wconf 88' lang='lat' dir='ltr'>exsurgat.</span> <span class='ocrx_word' id='word_1_357' title='bbox 3253 730 3412 785; x_wconf 88' lang='lat' dir='ltr'>Dicat</span> <span class='ocrx_word' id='word_1_358' title='bbox 3425 730 3609 800; x_wconf 88' lang='lat' dir='ltr'>itaque</span> <span class='ocrx_word' id='word_1_359' title='bbox 3622 728 3722 799; x_wconf 87' lang='lat' dir='ltr'>virj</span> <span class='ocrx_word' id='word_1_360' title='bbox 3734 736 3866 784; x_wconf 89' lang='lat' dir='ltr'>ustus</span> 
     </span>
    </p>
   </div>
   <div class='ocr_carea' id='block_1_53' title="bbox 2281 816 3869 889">
    <p class='ocr_par' dir='ltr' id='par_1_53' title="bbox 2281 816 3869 889">
     <span class='ocr_line' id='line_1_53' title="bbox 2281 816 3869 889; baseline 0.002 -18"><span class='ocrx_word' id='word_1_361' title='bbox 2281 832 2353 871; x_wconf 82' lang='lat' dir='ltr'>ex</span> <span class='ocrx_word' id='word_1_362' title='bbox 2371 832 2512 871; x_wconf 86' lang='lat' dir='ltr'>voce</span> <span class='ocrx_word' id='word_1_363' title='bbox 2536 832 2663 881; x_wconf 91' lang='lat' dir='ltr'>sua,</span> <span class='ocrx_word' id='word_1_364' title='bbox 2679 822 2735 871; x_wconf 93' lang='lat' dir='ltr'>et</span> <span class='ocrx_word' id='word_1_365' title='bbox 2760 821 2982 871; x_wconf 71' lang='lat' dir='ltr'>sanctae</span> <span class='ocrx_word' id='word_1_366' title='bbox 3002 816 3272 873; x_wconf 72' lang='lat' dir='ltr'>Ecclesia:</span> <span class='ocrx_word' id='word_1_367' title='bbox 3297 822 3500 889; x_wconf 88' lang='lat' dir='ltr'>typum</span> <span class='ocrx_word' id='word_1_368' title='bbox 3518 822 3725 883; x_wconf 89' lang='lat' dir='ltr'>tenens,</span> <span class='ocrx_word' id='word_1_369' title='bbox 3744 818 3869 873; x_wconf 82' lang='lat' dir='ltr'>dicat</span> 
     </span>
    </p>
   </div>
   <div class='ocr_carea' id='block_1_54' title="bbox 2281 906 3868 975">
    <p class='ocr_par' dir='ltr' id='par_1_54' title="bbox 2281 906 3868 975">
     <span class='ocr_line' id='line_1_54' title="bbox 2281 906 3868 975; baseline -0.003 -13"><span class='ocrx_word' id='word_1_370' title='bbox 2281 923 2350 962; x_wconf 84' lang='lat' dir='ltr'>ex</span> <span class='ocrx_word' id='word_1_371' title='bbox 2370 911 2576 961; x_wconf 89' lang='lat' dir='ltr'>nostra</span> <span class='ocrx_word' id='word_1_372' title='bbox 2593 924 2604 961; x_wconf 94' lang='lat'>:</span> <span class='ocrx_word' id='word_1_373' title='bbox 2623 906 3043 975; x_wconf 79' lang='lat' dir='ltr'>Confabulabor</span> <span class='ocrx_word' id='word_1_374' title='bbox 3055 924 3171 962; x_wconf 88' lang='lat' dir='ltr'>cum</span> <span class='ocrx_word' id='word_1_375' title='bbox 3186 908 3546 962; x_wconf 82' lang='lat' dir='ltr'>amaritudine</span> <span class='ocrx_word' id='word_1_376' title='bbox 3562 908 3739 962; x_wconf 68' lang='lat' dir='ltr'>anima:</span> <span class='ocrx_word' id='word_1_377' title='bbox 3753 925 3868 962; x_wconf 77' lang='lat' dir='ltr'>mea.</span> 
     </span>
    </p>
   </div>
   <div class='ocr_carea' id='block_1_55' title="bbox 2280 995 3871 1067">
    <p class='ocr_par' dir='ltr' id='par_1_55' title="bbox 2280 995 3871 1067">
     <span class='ocr_line' id='line_1_55' title="bbox 2280 995 3871 1067; baseline 0.001 -17"><span class='ocrx_word' id='word_1_378' title='bbox 2280 996 2358 1051; x_wconf 80' lang='lat' dir='ltr'>Ac</span> <span class='ocrx_word' id='word_1_379' title='bbox 2410 996 2455 1050; x_wconf 92' lang='lat' dir='ltr'>si</span> <span class='ocrx_word' id='word_1_380' title='bbox 2503 995 2767 1067; x_wconf 88' lang='lat' dir='ltr'>apertius</span> <span class='ocrx_word' id='word_1_381' title='bbox 2798 996 3078 1061; x_wconf 87' lang='lat' dir='ltr'>insinuet,</span> <span class='ocrx_word' id='word_1_382' title='bbox 3107 997 3311 1052; x_wconf 90' lang='lat' dir='ltr'>dicens</span> <span class='ocrx_word' id='word_1_383' title='bbox 3339 1016 3351 1053; x_wconf 89' lang='lat'>:</span> <span class='ocrx_word' id='word_1_384' title='bbox 3383 1000 3542 1052; x_wconf 87' lang='lat' dir='ltr'>Intus</span> <span class='ocrx_word' id='word_1_385' title='bbox 3580 1002 3765 1052; x_wconf 87' lang='lat' dir='ltr'>contra</span> <span class='ocrx_word' id='word_1_386' title='bbox 3797 1012 3871 1051; x_wconf 91' lang='lat' dir='ltr'>me</span> 
     </span>
    </p>
   </div>
   <div class='ocr_carea' id='block_1_56' title="bbox 2282 1085 3874 1158">
    <p class='ocr_par' dir='ltr' id='par_1_56' title="bbox 2282 1085 3874 1158">
     <span class='ocr_line' id='line_1_56' title="bbox 2282 1085 3874 1158; baseline 0 -18"><span class='ocrx_word' id='word_1_387' title='bbox 2282 1100 2420 1140; x_wconf 92' lang='lat' dir='ltr'>cum</span> <span class='ocrx_word' id='word_1_388' title='bbox 2455 1085 2651 1140; x_wconf 86' lang='lat' dir='ltr'>cordis</span> <span class='ocrx_word' id='word_1_389' title='bbox 2670 1086 2785 1140; x_wconf 88' lang='lat' dir='ltr'>mei</span> <span class='ocrx_word' id='word_1_390' title='bbox 2809 1085 3012 1141; x_wconf 92' lang='lat' dir='ltr'>dolore</span> <span class='ocrx_word' id='word_1_391' title='bbox 3036 1085 3362 1158; x_wconf 91' lang='lat' dir='ltr'>colloquor,</span> <span class='ocrx_word' id='word_1_392' title='bbox 3378 1092 3431 1142; x_wconf 93' lang='lat' dir='ltr'>et</span> <span class='ocrx_word' id='word_1_393' title='bbox 3452 1086 3587 1141; x_wconf 87' lang='lat' dir='ltr'>foris</span> <span class='ocrx_word' id='word_1_394' title='bbox 3612 1102 3696 1141; x_wconf 91' lang='lat' dir='ltr'>me</span> <span class='ocrx_word' id='word_1_395' title='bbox 3720 1103 3750 1142; x_wconf 90' lang='lat' dir='ltr'>a</span> <span class='ocrx_word' id='word_1_396' title='bbox 3774 1101 3874 1140; x_wconf 86' lang='lat' dir='ltr'>ver-</span> 
     </span>
    </p>
   </div>
   <div class='ocr_carea' id='block_1_57' title="bbox 2282 1174 3873 1247">
    <p class='ocr_par' dir='ltr' id='par_1_57' title="bbox 2282 1174 3873 1247">
     <span class='ocr_line' id='line_1_57' title="bbox 2282 1174 3873 1247; baseline 0.001 -18"><span class='ocrx_word' id='word_1_397' title='bbox 2282 1176 2416 1229; x_wconf 89' lang='lat' dir='ltr'>bere</span> <span class='ocrx_word' id='word_1_398' title='bbox 2440 1174 2654 1246; x_wconf 90' lang='lat' dir='ltr'>judicis</span> <span class='ocrx_word' id='word_1_399' title='bbox 2674 1174 3005 1230; x_wconf 91' lang='lat' dir='ltr'>abscondo.</span> <span class='ocrx_word' id='word_1_400' title='bbox 3028 1176 3140 1231; x_wconf 90' lang='lat' dir='ltr'>Sed</span> <span class='ocrx_word' id='word_1_401' title='bbox 3159 1192 3326 1231; x_wconf 90' lang='lat' dir='ltr'>mens</span> <span class='ocrx_word' id='word_1_402' title='bbox 3340 1177 3684 1247; x_wconf 66' lang='lat' dir='ltr'>poenitentiae</span> <span class='ocrx_word' id='word_1_403' title='bbox 3699 1176 3873 1231; x_wconf 89' lang='lat' dir='ltr'>dolori-</span> 
     </span>
    </p>
   </div>
   <div class='ocr_carea' id='block_1_58' title="bbox 2281 1264 3876 1337">
    <p class='ocr_par' dir='ltr' id='par_1_58' title="bbox 2281 1264 3876 1337">
     <span class='ocr_line' id='line_1_58' title="bbox 2281 1264 3876 1337; baseline -0.001 -17"><span class='ocrx_word' id='word_1_404' title='bbox 2281 1264 2395 1320; x_wconf 89' lang='lat' dir='ltr'>bus</span> <span class='ocrx_word' id='word_1_405' title='bbox 2436 1280 2644 1335; x_wconf 91' lang='lat' dir='ltr'>pressa</span> <span class='ocrx_word' id='word_1_406' title='bbox 2691 1265 2747 1319; x_wconf 92' lang='lat' dir='ltr'>in</span> <span class='ocrx_word' id='word_1_407' title='bbox 2810 1266 3131 1336; x_wconf 89' lang='lat' dir='ltr'>semetipsa</span> <span class='ocrx_word' id='word_1_408' title='bbox 3182 1265 3623 1335; x_wconf 86' lang='lat' dir='ltr'>constringitur,</span> <span class='ocrx_word' id='word_1_409' title='bbox 3663 1272 3815 1337; x_wconf 88' lang='lat' dir='ltr'>atque</span> <span class='ocrx_word' id='word_1_410' title='bbox 3850 1281 3876 1319; x_wconf 87' lang='lat' dir='ltr'>a</span> 
     </span>
    </p>
   </div>
   <div class='ocr_carea' id='block_1_59' title="bbox 2283 1353 3876 1427">
    <p class='ocr_par' dir='ltr' id='par_1_59' title="bbox 2283 1353 3876 1427">
     <span class='ocr_line' id='line_1_59' title="bbox 2283 1353 3876 1427; baseline 0 -18"><span class='ocrx_word' id='word_1_411' title='bbox 2283 1354 2512 1409; x_wconf 90' lang='lat' dir='ltr'>cunctis</span> <span class='ocrx_word' id='word_1_412' title='bbox 2531 1353 3009 1409; x_wconf 87' lang='lat' dir='ltr'>delectationibus</span> <span class='ocrx_word' id='word_1_413' title='bbox 3033 1356 3227 1409; x_wconf 90' lang='lat' dir='ltr'>carnis</span> <span class='ocrx_word' id='word_1_414' title='bbox 3242 1355 3374 1410; x_wconf 88' lang='lat' dir='ltr'>forti</span> <span class='ocrx_word' id='word_1_415' title='bbox 3392 1356 3725 1425; x_wconf 87' lang='lat' dir='ltr'>cogitatione</span> <span class='ocrx_word' id='word_1_416' title='bbox 3742 1370 3876 1427; x_wconf 85' lang='lat' dir='ltr'>sepa-</span> 
     </span>
    </p>
   </div>
   <div class='ocr_carea' id='block_1_60' title="bbox 2284 1443 3878 1517">
    <p class='ocr_par' dir='ltr' id='par_1_60' title="bbox 2284 1443 3878 1517">
     <span class='ocr_line' id='line_1_60' title="bbox 2284 1443 3878 1517; baseline -0.001 -18"><span class='ocrx_word' id='word_1_417' title='bbox 2284 1448 2466 1513; x_wconf 90' lang='lat' dir='ltr'>ratur,</span> <span class='ocrx_word' id='word_1_418' title='bbox 2483 1443 2553 1498; x_wconf 88' lang='lat' dir='ltr'>ad</span> <span class='ocrx_word' id='word_1_419' title='bbox 2577 1458 2815 1498; x_wconf 89' lang='lat' dir='ltr'>summa</span> <span class='ocrx_word' id='word_1_420' title='bbox 2839 1443 3126 1514; x_wconf 83' lang='lat' dir='ltr'>proficere</span> <span class='ocrx_word' id='word_1_421' title='bbox 3157 1445 3407 1517; x_wconf 88' lang='lat' dir='ltr'>appetit,</span> <span class='ocrx_word' id='word_1_422' title='bbox 3429 1455 3484 1500; x_wconf 89' lang='lat' dir='ltr'>et</span> <span class='ocrx_word' id='word_1_423' title='bbox 3505 1451 3693 1500; x_wconf 90' lang='lat' dir='ltr'>tamen</span> <span class='ocrx_word' id='word_1_424' title='bbox 3719 1444 3878 1499; x_wconf 88' lang='lat' dir='ltr'>adhuc</span> 
     </span>
    </p>
   </div>
   <div class='ocr_carea' id='block_1_61' title="bbox 2285 1532 3875 1604">
    <p class='ocr_par' dir='ltr' id='par_1_61' title="bbox 2285 1532 3875 1604">
     <span class='ocr_line' id='line_1_61' title="bbox 2285 1532 3875 1604; baseline -0.001 -18"><span class='ocrx_word' id='word_1_425' title='bbox 2285 1532 2354 1587; x_wconf 92' lang='lat' dir='ltr'>de</span> <span class='ocrx_word' id='word_1_426' title='bbox 2398 1532 2777 1604; x_wconf 89' lang='lat' dir='ltr'>corruptione</span> <span class='ocrx_word' id='word_1_427' title='bbox 2828 1533 3095 1604; x_wconf 88' lang='lat' dir='ltr'>corporis</span> <span class='ocrx_word' id='word_1_428' title='bbox 3150 1534 3669 1590; x_wconf 88' lang='lat' dir='ltr'>contradictionem</span> <span class='ocrx_word' id='word_1_429' title='bbox 3719 1533 3875 1588; x_wconf 88' lang='lat' dir='ltr'>sentit.</span> 
     </span>
    </p>
   </div>
   <div class='ocr_carea' id='block_1_62' title="bbox 2287 1623 3226 1694">
    <p class='ocr_par' dir='ltr' id='par_1_62' title="bbox 2287 1623 3226 1694">
     <span class='ocr_line' id='line_1_62' title="bbox 2287 1623 3226 1694; baseline 0 -17"><span class='ocrx_word' id='word_1_430' title='bbox 2287 1623 2451 1678; x_wconf 89' lang='lat' dir='ltr'>Unde</span> <span class='ocrx_word' id='word_1_431' title='bbox 2482 1626 2537 1678; x_wconf 93' lang='lat' dir='ltr'>et</span> <span class='ocrx_word' id='word_1_432' title='bbox 2567 1628 2702 1694; x_wconf 88' lang='lat' dir='ltr'>apte</span> <span class='ocrx_word' id='word_1_433' title='bbox 2735 1638 2870 1678; x_wconf 86' lang='lat' dir='ltr'>mox</span> <span class='ocrx_word' id='word_1_434' title='bbox 2905 1623 3182 1678; x_wconf 88' lang='lat' dir='ltr'>subditur</span> <span class='ocrx_word' id='word_1_435' title='bbox 3210 1640 3226 1677; x_wconf 92' lang='lat'><strong>:</strong></span> 
     </span>
    </p>
   </div>
   <div class='ocr_carea' id='block_1_63' title="bbox 2890 1739 3329 1796">
    <p class='ocr_par' dir='ltr' id='par_1_63' title="bbox 2890 1739 3329 1796">
     <span class='ocr_line' id='line_1_63' title="bbox 2890 1739 3329 1796; baseline 0 -3"><span class='ocrx_word' id='word_1_436' title='bbox 2890 1740 3110 1795; x_wconf 80' lang='lat' dir='ltr'>CAPUT</span> <span class='ocrx_word' id='word_1_437' title='bbox 3146 1739 3329 1796; x_wconf 81' lang='lat' dir='ltr'>XXIII.</span> 
     </span>
    </p>
   </div>
   <div class='ocr_carea' id='block_1_64' title="bbox 2356 1855 3883 1927">
    <p class='ocr_par' dir='ltr' id='par_1_64' title="bbox 2356 1855 3883 1927">
     <span class='ocr_line' id='line_1_64' title="bbox 2356 1855 3883 1927; baseline -0.001 -17"><span class='ocrx_word' id='word_1_438' title='bbox 2356 1855 2523 1910; x_wconf 71' lang='lat' dir='ltr'>Vnus.</span> <span class='ocrx_word' id='word_1_439' title='bbox 2552 1856 2639 1909; x_wconf 79' lang='lat' dir='ltr'>t2.</span> <span class='ocrx_word' id='word_1_440' title='bbox 2671 1885 2739 1895; x_wconf 94' lang='lat'>—</span> <span class='ocrx_word' id='word_1_441' title='bbox 2761 1855 3023 1925; x_wconf 81' lang='lat' dir='ltr'>Nunquid</span> <span class='ocrx_word' id='word_1_442' title='bbox 3054 1873 3203 1911; x_wconf 85' lang='lat' dir='ltr'>mare</span> <span class='ocrx_word' id='word_1_443' title='bbox 3238 1873 3355 1912; x_wconf 89' lang='lat' dir='ltr'>sum</span> <span class='ocrx_word' id='word_1_444' title='bbox 3380 1874 3490 1927; x_wconf 89' lang='lat' dir='ltr'>ego,</span> <span class='ocrx_word' id='word_1_445' title='bbox 3516 1864 3607 1912; x_wconf 89' lang='lat' dir='ltr'>aut</span> <span class='ocrx_word' id='word_1_446' title='bbox 3628 1864 3772 1920; x_wconf 84' lang='lat' dir='ltr'>cetus,</span> <span class='ocrx_word' id='word_1_447' title='bbox 3786 1855 3883 1927; x_wconf 78' lang='lat' dir='ltr'>quia</span> 
     </span>
    </p>
   </div>
   <div class='ocr_carea' id='block_1_65' title="bbox 2286 1944 3087 2000">
    <p class='ocr_par' dir='ltr' id='par_1_65' title="bbox 2286 1944 3087 2000">
     <span class='ocr_line' id='line_1_65' title="bbox 2286 1944 3087 2000; baseline -0.002 -1"><span class='ocrx_word' id='word_1_448' title='bbox 2286 1944 2696 2000; x_wconf 80' lang='lat' dir='ltr'>circumdedisti</span> <span class='ocrx_word' id='word_1_449' title='bbox 2719 1962 2801 1998; x_wconf 87' lang='lat' dir='ltr'>me</span> <span class='ocrx_word' id='word_1_450' title='bbox 2822 1961 3038 1999; x_wconf 83' lang='lat' dir='ltr'>carcere</span> <span class='ocrx_word' id='word_1_451' title='bbox 3059 1946 3087 1997; x_wconf 83' lang='lat'><strong><em>?</em></strong></span> 
     </span>
    </p>
   </div>
   <div class='ocr_carea' id='block_1_66' title="bbox 2358 2034 3885 2104">
    <p class='ocr_par' dir='ltr' id='par_1_66' title="bbox 2358 2034 3885 2104">
     <span class='ocr_line' id='line_1_66' title="bbox 2358 2034 3885 2104; baseline 0 -15"><span class='ocrx_word' id='word_1_452' title='bbox 2358 2038 2445 2090; x_wconf 86' lang='lat'>39.</span> <span class='ocrx_word' id='word_1_453' title='bbox 2482 2034 2709 2088; x_wconf 76' lang='lat' dir='ltr'>Carcere</span> <span class='ocrx_word' id='word_1_454' title='bbox 2742 2037 3194 2104; x_wconf 84' lang='lat' dir='ltr'>constringuntur</span> <span class='ocrx_word' id='word_1_455' title='bbox 3236 2035 3407 2102; x_wconf 79' lang='lat' dir='ltr'>homo,</span> <span class='ocrx_word' id='word_1_456' title='bbox 3450 2036 3700 2100; x_wconf 74' lang='lat' dir='ltr'>diabolus,</span> <span class='ocrx_word' id='word_1_457' title='bbox 3729 2052 3885 2091; x_wconf 77' lang='lat' dir='ltr'>carna-</span> 
     </span>
    </p>
   </div>
   <div class='ocr_carea' id='block_1_67' title="bbox 2290 2132 3883 2204">
    <p class='ocr_par' dir='ltr' id='par_1_67' title="bbox 2290 2132 3883 2204">
     <span class='ocr_line' id='line_1_67' title="bbox 2290 2132 3883 2204; baseline 0.001 -17"><span class='ocrx_word' id='word_1_458' title='bbox 2290 2134 2360 2187; x_wconf 84' lang='lat' dir='ltr'>les</span> <span class='ocrx_word' id='word_1_459' title='bbox 2389 2150 2407 2199; x_wconf 93' lang='lat'><strong><em>;</em></strong></span> <span class='ocrx_word' id='word_1_460' title='bbox 2433 2149 2552 2187; x_wconf 90' lang='lat' dir='ltr'>cum</span> <span class='ocrx_word' id='word_1_461' title='bbox 2576 2132 2713 2203; x_wconf 89' lang='lat' dir='ltr'>quod</span> <span class='ocrx_word' id='word_1_462' title='bbox 2744 2133 2926 2187; x_wconf 87' lang='lat' dir='ltr'>volunt</span> <span class='ocrx_word' id='word_1_463' title='bbox 2960 2134 3187 2204; x_wconf 83' lang='lat' dir='ltr'>implere</span> <span class='ocrx_word' id='word_1_464' title='bbox 3217 2151 3318 2188; x_wconf 89' lang='lat' dir='ltr'>non</span> <span class='ocrx_word' id='word_1_465' title='bbox 3369 2134 3568 2189; x_wconf 83' lang='lat' dir='ltr'>valent.</span> <span class='ocrx_word' id='word_1_466' title='bbox 3597 2164 3656 2175; x_wconf 89' lang='lat'><strong>—</strong></span> <span class='ocrx_word' id='word_1_467' title='bbox 3688 2138 3883 2191; x_wconf 86' lang='lat' dir='ltr'>Carcere</span> 
     </span>
    </p>
   </div>
   <div class='ocr_carea' id='block_1_68' title="bbox 2287 2222 3886 2296">
    <p class='ocr_par' dir='ltr' id='par_1_68' title="bbox 2287 2222 3886 2296">
     <span class='ocr_line' id='line_1_68' title="bbox 2287 2222 3886 2296; baseline 0 -18"><span class='ocrx_word' id='word_1_468' title='bbox 2287 2223 2471 2278; x_wconf 90' lang='lat' dir='ltr'>homo</span> <span class='ocrx_word' id='word_1_469' title='bbox 2485 2222 3055 2294; x_wconf 89' lang='lat' dir='ltr'>circumdatur,quia</span> <span class='ocrx_word' id='word_1_470' title='bbox 3069 2223 3425 2296; x_wconf 87' lang='lat' dir='ltr'>plerumque</span> <span class='ocrx_word' id='word_1_471' title='bbox 3442 2226 3773 2280; x_wconf 90' lang='lat' dir='ltr'>etvirtutum</span> <span class='ocrx_word' id='word_1_472' title='bbox 3788 2239 3886 2295; x_wconf 88' lang='lat' dir='ltr'>pro-</span> 
     </span>
    </p>
   </div>
   <div class='ocr_carea' id='block_1_69' title="bbox 2289 2310 3888 2381">
    <p class='ocr_par' dir='ltr' id='par_1_69' title="bbox 2289 2310 3888 2381">
     <span class='ocr_line' id='line_1_69' title="bbox 2289 2310 3888 2381; baseline 0.001 -16"><span class='ocrx_word' id='word_1_473' title='bbox 2289 2311 2554 2366; x_wconf 77' lang='lat' dir='ltr'>vectibus</span> <span class='ocrx_word' id='word_1_474' title='bbox 2583 2311 2660 2365; x_wconf 91' lang='lat' dir='ltr'>ad</span> <span class='ocrx_word' id='word_1_475' title='bbox 2679 2310 2797 2367; x_wconf 88' lang='lat' dir='ltr'>alta</span> <span class='ocrx_word' id='word_1_476' title='bbox 2824 2327 3143 2381; x_wconf 82' lang='lat' dir='ltr'>exsurgere</span> <span class='ocrx_word' id='word_1_477' title='bbox 3174 2313 3404 2379; x_wconf 89' lang='lat' dir='ltr'>nititur,</span> <span class='ocrx_word' id='word_1_478' title='bbox 3438 2320 3493 2370; x_wconf 91' lang='lat' dir='ltr'>et</span> <span class='ocrx_word' id='word_1_479' title='bbox 3524 2318 3712 2369; x_wconf 87' lang='lat' dir='ltr'>tamen</span> <span class='ocrx_word' id='word_1_480' title='bbox 3734 2314 3888 2369; x_wconf 88' lang='lat' dir='ltr'>carnis</span> 
     </span>
    </p>
   </div>
   <div class='ocr_carea' id='block_1_70' title="bbox 2290 2401 3889 2472">
    <p class='ocr_par' dir='ltr' id='par_1_70' title="bbox 2290 2401 3889 2472">
     <span class='ocr_line' id='line_1_70' title="bbox 2290 2401 3889 2472; baseline 0 -18"><span class='ocrx_word' id='word_1_481' title='bbox 2290 2417 2413 2455; x_wconf 68' lang='lat' dir='ltr'>suae</span> <span class='ocrx_word' id='word_1_482' title='bbox 2436 2402 2810 2472; x_wconf 86' lang='lat' dir='ltr'>corruptione</span> <span class='ocrx_word' id='word_1_483' title='bbox 2833 2401 3212 2471; x_wconf 69' lang='lat' dir='ltr'>praepeditur.</span> <span class='ocrx_word' id='word_1_484' title='bbox 3229 2404 3358 2467; x_wconf 90' lang='lat' dir='ltr'>Qua</span> <span class='ocrx_word' id='word_1_485' title='bbox 3380 2403 3535 2459; x_wconf 92' lang='lat' dir='ltr'>bene</span> <span class='ocrx_word' id='word_1_486' title='bbox 3551 2405 3678 2458; x_wconf 86' lang='lat' dir='ltr'>exui</span> <span class='ocrx_word' id='word_1_487' title='bbox 3694 2401 3889 2457; x_wconf 87' lang='lat' dir='ltr'>Psalmi-</span> 
     </span>
    </p>
   </div>
   <div class='ocr_carea' id='block_1_71' title="bbox 2291 2489 3886 2559">
    <p class='ocr_par' dir='ltr' id='par_1_71' title="bbox 2291 2489 3886 2559">
     <span class='ocr_line' id='line_1_71' title="bbox 2291 2489 3886 2559; baseline -0.001 -15"><span class='ocrx_word' id='word_1_488' title='bbox 2291 2494 2382 2545; x_wconf 90' lang='lat' dir='ltr'>sta</span> <span class='ocrx_word' id='word_1_489' title='bbox 2446 2490 2816 2559; x_wconf 89' lang='lat' dir='ltr'>deprecatur,</span> <span class='ocrx_word' id='word_1_490' title='bbox 2845 2489 3051 2545; x_wconf 91' lang='lat' dir='ltr'>dicens</span> <span class='ocrx_word' id='word_1_491' title='bbox 3085 2510 3096 2549; x_wconf 92' lang='lat'><strong>:</strong></span> <span class='ocrx_word' id='word_1_492' title='bbox 3140 2491 3293 2547; x_wconf 86' lang='lat' dir='ltr'>Educ</span> <span class='ocrx_word' id='word_1_493' title='bbox 3329 2492 3396 2547; x_wconf 87' lang='lat' dir='ltr'>de</span> <span class='ocrx_word' id='word_1_494' title='bbox 3446 2509 3653 2548; x_wconf 82' lang='lat' dir='ltr'>carcere</span> <span class='ocrx_word' id='word_1_495' title='bbox 3695 2492 3886 2546; x_wconf 82' lang='lat' dir='ltr'>animam</span> 
     </span>
    </p>
   </div>
   <div class='ocr_carea' id='block_1_72' title="bbox 2290 2578 3886 2654">
    <p class='ocr_par' dir='ltr' id='par_1_72' title="bbox 2290 2578 3886 2654">
     <span class='ocr_line' id='line_1_72' title="bbox 2290 2578 3886 2654; baseline -0.001 -22"><span class='ocrx_word' id='word_1_496' title='bbox 2290 2596 2479 2644; x_wconf 87' lang='lat' dir='ltr'>meam,</span> <span class='ocrx_word' id='word_1_497' title='bbox 2538 2578 2608 2632; x_wconf 89' lang='lat' dir='ltr'>ad</span> <span class='ocrx_word' id='word_1_498' title='bbox 2645 2579 2999 2649; x_wconf 79' lang='lat' dir='ltr'>conﬁtendum</span> <span class='ocrx_word' id='word_1_499' title='bbox 3054 2582 3260 2635; x_wconf 88' lang='lat' dir='ltr'>nomini</span> <span class='ocrx_word' id='word_1_500' title='bbox 3312 2588 3409 2639; x_wconf 89' lang='lat' dir='ltr'>tuo</span> <span class='ocrx_word' id='word_1_501' title='bbox 3454 2583 3621 2654; x_wconf 78' lang='lat' dir='ltr'>[PsaL</span> <span class='ocrx_word' id='word_1_502' title='bbox 3660 2598 3782 2645; x_wconf 68' lang='grc' dir='ltr'>(ιω,</span> <span class='ocrx_word' id='word_1_503' title='bbox 3829 2582 3886 2647; x_wconf 88' lang='lat'>8).</span> 
     </span>
    </p>
   </div>
   <div class='ocr_carea' id='block_1_73' title="bbox 2294 2668 3890 2739">
    <p class='ocr_par' dir='ltr' id='par_1_73' title="bbox 2294 2668 3890 2739">
     <span class='ocr_line' id='line_1_73' title="bbox 2294 2668 3890 2739; baseline 0 -17"><span class='ocrx_word' id='word_1_504' title='bbox 2294 2668 2446 2733; x_wconf 87' lang='lat' dir='ltr'>Quid</span> <span class='ocrx_word' id='word_1_505' title='bbox 2469 2684 2605 2723; x_wconf 89' lang='lat' dir='ltr'>vero</span> <span class='ocrx_word' id='word_1_506' title='bbox 2631 2669 3029 2739; x_wconf 87' lang='lat' dir='ltr'>appellatione</span> <span class='ocrx_word' id='word_1_507' title='bbox 3049 2671 3253 2733; x_wconf 89' lang='lat' dir='ltr'>maris,</span> <span class='ocrx_word' id='word_1_508' title='bbox 3271 2671 3390 2727; x_wconf 91' lang='lat' dir='ltr'>nisi</span> <span class='ocrx_word' id='word_1_509' title='bbox 3413 2671 3593 2727; x_wconf 91' lang='lat' dir='ltr'>corda</span> <span class='ocrx_word' id='word_1_510' title='bbox 3615 2669 3890 2726; x_wconf 86' lang='lat' dir='ltr'>carnalium</span> 
     </span>
    </p>
   </div>
   <div class='ocr_carea' id='block_1_74' title="bbox 2292 2756 3891 2833">
    <p class='ocr_par' dir='ltr' id='par_1_74' title="bbox 2292 2756 3891 2833">
     <span class='ocr_line' id='line_1_74' title="bbox 2292 2756 3891 2833; baseline 0.001 -22"><span class='ocrx_word' id='word_1_511' title='bbox 2292 2756 2581 2812; x_wconf 81' lang='lat' dir='ltr'>btumidis</span> <span class='ocrx_word' id='word_1_512' title='bbox 2595 2758 3053 2826; x_wconf 84' lang='lat' dir='ltr'>cogitationibus</span> <span class='ocrx_word' id='word_1_513' title='bbox 3067 2760 3357 2816; x_wconf 86' lang='lat' dir='ltr'>ﬂuctuosa</span> <span class='ocrx_word' id='word_1_514' title='bbox 3375 2763 3579 2833; x_wconf 73' lang='lat'>;260</span> <span class='ocrx_word' id='word_1_515' title='bbox 3594 2762 3720 2832; x_wconf 84' lang='lat' dir='ltr'>quid</span> <span class='ocrx_word' id='word_1_516' title='bbox 3733 2764 3891 2815; x_wconf 81' lang='lat' dir='ltr'>autem</span> 
     </span>
    </p>
   </div>
   <div class='ocr_carea' id='block_1_75' title="bbox 2294 2844 3891 2921">
    <p class='ocr_par' dir='ltr' id='par_1_75' title="bbox 2294 2844 3891 2921">
     <span class='ocr_line' id='line_1_75' title="bbox 2294 2844 3891 2921; baseline -0.001 -21"><span class='ocrx_word' id='word_1_517' title='bbox 2294 2846 2400 2901; x_wconf 90' lang='lat' dir='ltr'>ceti</span> <span class='ocrx_word' id='word_1_518' title='bbox 2448 2846 2709 2909; x_wconf 89' lang='lat' dir='ltr'>nomine.</span> <span class='ocrx_word' id='word_1_519' title='bbox 2735 2846 2844 2901; x_wconf 91' lang='lat' dir='ltr'>nisi</span> <span class='ocrx_word' id='word_1_520' title='bbox 2877 2848 3163 2919; x_wconf 90' lang='lat' dir='ltr'>antiquus</span> <span class='ocrx_word' id='word_1_521' title='bbox 3193 2848 3382 2904; x_wconf 91' lang='lat' dir='ltr'>hostis</span> <span class='ocrx_word' id='word_1_522' title='bbox 3415 2847 3786 2921; x_wconf 74' lang='lat' dir='ltr'>exprimitur?</span> <span class='ocrx_word' id='word_1_523' title='bbox 3808 2844 3891 2911; x_wconf 81' lang='lat' dir='ltr'>Qui</span> 
     </span>
    </p>
   </div>
   <div class='ocr_carea' id='block_1_76' title="bbox 2292 2934 3891 3010">
    <p class='ocr_par' dir='ltr' id='par_1_76' title="bbox 2292 2934 3891 3010">
     <span class='ocr_line' id='line_1_76' title="bbox 2292 2934 3891 3010; baseline 0 -21"><span class='ocrx_word' id='word_1_524' title='bbox 2292 2934 2439 2990; x_wconf 91' lang='lat' dir='ltr'>dum</span> <span class='ocrx_word' id='word_1_525' title='bbox 2480 2940 2709 2990; x_wconf 87' lang='lat' dir='ltr'>mentes</span> <span class='ocrx_word' id='word_1_526' title='bbox 2738 2946 2766 2980; x_wconf 80' lang='grc' dir='ltr'><strong>ο</strong></span> <span class='ocrx_word' id='word_1_527' title='bbox 2814 2936 3185 2992; x_wconf 69' lang='lat' dir='ltr'>saecularium</span> <span class='ocrx_word' id='word_1_528' title='bbox 3245 2940 3611 3009; x_wconf 89' lang='lat' dir='ltr'>possidendo</span> <span class='ocrx_word' id='word_1_529' title='bbox 3652 2938 3891 3010; x_wconf 85' lang='lat' dir='ltr'>penetrat,</span> 
     </span>
    </p>
   </div>
   <div class='ocr_carea' id='block_1_77' title="bbox 2242 3024 3892 3107">
    <p class='ocr_par' dir='ltr' id='par_1_77' title="bbox 2242 3024 3892 3107">
     <span class='ocr_line' id='line_1_77' title="bbox 2242 3024 3892 3107; baseline -0.002 -28"><span class='ocrx_word' id='word_1_530' title='bbox 2242 3090 2256 3107; x_wconf 37' lang='grc' dir='ltr'><strong>η</strong></span> <span class='ocrx_word' id='word_1_531' title='bbox 2292 3025 2321 3068; x_wconf 80' lang='lat' dir='ltr'>d</span> <span class='ocrx_word' id='word_1_532' title='bbox 2346 3026 2515 3095; x_wconf 90' lang='lat' dir='ltr'>quasi</span> <span class='ocrx_word' id='word_1_533' title='bbox 2536 3024 2593 3079; x_wconf 90' lang='lat' dir='ltr'>in</span> <span class='ocrx_word' id='word_1_534' title='bbox 2611 3040 2819 3080; x_wconf 90' lang='lat' dir='ltr'>eorum</span> <span class='ocrx_word' id='word_1_535' title='bbox 2837 3025 3063 3081; x_wconf 90' lang='lat' dir='ltr'>lubrica</span> <span class='ocrx_word' id='word_1_536' title='bbox 3080 3026 3446 3095; x_wconf 83' lang='lat' dir='ltr'>cogitatione</span> <span class='ocrx_word' id='word_1_537' title='bbox 3464 3027 3753 3085; x_wconf 89' lang='lat' dir='ltr'>natat.Sed</span> <span class='ocrx_word' id='word_1_538' title='bbox 3764 3030 3892 3080; x_wconf 86' lang='lat' dir='ltr'>cetus</span> 
     </span>
    </p>
   </div>
   <div class='ocr_carea' id='block_1_78' title="bbox 2294 3112 3895 3190">
    <p class='ocr_par' dir='ltr' id='par_1_78' title="bbox 2294 3112 3895 3190">
     <span class='ocr_line' id='line_1_78' title="bbox 2294 3112 3895 3190; baseline 0.001 -23"><span class='ocrx_word' id='word_1_539' title='bbox 2294 3129 2526 3168; x_wconf 84' lang='lat' dir='ltr'>carcere</span> <span class='ocrx_word' id='word_1_540' title='bbox 2546 3113 2868 3184; x_wconf 86' lang='lat' dir='ltr'>stringitur,</span> <span class='ocrx_word' id='word_1_541' title='bbox 2883 3115 3026 3186; x_wconf 89' lang='lat' dir='ltr'>quia</span> <span class='ocrx_word' id='word_1_542' title='bbox 3040 3116 3345 3187; x_wconf 85' lang='lat' dir='ltr'>malignus</span> <span class='ocrx_word' id='word_1_543' title='bbox 3368 3118 3628 3190; x_wconf 89' lang='lat' dir='ltr'>spiritus,</span> <span class='ocrx_word' id='word_1_544' title='bbox 3642 3112 3895 3172; x_wconf 82' lang='lat' dir='ltr'>ininferio-</span> 
     </span>
    </p>
   </div>
   <div class='ocr_carea' id='block_1_79' title="bbox 2294 3210 3892 3288">
    <p class='ocr_par' dir='ltr' id='par_1_79' title="bbox 2294 3210 3892 3288">
     <span class='ocr_line' id='line_1_79' title="bbox 2294 3210 3892 3288; baseline -0.001 -23"><span class='ocrx_word' id='word_1_545' title='bbox 2294 3210 2460 3265; x_wconf 91' lang='lat' dir='ltr'>ribus</span> <span class='ocrx_word' id='word_1_546' title='bbox 2499 3211 2786 3282; x_wconf 91' lang='lat' dir='ltr'>dejectus,</span> <span class='ocrx_word' id='word_1_547' title='bbox 2817 3229 2890 3267; x_wconf 95' lang='lat' dir='ltr'>ne</span> <span class='ocrx_word' id='word_1_548' title='bbox 2921 3212 2995 3268; x_wconf 90' lang='lat' dir='ltr'>ad</span> <span class='ocrx_word' id='word_1_549' title='bbox 3031 3213 3287 3270; x_wconf 70' lang='lat' dir='ltr'>caelestia</span> <span class='ocrx_word' id='word_1_550' title='bbox 3331 3217 3571 3272; x_wconf 89' lang='lat' dir='ltr'>evolare</span> <span class='ocrx_word' id='word_1_551' title='bbox 3610 3212 3892 3288; x_wconf 72' lang='lat' dir='ltr'>praevaleat,</span> 
     </span>
    </p>
   </div>
   <div class='ocr_carea' id='block_1_80' title="bbox 2294 3299 3893 3373">
    <p class='ocr_par' dir='ltr' id='par_1_80' title="bbox 2294 3299 3893 3373">
     <span class='ocr_line' id='line_1_80' title="bbox 2294 3299 3893 3373; baseline -0.001 -19"><span class='ocrx_word' id='word_1_552' title='bbox 2294 3316 2487 3373; x_wconf 70' lang='lat' dir='ltr'>paena:</span> <span class='ocrx_word' id='word_1_553' title='bbox 2506 3318 2630 3355; x_wconf 64' lang='lat' dir='ltr'>suae</span> <span class='ocrx_word' id='word_1_554' title='bbox 2659 3301 2923 3372; x_wconf 89' lang='lat' dir='ltr'>pondere</span> <span class='ocrx_word' id='word_1_555' title='bbox 2946 3307 3482 3365; x_wconf 88' lang='lat' dir='ltr'>coarctatur.Petro</span> <span class='ocrx_word' id='word_1_556' title='bbox 3507 3299 3893 3372; x_wconf 88' lang='lat' dir='ltr'>attestante,qui</span> 
     </span>
    </p>
   </div>
   <div class='ocr_carea' id='block_1_81' title="bbox 2295 3390 3894 3465">
    <p class='ocr_par' dir='ltr' id='par_1_81' title="bbox 2295 3390 3894 3465">
     <span class='ocr_line' id='line_1_81' title="bbox 2295 3390 3894 3465; baseline -0.001 -20"><span class='ocrx_word' id='word_1_557' title='bbox 2295 3390 2373 3445; x_wconf 87' lang='lat' dir='ltr'>ait</span> <span class='ocrx_word' id='word_1_558' title='bbox 2401 3406 2412 3443; x_wconf 95' lang='lat'><strong>:</strong></span> <span class='ocrx_word' id='word_1_559' title='bbox 2445 3391 2587 3445; x_wconf 86' lang='lat' dir='ltr'>Deus</span> <span class='ocrx_word' id='word_1_560' title='bbox 2614 3390 2817 3461; x_wconf 79' lang='lat' dir='ltr'>angelis</span> <span class='ocrx_word' id='word_1_561' title='bbox 2842 3393 3181 3462; x_wconf 76' lang='lat' dir='ltr'>peccantibus</span> <span class='ocrx_word' id='word_1_562' title='bbox 3218 3410 3323 3447; x_wconf 90' lang='lat' dir='ltr'>non</span> <span class='ocrx_word' id='word_1_563' title='bbox 3354 3395 3609 3465; x_wconf 83' lang='lat' dir='ltr'>pepercit,</span> <span class='ocrx_word' id='word_1_564' title='bbox 3638 3392 3719 3448; x_wconf 87' lang='lat' dir='ltr'>sed</span> <span class='ocrx_word' id='word_1_565' title='bbox 3742 3390 3894 3445; x_wconf 73' lang='lat' dir='ltr'>ruden-</span> 
     </span>
    </p>
   </div>
   <div class='ocr_carea' id='block_1_82' title="bbox 2295 3478 3893 3553">
    <p class='ocr_par' dir='ltr' id='par_1_82' title="bbox 2295 3478 3893 3553">
     <span class='ocr_line' id='line_1_82' title="bbox 2295 3478 3893 3553; baseline -0.002 -19"><span class='ocrx_word' id='word_1_566' title='bbox 2295 3478 2437 3534; x_wconf 81' lang='lat' dir='ltr'>tibus</span> <span class='ocrx_word' id='word_1_567' title='bbox 2460 3480 2669 3549; x_wconf 72' lang='lat' dir='ltr'>in/‘erni</span> <span class='ocrx_word' id='word_1_568' title='bbox 2686 3480 2950 3536; x_wconf 85' lang='lat' dir='ltr'>detractos</span> <span class='ocrx_word' id='word_1_569' title='bbox 2972 3482 3031 3535; x_wconf 86' lang='lat' dir='ltr'>in</span> <span class='ocrx_word' id='word_1_570' title='bbox 3052 3489 3330 3537; x_wconf 84' lang='lat' dir='ltr'>tartarum</span> <span class='ocrx_word' id='word_1_571' title='bbox 3354 3484 3592 3539; x_wconf 85' lang='lat' dir='ltr'>tradidit</span> <span class='ocrx_word' id='word_1_572' title='bbox 3612 3484 3666 3537; x_wconf 84' lang='lat' dir='ltr'>in</span> <span class='ocrx_word' id='word_1_573' title='bbox 3672 3479 3893 3553; x_wconf 76' lang='lat' dir='ltr'>judicium</span> 
     </span>
    </p>
   </div>
   <div class='ocr_carea' id='block_1_83' title="bbox 2294 3568 3893 3643">
    <p class='ocr_par' dir='ltr' id='par_1_83' title="bbox 2294 3568 3893 3643">
     <span class='ocr_line' id='line_1_83' title="bbox 2294 3568 3893 3643; baseline -0.001 -22"><span class='ocrx_word' id='word_1_574' title='bbox 2294 3568 2613 3622; x_wconf 86' lang='lat' dir='ltr'>cruciandos</span> <span class='ocrx_word' id='word_1_575' title='bbox 2657 3570 2933 3623; x_wconf 85' lang='lat' dir='ltr'>reservari</span> <span class='ocrx_word' id='word_1_576' title='bbox 2961 3570 3046 3637; x_wconf 85' lang='lat' dir='ltr'>(II</span> <span class='ocrx_word' id='word_1_577' title='bbox 3084 3570 3239 3625; x_wconf 87' lang='lat' dir='ltr'>Petr.</span> <span class='ocrx_word' id='word_1_578' title='bbox 3288 3587 3350 3635; x_wconf 79' lang='grc' dir='ltr'>ιι,</span> <span class='ocrx_word' id='word_1_579' title='bbox 3384 3573 3462 3643; x_wconf 76' lang='grc'>4].</span> <span class='ocrx_word' id='word_1_580' title='bbox 3508 3574 3670 3628; x_wconf 89' lang='lat' dir='ltr'>Cetus</span> <span class='ocrx_word' id='word_1_581' title='bbox 3707 3580 3893 3625; x_wconf 80' lang='lat' dir='ltr'>carcere</span> 
     </span>
    </p>
   </div>
   <div class='ocr_carea' id='block_1_84' title="bbox 2298 3654 3895 3732">
    <p class='ocr_par' dir='ltr' id='par_1_84' title="bbox 2298 3654 3895 3732">
     <span class='ocr_line' id='line_1_84' title="bbox 2298 3654 3895 3732; baseline -0.003 -21"><span class='ocrx_word' id='word_1_582' title='bbox 2298 3656 2808 3729; x_wconf 89' lang='lat' dir='ltr'>astringitur,quia</span> <span class='ocrx_word' id='word_1_583' title='bbox 2840 3662 3062 3714; x_wconf 90' lang='lat' dir='ltr'>tentare</span> <span class='ocrx_word' id='word_1_584' title='bbox 3088 3658 3283 3714; x_wconf 91' lang='lat' dir='ltr'>bonos</span> <span class='ocrx_word' id='word_1_585' title='bbox 3323 3666 3621 3732; x_wconf 87' lang='lat' dir='ltr'>quantum</span> <span class='ocrx_word' id='word_1_586' title='bbox 3650 3654 3895 3713; x_wconf 83' lang='lat' dir='ltr'>desiderat</span> 
     </span>
    </p>
   </div>
   <div class='ocr_carea' id='block_1_85' title="bbox 2296 3742 3894 3819">
    <p class='ocr_par' dir='ltr' id='par_1_85' title="bbox 2296 3742 3894 3819">
     <span class='ocr_line' id='line_1_85' title="bbox 2296 3742 3894 3819; baseline 0.001 -20"><span class='ocrx_word' id='word_1_587' title='bbox 2296 3745 2924 3816; x_wconf 88' lang='lat' dir='ltr'>prohibetur.Carcere</span> <span class='ocrx_word' id='word_1_588' title='bbox 2936 3763 3178 3819; x_wconf 90' lang='lat' dir='ltr'>quoque</span> <span class='ocrx_word' id='word_1_589' title='bbox 3198 3764 3365 3805; x_wconf 90' lang='lat' dir='ltr'>mare</span> <span class='ocrx_word' id='word_1_590' title='bbox 3379 3742 3894 3815; x_wconf 81' lang='lat' dir='ltr'>circumdatur,quia</span> 
     </span>
    </p>
   </div>
   <div class='ocr_carea' id='block_1_86' title="bbox 2295 3826 3893 3911">
    <p class='ocr_par' dir='ltr' id='par_1_86' title="bbox 2295 3826 3893 3911">
     <span class='ocr_line' id='line_1_86' title="bbox 2295 3826 3893 3911; baseline -0.003 -23"><span class='ocrx_word' id='word_1_591' title='bbox 2295 3834 2625 3889; x_wconf 89' lang='lat' dir='ltr'>carnalium</span> <span class='ocrx_word' id='word_1_592' title='bbox 2644 3835 2934 3890; x_wconf 90' lang='lat' dir='ltr'>mentium</span> <span class='ocrx_word' id='word_1_593' title='bbox 2959 3836 3193 3892; x_wconf 88' lang='lat' dir='ltr'>tumida</span> <span class='ocrx_word' id='word_1_594' title='bbox 3209 3836 3549 3911; x_wconf 88' lang='lat' dir='ltr'>insanaque</span> <span class='ocrx_word' id='word_1_595' title='bbox 3565 3826 3893 3892; x_wconf 89' lang='lat' dir='ltr'>desideriaad</span> 
     </span>
    </p>
   </div>
   <div class='ocr_carea' id='block_1_87' title="bbox 2295 3924 3893 3999">
    <p class='ocr_par' dir='ltr' id='par_1_87' title="bbox 2295 3924 3893 3999">
     <span class='ocr_line' id='line_1_87' title="bbox 2295 3924 3893 3999; baseline -0.004 -21"><span class='ocrx_word' id='word_1_596' title='bbox 2295 3924 2641 3994; x_wconf 87' lang='lat' dir='ltr'>peragenda</span> <span class='ocrx_word' id='word_1_597' title='bbox 2672 3924 2977 3996; x_wconf 60' lang='lat' dir='ltr'>malaque;</span> <span class='ocrx_word' id='word_1_598' title='bbox 3004 3931 3295 3997; x_wconf 89' lang='lat' dir='ltr'>appetunt</span> <span class='ocrx_word' id='word_1_599' title='bbox 3318 3924 3893 3999; x_wconf 73' lang='lat' dir='ltr'>impossibilitatissuie</span> 
     </span>
    </p>
   </div>
   <div class='ocr_carea' id='block_1_88' title="bbox 2294 4008 3891 4085">
    <p class='ocr_par' dir='ltr' id='par_1_88' title="bbox 2294 4008 3891 4085">
     <span class='ocr_line' id='line_1_88' title="bbox 2294 4008 3891 4085; baseline -0.006 -18"><span class='ocrx_word' id='word_1_600' title='bbox 2294 4012 2576 4080; x_wconf 90' lang='lat' dir='ltr'>angustia</span> <span class='ocrx_word' id='word_1_601' title='bbox 2589 4014 3111 4085; x_wconf 67' lang='lat' dir='ltr'>gravantur.Saepe</span> <span class='ocrx_word' id='word_1_602' title='bbox 3125 4014 3285 4069; x_wconf 90' lang='lat' dir='ltr'>enim</span> <span class='ocrx_word' id='word_1_603' title='bbox 3300 4015 3593 4071; x_wconf 89' lang='lat' dir='ltr'>dominari</span> <span class='ocrx_word' id='word_1_604' title='bbox 3610 4008 3891 4069; x_wconf 88' lang='lat' dir='ltr'>melioribus</span> 
     </span>
    </p>
   </div>
   <div class='ocr_carea' id='block_1_89' title="bbox 2299 4110 3893 4185">
    <p class='ocr_par' dir='ltr' id='par_1_89' title="bbox 2299 4110 3893 4185">
     <span class='ocr_line' id='line_1_89' title="bbox 2299 4110 3893 4185; baseline -0.003 -20"><span class='ocrx_word' id='word_1_605' title='bbox 2299 4111 2748 4182; x_wconf 89' lang='lat' dir='ltr'>concupiscunt;</span> <span class='ocrx_word' id='word_1_606' title='bbox 2780 4111 2883 4167; x_wconf 90' lang='lat' dir='ltr'>sed</span> <span class='ocrx_word' id='word_1_607' title='bbox 2914 4118 3109 4167; x_wconf 90' lang='lat' dir='ltr'>tamen</span> <span class='ocrx_word' id='word_1_608' title='bbox 3137 4113 3245 4180; x_wconf 89' lang='lat' dir='ltr'>eis,</span> <span class='ocrx_word' id='word_1_609' title='bbox 3271 4113 3706 4185; x_wconf 88' lang='lat' dir='ltr'>divinojudicio</span> <span class='ocrx_word' id='word_1_610' title='bbox 3726 4110 3893 4164; x_wconf 84' lang='lat' dir='ltr'>cuncta</span> 
     </span>
    </p>
   </div>
   <div class='ocr_carea' id='block_1_90' title="bbox 2295 4191 3891 4269">
    <p class='ocr_par' dir='ltr' id='par_1_90' title="bbox 2295 4191 3891 4269">
     <span class='ocr_line' id='line_1_90' title="bbox 2295 4191 3891 4269; baseline 0 -17"><span class='ocrx_word' id='word_1_611' title='bbox 2295 4198 2649 4253; x_wconf 90' lang='lat' dir='ltr'>mirabiliter</span> <span class='ocrx_word' id='word_1_612' title='bbox 2664 4200 3040 4269; x_wconf 88' lang='lat' dir='ltr'>disponente,</span> <span class='ocrx_word' id='word_1_613' title='bbox 3059 4201 3345 4256; x_wconf 90' lang='lat' dir='ltr'>substrati</span> <span class='ocrx_word' id='word_1_614' title='bbox 3363 4208 3522 4257; x_wconf 92' lang='lat' dir='ltr'>sunt.</span> <span class='ocrx_word' id='word_1_615' title='bbox 3541 4205 3741 4257; x_wconf 87' lang='lat' dir='ltr'>Nocere</span> <span class='ocrx_word' id='word_1_616' title='bbox 3757 4191 3891 4252; x_wconf 80' lang='lat' dir='ltr'>bonis</span> 
     </span>
    </p>
   </div>
   <div class='ocr_carea' id='block_1_91' title="bbox 2297 4286 3893 4361">
    <p class='ocr_par' dir='ltr' id='par_1_91' title="bbox 2297 4286 3893 4361">
     <span class='ocr_line' id='line_1_91' title="bbox 2297 4286 3893 4361; baseline -0.001 -19"><span class='ocrx_word' id='word_1_617' title='bbox 2297 4286 2433 4342; x_wconf 88' lang='lat' dir='ltr'>elati</span> <span class='ocrx_word' id='word_1_618' title='bbox 2459 4287 2819 4353; x_wconf 89' lang='lat' dir='ltr'>desiderant,</span> <span class='ocrx_word' id='word_1_619' title='bbox 2834 4295 2889 4345; x_wconf 88' lang='lat' dir='ltr'>et</span> <span class='ocrx_word' id='word_1_620' title='bbox 2909 4294 3107 4345; x_wconf 90' lang='lat' dir='ltr'>tamen</span> <span class='ocrx_word' id='word_1_621' title='bbox 3126 4290 3383 4361; x_wconf 90' lang='lat' dir='ltr'>subjecti</span> <span class='ocrx_word' id='word_1_622' title='bbox 3399 4293 3477 4347; x_wconf 91' lang='lat' dir='ltr'>ab</span> <span class='ocrx_word' id='word_1_623' title='bbox 3495 4291 3579 4347; x_wconf 90' lang='lat' dir='ltr'>eis</span> <span class='ocrx_word' id='word_1_624' title='bbox 3596 4286 3893 4355; x_wconf 87' lang='lat' dir='ltr'>solatiaspe-</span> 
     </span>
    </p>
   </div>
   <div class='ocr_carea' id='block_1_92' title="bbox 2291 4376 3888 4450">
    <p class='ocr_par' dir='ltr' id='par_1_92' title="bbox 2291 4376 3888 4450">
     <span class='ocr_line' id='line_1_92' title="bbox 2291 4376 3888 4450; baseline -0.001 -21"><span class='ocrx_word' id='word_1_625' title='bbox 2291 4378 2557 4431; x_wconf 80' lang='lat' dir='ltr'>rant.Pro</span> <span class='ocrx_word' id='word_1_626' title='bbox 2572 4377 2880 4448; x_wconf 87' lang='lat' dir='ltr'>explendis</span> <span class='ocrx_word' id='word_1_627' title='bbox 2894 4379 3292 4450; x_wconf 89' lang='lat' dir='ltr'>voluptatibus</span> <span class='ocrx_word' id='word_1_628' title='bbox 3305 4381 3506 4436; x_wconf 88' lang='lat' dir='ltr'>carnis</span> <span class='ocrx_word' id='word_1_629' title='bbox 3519 4376 3888 4448; x_wconf 79' lang='lat' dir='ltr'>longtevitatem</span> 
     </span>
    </p>
   </div>
   <div class='ocr_carea' id='block_1_93' title="bbox 522 4444 3892 4540">
    <p class='ocr_par' dir='ltr' id='par_1_93' title="bbox 522 4444 3892 4540">
     <span class='ocr_line' id='line_1_93' title="bbox 522 4444 3892 4540; baseline 0.003 -38"><span class='ocrx_word' id='word_1_630' title='bbox 522 4444 1077 4540; x_wconf 80' lang='lat' dir='ltr'>subditus,peccare</span> <span class='ocrx_word' id='word_1_631' title='bbox 1098 4453 1298 4506; x_wconf 88' lang='lat' dir='ltr'>tamen</span> <span class='ocrx_word' id='word_1_632' title='bbox 1316 4452 1781 4524; x_wconf 88' lang='lat' dir='ltr'>etinterﬂagella</span> <span class='ocrx_word' id='word_1_633' title='bbox 1794 4471 1915 4511; x_wconf 93' lang='lat' dir='ltr'>non</span> <span class='ocrx_word' id='word_1_634' title='bbox 1928 4457 2175 4527; x_wconf 91' lang='lat' dir='ltr'>desinit;</span> <span class='ocrx_word' id='word_1_635' title='bbox 2212 4450 2257 4504; x_wconf 75' lang='grc' dir='ltr'>Π</span> <span class='ocrx_word' id='word_1_636' title='bbox 2292 4466 2425 4521; x_wconf 78' lang='lat' dir='ltr'>vitae</span> <span class='ocrx_word' id='word_1_637' title='bbox 2440 4444 3129 4540; x_wconf 69' lang='lat' dir='ltr'>praesentiscupiunt,sed</span> <span class='ocrx_word' id='word_1_638' title='bbox 3149 4476 3347 4525; x_wconf 88' lang='lat' dir='ltr'>tamen</span> <span class='ocrx_word' id='word_1_639' title='bbox 3363 4471 3442 4527; x_wconf 86' lang='lat' dir='ltr'>ab</span> <span class='ocrx_word' id='word_1_640' title='bbox 3455 4444 3892 4527; x_wconf 71' lang='lat' dir='ltr'>easubceleritate</span> 
     </span>
    </p>
   </div>
   <div class='ocr_carea' id='block_1_94' title="bbox 521 4534 2180 4621">
    <p class='ocr_par' dir='ltr' id='par_1_94' title="bbox 521 4534 2180 4621">
     <span class='ocr_line' id='line_1_94' title="bbox 521 4534 2180 4621; baseline 0.01 -33"><span class='ocrx_word' id='word_1_641' title='bbox 521 4534 673 4605; x_wconf 92' lang='lat' dir='ltr'>quod</span> <span class='ocrx_word' id='word_1_642' title='bbox 687 4543 1047 4605; x_wconf 87' lang='lat' dir='ltr'>peccatorem</span> <span class='ocrx_word' id='word_1_643' title='bbox 1063 4556 1230 4595; x_wconf 89' lang='lat' dir='ltr'>suum</span> <span class='ocrx_word' id='word_1_644' title='bbox 1249 4558 1315 4595; x_wconf 93' lang='lat' dir='ltr'>su</span> <span class='ocrx_word' id='word_1_645' title='bbox 1327 4558 1510 4610; x_wconf 90' lang='lat' dir='ltr'>perna</span> <span class='ocrx_word' id='word_1_646' title='bbox 1524 4544 1715 4611; x_wconf 87' lang='lat' dir='ltr'>gratia</span> <span class='ocrx_word' id='word_1_647' title='bbox 1729 4561 1836 4600; x_wconf 93' lang='lat' dir='ltr'>nec</span> <span class='ocrx_word' id='word_1_648' title='bbox 1850 4552 2180 4621; x_wconf 88' lang='lat' dir='ltr'>contempta</span> 
     </span>
    </p>
   </div>
   <div class='ocr_carea' id='block_1_95' title="bbox 518 4620 2181 4710">
    <p class='ocr_par' dir='ltr' id='par_1_95' title="bbox 518 4620 2181 4710">
     <span class='ocr_line' id='line_1_95' title="bbox 518 4620 2181 4710; baseline 0.011 -34"><span class='ocrx_word' id='word_1_649' title='bbox 518 4620 850 4693; x_wconf 89' lang='lat' dir='ltr'>dereliquit.</span> <span class='ocrx_word' id='word_1_650' title='bbox 874 4625 1018 4681; x_wconf 89' lang='lat' dir='ltr'>Cum</span> <span class='ocrx_word' id='word_1_651' title='bbox 1049 4626 1229 4696; x_wconf 85' lang='lat' dir='ltr'>igitur</span> <span class='ocrx_word' id='word_1_652' title='bbox 1260 4628 1546 4685; x_wconf 75' lang='lat' dir='ltr'>afﬂictam</span> <span class='ocrx_word' id='word_1_653' title='bbox 1571 4638 1833 4689; x_wconf 91' lang='lat' dir='ltr'>mentem</span> <span class='ocrx_word' id='word_1_654' title='bbox 1864 4637 2048 4692; x_wconf 93' lang='lat' dir='ltr'>modo</span> <span class='ocrx_word' id='word_1_655' title='bbox 2076 4620 2181 4710; x_wconf 89' lang='lat' dir='ltr'>per</span> 
     </span>
    </p>
   </div>
   <div class='ocr_carea' id='block_1_96' title="bbox 516 4710 2179 4797">
    <p class='ocr_par' dir='ltr' id='par_1_96' title="bbox 516 4710 2179 4797">
     <span class='ocr_line' id='line_1_96' title="bbox 516 4710 2179 4797; baseline 0.011 -30"><span class='ocrx_word' id='word_1_656' title='bbox 516 4710 965 4783; x_wconf 88' lang='lat' dir='ltr'>replicationem</span> <span class='ocrx_word' id='word_1_657' title='bbox 992 4715 1291 4771; x_wconf 89' lang='lat' dir='ltr'>donorum</span> <span class='ocrx_word' id='word_1_658' title='bbox 1323 4718 1447 4782; x_wconf 86' lang='lat' dir='ltr'>Dei,</span> <span class='ocrx_word' id='word_1_659' title='bbox 1472 4721 1655 4777; x_wconf 88' lang='lat' dir='ltr'>modo</span> <span class='ocrx_word' id='word_1_660' title='bbox 1684 4738 1788 4793; x_wconf 91' lang='lat' dir='ltr'>per</span> <span class='ocrx_word' id='word_1_661' title='bbox 1818 4724 2179 4797; x_wconf 89' lang='lat' dir='ltr'>improperia</span> 
     </span>
    </p>
   </div>
   <div class='ocr_carea' id='block_1_97' title="bbox 516 4800 2177 4881">
    <p class='ocr_par' dir='ltr' id='par_1_97' title="bbox 516 4800 2177 4881">
     <span class='ocr_line' id='line_1_97' title="bbox 516 4800 2177 4881; baseline 0.01 -24"><span class='ocrx_word' id='word_1_662' title='bbox 516 4800 761 4857; x_wconf 86' lang='lat' dir='ltr'>actionis</span> <span class='ocrx_word' id='word_1_663' title='bbox 777 4818 896 4857; x_wconf 74' lang='lat' dir='ltr'>suae</span> <span class='ocrx_word' id='word_1_664' title='bbox 924 4807 1084 4859; x_wconf 91' lang='lat' dir='ltr'>tanta</span> <span class='ocrx_word' id='word_1_665' title='bbox 1102 4806 1413 4861; x_wconf 90' lang='lat' dir='ltr'>severitate</span> <span class='ocrx_word' id='word_1_666' title='bbox 1433 4808 1901 4881; x_wconf 87' lang='lat' dir='ltr'>increpat,habet</span> <span class='ocrx_word' id='word_1_667' title='bbox 1918 4815 1975 4869; x_wconf 91' lang='lat' dir='ltr'>in</span> <span class='ocrx_word' id='word_1_668' title='bbox 2000 4818 2177 4874; x_wconf 93' lang='lat' dir='ltr'>corde</span> 
     </span>
    </p>
   </div>
   <div class='ocr_carea' id='block_1_98' title="bbox 512 4890 2176 4975">
    <p class='ocr_par' dir='ltr' id='par_1_98' title="bbox 512 4890 2176 4975">
     <span class='ocr_line' id='line_1_98' title="bbox 512 4890 2176 4975; baseline 0.01 -29"><span class='ocrx_word' id='word_1_669' title='bbox 512 4890 805 4962; x_wconf 88' lang='lat' dir='ltr'>justorum</span> <span class='ocrx_word' id='word_1_670' title='bbox 821 4892 1159 4949; x_wconf 90' lang='lat' dir='ltr'>amaritudo</span> <span class='ocrx_word' id='word_1_671' title='bbox 1173 4894 1382 4951; x_wconf 65' lang='lat' dir='ltr'>animae</span> <span class='ocrx_word' id='word_1_672' title='bbox 1396 4896 1665 4967; x_wconf 87' lang='lat' dir='ltr'>linguam</span> <span class='ocrx_word' id='word_1_673' title='bbox 1680 4916 2005 4975; x_wconf 77' lang='lat' dir='ltr'>suam,quse</span> <span class='ocrx_word' id='word_1_674' title='bbox 2022 4912 2176 4963; x_wconf 86' lang='lat' dir='ltr'>tanto</span> 
     </span>
    </p>
   </div>
   <div class='ocr_carea' id='block_1_99' title="bbox 514 4979 2170 5055">
    <p class='ocr_par' dir='ltr' id='par_1_99' title="bbox 514 4979 2170 5055">
     <span class='ocr_line' id='line_1_99' title="bbox 514 4979 2170 5055; baseline 0.008 -18"><span class='ocrx_word' id='word_1_675' title='bbox 514 4980 601 5037; x_wconf 85' lang='lat' dir='ltr'>eis</span> <span class='ocrx_word' id='word_1_676' title='bbox 632 4979 906 5036; x_wconf 90' lang='lat' dir='ltr'>subtilius</span> <span class='ocrx_word' id='word_1_677' title='bbox 939 4981 1220 5054; x_wconf 89' lang='lat' dir='ltr'>loquitur,</span> <span class='ocrx_word' id='word_1_678' title='bbox 1261 4989 1489 5055; x_wconf 88' lang='lat' dir='ltr'>quanto</span> <span class='ocrx_word' id='word_1_679' title='bbox 1530 4991 1586 5039; x_wconf 92' lang='lat' dir='ltr'>et</span> <span class='ocrx_word' id='word_1_680' title='bbox 1624 4987 1869 5043; x_wconf 81' lang='lat' dir='ltr'>interius</span> <span class='ocrx_word' id='word_1_681' title='bbox 1908 4994 2170 5051; x_wconf 90' lang='lat' dir='ltr'>auditur.</span> 
     </span>
    </p>
   </div>
   <div class='ocr_carea' id='block_1_100' title="bbox 518 5069 2175 5143">
    <p class='ocr_par' dir='ltr' id='par_1_100' title="bbox 518 5069 2175 5143">
     <span class='ocr_line' id='line_1_100' title="bbox 518 5069 2175 5143; baseline 0.008 -19"><span class='ocrx_word' id='word_1_682' title='bbox 518 5069 676 5125; x_wconf 89' lang='lat' dir='ltr'>Unde</span> <span class='ocrx_word' id='word_1_683' title='bbox 697 5074 754 5125; x_wconf 91' lang='lat' dir='ltr'>et</span> <span class='ocrx_word' id='word_1_684' title='bbox 768 5085 1160 5143; x_wconf 89' lang='lat' dir='ltr'>nequaquam</span> <span class='ocrx_word' id='word_1_685' title='bbox 1187 5071 1396 5128; x_wconf 91' lang='lat' dir='ltr'>dicitur</span> <span class='ocrx_word' id='word_1_686' title='bbox 1422 5089 1433 5129; x_wconf 88' lang='lat'>:</span> <span class='ocrx_word' id='word_1_687' title='bbox 1464 5072 1798 5131; x_wconf 81' lang='lat' dir='ltr'>Fabulabor</span> <span class='ocrx_word' id='word_1_688' title='bbox 1814 5077 1875 5133; x_wconf 91' lang='lat' dir='ltr'>in</span> <span class='ocrx_word' id='word_1_689' title='bbox 1894 5083 2175 5139; x_wconf 86' lang='lat' dir='ltr'>amaritu-</span> 
     </span>
    </p>
   </div>
   <div class='ocr_carea' id='block_1_101' title="bbox 514 5156 2172 5233">
    <p class='ocr_par' dir='ltr' id='par_1_101' title="bbox 514 5156 2172 5233">
     <span class='ocr_line' id='line_1_101' title="bbox 514 5156 2172 5233; baseline 0.011 -22"><span class='ocrx_word' id='word_1_690' title='bbox 514 5156 649 5213; x_wconf 91' lang='lat' dir='ltr'>dine</span> <span class='ocrx_word' id='word_1_691' title='bbox 680 5160 883 5215; x_wconf 71' lang='lat' dir='ltr'>animae</span> <span class='ocrx_word' id='word_1_692' title='bbox 907 5176 1070 5225; x_wconf 68' lang='lat' dir='ltr'>meae,</span> <span class='ocrx_word' id='word_1_693' title='bbox 1088 5162 1209 5229; x_wconf 92' lang='lat' dir='ltr'>sed,</span> <span class='ocrx_word' id='word_1_694' title='bbox 1232 5162 1644 5233; x_wconf 84' lang='lat' dir='ltr'>Confabulabor</span> <span class='ocrx_word' id='word_1_695' title='bbox 1661 5181 1784 5221; x_wconf 86' lang='lat' dir='ltr'>cum</span> <span class='ocrx_word' id='word_1_696' title='bbox 1801 5172 2172 5229; x_wconf 81' lang='lat' dir='ltr'>amaritudine</span> 
     </span>
    </p>
   </div>
   <div class='ocr_carea' id='block_1_102' title="bbox 584 5246 2166 5332">
    <p class='ocr_par' dir='ltr' id='par_1_102' title="bbox 584 5246 2166 5332">
     <span class='ocr_line' id='line_1_102' title="bbox 584 5246 2166 5332; baseline 0.013 -35"><span class='ocrx_word' id='word_1_697' title='bbox 584 5257 611 5287; x_wconf 76' lang='grc' dir='ltr'>ι</span> <span class='ocrx_word' id='word_1_698' title='bbox 644 5246 727 5332; x_wconf 81' lang='lat' dir='ltr'>Ita</span> <span class='ocrx_word' id='word_1_699' title='bbox 743 5249 945 5332; x_wconf 42' lang='lat' dir='ltr'>_C‘orb&#39;..</span> <span class='ocrx_word' id='word_1_700' title='bbox 966 5251 1187 5332; x_wconf 49' lang='grc' dir='ltr'>(ξενίῃ,</span> <span class='ocrx_word' id='word_1_701' title='bbox 1222 5254 1451 5332; x_wconf 69' lang='lat' dir='ltr'>Gemet.</span> <span class='ocrx_word' id='word_1_702' title='bbox 1474 5258 1531 5332; x_wconf 88' lang='lat' dir='ltr'>e_t</span> <span class='ocrx_word' id='word_1_703' title='bbox 1554 5254 1771 5310; x_wconf 84' lang='lat' dir='ltr'>Psalter</span> <span class='ocrx_word' id='word_1_704' title='bbox 1802 5260 1969 5314; x_wconf 82' lang='lat' dir='ltr'>Rom.</span> <span class='ocrx_word' id='word_1_705' title='bbox 2000 5261 2166 5332; x_wconf 91' lang='lat' dir='ltr'>Utic.,</span> 
     </span>
    </p>
   </div>
   <div class='ocr_carea' id='block_1_103' title="bbox 512 5319 1569 5394">
    <p class='ocr_par' dir='ltr' id='par_1_103' title="bbox 512 5319 1569 5394">
     <span class='ocr_line' id='line_1_103' title="bbox 512 5319 1569 5394; baseline 0.009 -26"><span class='ocrx_word' id='word_1_706' title='bbox 512 5319 867 5394; x_wconf 77' lang='lat' dir='ltr'>annuntiabo.</span> <span class='ocrx_word' id='word_1_707' title='bbox 904 5322 1153 5394; x_wconf 79' lang='lat' dir='ltr'>vulgati,</span> <span class='ocrx_word' id='word_1_708' title='bbox 1180 5324 1569 5394; x_wconf 83' lang='lat' dir='ltr'>pronuntiabo.</span> 
     </span>
    </p>
   </div>
   <div class='ocr_carea' id='block_1_104' title="bbox 584 5384 2168 5475">
    <p class='ocr_par' dir='ltr' id='par_1_104' title="bbox 584 5384 2168 5475">
     <span class='ocr_line' id='line_1_104' title="bbox 584 5384 2168 5475; baseline 0.013 -36"><span class='ocrx_word' id='word_1_709' title='bbox 584 5384 931 5475; x_wconf 32' lang='lat' dir='ltr'>{Lgranzet</span> <span class='ocrx_word' id='word_1_710' title='bbox 953 5384 1431 5475; x_wconf 27' lang='lat' dir='ltr'>.I‘Bivgotiiturbidis</span> <span class='ocrx_word' id='word_1_711' title='bbox 1458 5398 1899 5475; x_wconf 64' lang='lat' dir='ltr'>cogitationibus.</span> <span class='ocrx_word' id='word_1_712' title='bbox 1915 5405 1997 5475; x_wconf 10' lang='lat' dir='ltr'>illa</span> <span class='ocrx_word' id='word_1_713' title='bbox 2019 5420 2168 5475; x_wconf 88' lang='lat' dir='ltr'>quo-</span> 
     </span>
    </p>
   </div>
   <div class='ocr_carea' id='block_1_105' title="bbox 512 5460 2167 5581">
    <p class='ocr_par' dir='ltr' id='par_1_105' title="bbox 512 5460 2167 5581">
     <span class='ocr_line' id='line_1_105' title="bbox 512 5460 2167 5581; baseline 0.014 -72"><span class='ocrx_word' id='word_1_714' title='bbox 512 5470 825 5581; x_wconf 48' lang='grc' dir='ltr'>ἓιέῗιίἱιυιέοο</span> <span class='ocrx_word' id='word_1_715' title='bbox 851 5460 1159 5530; x_wconf 62' lang='grc' dir='ltr'>Ιθείιυὶὶη</span> <span class='ocrx_word' id='word_1_716' title='bbox 1179 5468 1343 5533; x_wconf 90' lang='lat' dir='ltr'>Utic.,</span> <span class='ocrx_word' id='word_1_717' title='bbox 1373 5468 1477 5523; x_wconf 91' lang='lat' dir='ltr'>ubi</span> <span class='ocrx_word' id='word_1_718' title='bbox 1509 5460 1696 5539; x_wconf 75' lang='lat' dir='ltr'>prius,</span> <span class='ocrx_word' id='word_1_719' title='bbox 1724 5473 1947 5527; x_wconf 82' lang='lat' dir='ltr'>tumidis</span> <span class='ocrx_word' id='word_1_720' title='bbox 1967 5460 2167 5546; x_wconf 72' lang='lat' dir='ltr'>cogita-</span> 
     </span>
    </p>
   </div>
   <div class='ocr_carea' id='block_1_106' title="bbox 541 5542 774 5582">
    <p class='ocr_par' dir='ltr' id='par_1_106' title="bbox 541 5542 774 5582">
     <span class='ocr_line' id='line_1_106' title="bbox 541 5542 774 5582; baseline 0.013 -3"><span class='ocrx_word' id='word_1_721' title='bbox 541 5542 774 5582; x_wconf 71' lang='grc' dir='ltr'>ιοηιοιιε.</span> 
     </span>
    </p>
   </div>
   <div class='ocr_carea' id='block_1_107' title="bbox 584 5598 2157 5680">
    <p class='ocr_par' dir='ltr' id='par_1_107' title="bbox 584 5598 2157 5680">
     <span class='ocr_line' id='line_1_107' title="bbox 584 5598 2157 5680; baseline 0.015 -28"><span class='ocrx_word' id='word_1_722' title='bbox 584 5598 892 5666; x_wconf 76' lang='lat' dir='ltr'>chroic.,</span> <span class='ocrx_word' id='word_1_723' title='bbox 951 5603 1166 5673; x_wconf 87' lang='lat' dir='ltr'>Lyran.</span> <span class='ocrx_word' id='word_1_724' title='bbox 1222 5613 1279 5663; x_wconf 90' lang='lat' dir='ltr'>et</span> <span class='ocrx_word' id='word_1_725' title='bbox 1338 5610 1551 5680; x_wconf 90' lang='lat' dir='ltr'>Bigot.,</span> <span class='ocrx_word' id='word_1_726' title='bbox 1620 5614 1948 5672; x_wconf 84' lang='lat' dir='ltr'>carnalium.</span> <span class='ocrx_word' id='word_1_727' title='bbox 2012 5619 2157 5677; x_wconf 66' lang='lat' dir='ltr'>litic.</span> 
     </span>
    </p>
   </div>
   <div class='ocr_carea' id='block_1_108' title="bbox 2291 4554 3887 4629">
    <p class='ocr_par' dir='ltr' id='par_1_108' title="bbox 2291 4554 3887 4629">
     <span class='ocr_line' id='line_1_108' title="bbox 2291 4554 3887 4629; baseline -0.005 -20"><span class='ocrx_word' id='word_1_728' title='bbox 2291 4555 2625 4626; x_wconf 88' lang='lat' dir='ltr'>rapiuntur.</span> <span class='ocrx_word' id='word_1_729' title='bbox 2658 4558 2732 4611; x_wconf 88' lang='lat' dir='ltr'>De</span> <span class='ocrx_word' id='word_1_730' title='bbox 2762 4557 2985 4628; x_wconf 91' lang='lat' dir='ltr'>quibus</span> <span class='ocrx_word' id='word_1_731' title='bbox 3011 4557 3161 4613; x_wconf 91' lang='lat' dir='ltr'>bene</span> <span class='ocrx_word' id='word_1_732' title='bbox 3184 4575 3290 4629; x_wconf 90' lang='lat' dir='ltr'>per</span> <span class='ocrx_word' id='word_1_733' title='bbox 3310 4559 3673 4615; x_wconf 85' lang='lat' dir='ltr'>Psalmistam</span> <span class='ocrx_word' id='word_1_734' title='bbox 3693 4554 3887 4610; x_wconf 88' lang='lat' dir='ltr'>dicitur:</span> 
     </span>
    </p>
   </div>
   <div class='ocr_carea' id='block_1_109' title="bbox 2292 4642 3889 4716">
    <p class='ocr_par' dir='ltr' id='par_1_109' title="bbox 2292 4642 3889 4716">
     <span class='ocr_line' id='line_1_109' title="bbox 2292 4642 3889 4716; baseline 0.002 -18"><span class='ocrx_word' id='word_1_735' title='bbox 2292 4642 2501 4699; x_wconf 88' lang='lat' dir='ltr'>Statuit</span> <span class='ocrx_word' id='word_1_736' title='bbox 2530 4661 2697 4715; x_wconf 89' lang='lat' dir='ltr'>aquas</span> <span class='ocrx_word' id='word_1_737' title='bbox 2743 4647 2899 4716; x_wconf 87' lang='lat' dir='ltr'>quasi</span> <span class='ocrx_word' id='word_1_738' title='bbox 2942 4648 3001 4699; x_wconf 88' lang='lat' dir='ltr'>in</span> <span class='ocrx_word' id='word_1_739' title='bbox 3032 4654 3153 4702; x_wconf 88' lang='lat' dir='ltr'>utre</span> <span class='ocrx_word' id='word_1_740' title='bbox 3180 4648 3349 4715; x_wconf 87' lang='lat' dir='ltr'>(Psal.</span> <span class='ocrx_word' id='word_1_741' title='bbox 3384 4665 3589 4713; x_wconf 82' lang='lat' dir='ltr'>Lxxvn,</span> <span class='ocrx_word' id='word_1_742' title='bbox 3621 4646 3718 4716; x_wconf 85' lang='grc'>13).</span> <span class='ocrx_word' id='word_1_743' title='bbox 3744 4643 3889 4712; x_wconf 58' lang='lat' dir='ltr'>Aqua</span> 
     </span>
    </p>
   </div>
   <div class='ocr_carea' id='block_1_110' title="bbox 2294 4730 3884 4804">
    <p class='ocr_par' dir='ltr' id='par_1_110' title="bbox 2294 4730 3884 4804">
     <span class='ocr_line' id='line_1_110' title="bbox 2294 4730 3884 4804; baseline -0.001 -17"><span class='ocrx_word' id='word_1_744' title='bbox 2294 4733 2518 4804; x_wconf 90' lang='lat' dir='ltr'>quippe</span> <span class='ocrx_word' id='word_1_745' title='bbox 2538 4735 2595 4788; x_wconf 91' lang='lat' dir='ltr'>in</span> <span class='ocrx_word' id='word_1_746' title='bbox 2628 4739 2753 4790; x_wconf 89' lang='lat' dir='ltr'>utre</span> <span class='ocrx_word' id='word_1_747' title='bbox 2776 4740 2914 4791; x_wconf 87' lang='lat' dir='ltr'>sunt</span> <span class='ocrx_word' id='word_1_748' title='bbox 2944 4752 3081 4791; x_wconf 90' lang='lat' dir='ltr'>cum</span> <span class='ocrx_word' id='word_1_749' title='bbox 3113 4736 3348 4793; x_wconf 89' lang='lat' dir='ltr'>lubrica</span> <span class='ocrx_word' id='word_1_750' title='bbox 3378 4754 3583 4793; x_wconf 91' lang='lat' dir='ltr'>eorum</span> <span class='ocrx_word' id='word_1_751' title='bbox 3621 4730 3884 4790; x_wconf 73' lang='lat' dir='ltr'>desideria.</span> 
     </span>
    </p>
   </div>
   <div class='ocr_carea' id='block_1_111' title="bbox 2288 4817 3884 4893">
    <p class='ocr_par' dir='ltr' id='par_1_111' title="bbox 2288 4817 3884 4893">
     <span class='ocr_line' id='line_1_111' title="bbox 2288 4817 3884 4893; baseline -0.002 -18"><span class='ocrx_word' id='word_1_752' title='bbox 2288 4822 2431 4892; x_wconf 91' lang='lat' dir='ltr'>quia</span> <span class='ocrx_word' id='word_1_753' title='bbox 2444 4822 2639 4893; x_wconf 88' lang='lat' dir='ltr'>operis</span> <span class='ocrx_word' id='word_1_754' title='bbox 2652 4822 2929 4879; x_wconf 78' lang='lat' dir='ltr'>effectum</span> <span class='ocrx_word' id='word_1_755' title='bbox 2945 4842 3053 4880; x_wconf 92' lang='lat' dir='ltr'>non</span> <span class='ocrx_word' id='word_1_756' title='bbox 3067 4826 3521 4892; x_wconf 90' lang='lat' dir='ltr'>inveniunt,sub</span> <span class='ocrx_word' id='word_1_757' title='bbox 3534 4817 3884 4881; x_wconf 84' lang='lat' dir='ltr'>carnalicorde</span> 
     </span>
    </p>
   </div>
   <div class='ocr_carea' id='block_1_112' title="bbox 2292 4908 3883 4985">
    <p class='ocr_par' dir='ltr' id='par_1_112' title="bbox 2292 4908 3883 4985">
     <span class='ocr_line' id='line_1_112' title="bbox 2292 4908 3883 4985; baseline 0 -21"><span class='ocrx_word' id='word_1_758' title='bbox 2292 4908 2459 4982; x_wconf 88' lang='lat' dir='ltr'>depri</span> <span class='ocrx_word' id='word_1_759' title='bbox 2471 4916 2912 4968; x_wconf 89' lang='lat' dir='ltr'>muntur.Cetus</span> <span class='ocrx_word' id='word_1_760' title='bbox 2927 4930 3068 4985; x_wconf 90' lang='lat' dir='ltr'>ergo</span> <span class='ocrx_word' id='word_1_761' title='bbox 3082 4931 3151 4970; x_wconf 90' lang='lat' dir='ltr'>ac</span> <span class='ocrx_word' id='word_1_762' title='bbox 3167 4932 3319 4971; x_wconf 89' lang='lat' dir='ltr'>mare</span> <span class='ocrx_word' id='word_1_763' title='bbox 3332 4912 3775 4971; x_wconf 88' lang='lat' dir='ltr'>circumdatione</span> <span class='ocrx_word' id='word_1_764' title='bbox 3790 4920 3883 4978; x_wconf 81' lang='lat' dir='ltr'>pre-</span> 
     </span>
    </p>
   </div>
   <div class='ocr_carea' id='block_1_113' title="bbox 2286 5000 3882 5075">
    <p class='ocr_par' dir='ltr' id='par_1_113' title="bbox 2286 5000 3882 5075">
     <span class='ocr_line' id='line_1_113' title="bbox 2286 5000 3882 5075; baseline -0.001 -22"><span class='ocrx_word' id='word_1_765' title='bbox 2286 5001 2753 5066; x_wconf 89' lang='lat' dir='ltr'>miturcarceris,</span> <span class='ocrx_word' id='word_1_766' title='bbox 2770 5004 2911 5073; x_wconf 92' lang='lat' dir='ltr'>quio</span> <span class='ocrx_word' id='word_1_767' title='bbox 2930 5004 3021 5057; x_wconf 91' lang='lat' dir='ltr'>vel</span> <span class='ocrx_word' id='word_1_768' title='bbox 3037 5004 3334 5073; x_wconf 90' lang='lat' dir='ltr'>malignus</span> <span class='ocrx_word' id='word_1_769' title='bbox 3348 5004 3604 5075; x_wconf 91' lang='lat' dir='ltr'>spiritus,</span> <span class='ocrx_word' id='word_1_770' title='bbox 3623 5000 3882 5068; x_wconf 75' lang='lat' dir='ltr'>velsequa-</span> 
     </span>
    </p>
   </div>
   <div class='ocr_carea' id='block_1_114' title="bbox 2285 5083 3879 5162">
    <p class='ocr_par' dir='ltr' id='par_1_114' title="bbox 2285 5083 3879 5162">
     <span class='ocr_line' id='line_1_114' title="bbox 2285 5083 3879 5162; baseline -0.003 -20"><span class='ocrx_word' id='word_1_771' title='bbox 2285 5103 2381 5144; x_wconf 89' lang='lat' dir='ltr'>ces</span> <span class='ocrx_word' id='word_1_772' title='bbox 2413 5088 2587 5155; x_wconf 90' lang='lat' dir='ltr'>illius,</span> <span class='ocrx_word' id='word_1_773' title='bbox 2612 5089 2670 5145; x_wconf 92' lang='lat' dir='ltr'>in</span> <span class='ocrx_word' id='word_1_774' title='bbox 2700 5107 2962 5162; x_wconf 91' lang='lat' dir='ltr'>quorum</span> <span class='ocrx_word' id='word_1_775' title='bbox 2990 5108 3053 5147; x_wconf 90' lang='lat' dir='ltr'>se</span> <span class='ocrx_word' id='word_1_776' title='bbox 3081 5094 3382 5149; x_wconf 92' lang='lat' dir='ltr'>mentibus</span> <span class='ocrx_word' id='word_1_777' title='bbox 3412 5093 3648 5161; x_wconf 90' lang='lat' dir='ltr'>colligit,</span> <span class='ocrx_word' id='word_1_778' title='bbox 3670 5083 3879 5159; x_wconf 88' lang='lat' dir='ltr'>atquein</span> 
     </span>
    </p>
   </div>
   <div class='ocr_carea' id='block_1_115' title="bbox 2290 5173 3879 5252">
    <p class='ocr_par' dir='ltr' id='par_1_115' title="bbox 2290 5173 3879 5252">
     <span class='ocr_line' id='line_1_115' title="bbox 2290 5173 3879 5252; baseline 0.001 -21"><span class='ocrx_word' id='word_1_779' title='bbox 2290 5177 2375 5232; x_wconf 85' lang='lat' dir='ltr'>eis</span> <span class='ocrx_word' id='word_1_780' title='bbox 2394 5178 2584 5233; x_wconf 89' lang='lat' dir='ltr'>undas</span> <span class='ocrx_word' id='word_1_781' title='bbox 2602 5182 2945 5237; x_wconf 88' lang='lat' dir='ltr'>tumentium</span> <span class='ocrx_word' id='word_1_782' title='bbox 2965 5182 3388 5252; x_wconf 90' lang='lat' dir='ltr'>cogitationum</span> <span class='ocrx_word' id='word_1_783' title='bbox 3406 5180 3670 5246; x_wconf 81' lang='lat' dir='ltr'>volvit,ut</span> <span class='ocrx_word' id='word_1_784' title='bbox 3684 5173 3879 5246; x_wconf 68' lang='lat' dir='ltr'>implete</span> 
     </span>
    </p>
   </div>
   <div class='ocr_carea' id='block_1_116' title="bbox 2288 5268 3855 5338">
    <p class='ocr_par' dir='ltr' id='par_1_116' title="bbox 2288 5268 3855 5338">
     <span class='ocr_line' id='line_1_116' title="bbox 2288 5268 3855 5338; baseline 0.01 -19"><span class='ocrx_word' id='word_1_785' title='bbox 2288 5272 2604 5338; x_wconf 87' lang='lat' dir='ltr'>utramque</span> <span class='ocrx_word' id='word_1_786' title='bbox 2636 5268 2949 5325; x_wconf 88' lang='lat' dir='ltr'>lectionem</span> <span class='ocrx_word' id='word_1_787' title='bbox 2982 5270 3241 5326; x_wconf 83' lang='lat' dir='ltr'>exhibet.</span> <span class='ocrx_word' id='word_1_788' title='bbox 3848 5328 3855 5334; x_wconf 95' lang='lat'>.</span> 
     </span>
    </p>
   </div>
   <div class='ocr_carea' id='block_1_117' title="bbox 2352 5338 3875 5412">
    <p class='ocr_par' dir='ltr' id='par_1_117' title="bbox 2352 5338 3875 5412">
     <span class='ocr_line' id='line_1_117' title="bbox 2352 5338 3875 5412; baseline -0.003 -19"><span class='ocrx_word' id='word_1_789' title='bbox 2352 5338 2388 5412; x_wconf 4' lang='lat' dir='ltr'>dp</span> <span class='ocrx_word' id='word_1_790' title='bbox 2415 5340 2637 5393; x_wconf 89' lang='lat' dir='ltr'>Gemet.</span> <span class='ocrx_word' id='word_1_791' title='bbox 2669 5348 2725 5395; x_wconf 88' lang='lat' dir='ltr'>et</span> <span class='ocrx_word' id='word_1_792' title='bbox 2762 5344 2998 5406; x_wconf 89' lang='lat' dir='ltr'>Turon.,</span> <span class='ocrx_word' id='word_1_793' title='bbox 3031 5344 3188 5412; x_wconf 87' lang='lat' dir='ltr'>quasi</span> <span class='ocrx_word' id='word_1_794' title='bbox 3213 5345 3271 5397; x_wconf 83' lang='lat' dir='ltr'>in</span> <span class='ocrx_word' id='word_1_795' title='bbox 3314 5359 3489 5398; x_wconf 86' lang='lat' dir='ltr'>eorum</span> <span class='ocrx_word' id='word_1_796' title='bbox 3522 5339 3737 5412; x_wconf 81' lang='lat' dir='ltr'>lubricas</span> <span class='ocrx_word' id='word_1_797' title='bbox 3767 5346 3875 5399; x_wconf 74' lang='lat' dir='ltr'>609t-</span> 
     </span>
    </p>
   </div>
   <div class='ocr_carea' id='block_1_118' title="bbox 2281 5410 3871 5482">
    <p class='ocr_par' dir='ltr' id='par_1_118' title="bbox 2281 5410 3871 5482">
     <span class='ocr_line' id='line_1_118' title="bbox 2281 5410 3871 5482; baseline 0.004 -22"><span class='ocrx_word' id='word_1_798' title='bbox 2281 5410 2527 5482; x_wconf 75' lang='lat' dir='ltr'>tationes.</span> <span class='ocrx_word' id='word_1_799' title='bbox 2554 5412 2632 5466; x_wconf 86' lang='lat' dir='ltr'>Ita</span> <span class='ocrx_word' id='word_1_800' title='bbox 2666 5410 3233 5482; x_wconf 73' lang='lat' dir='ltr'>priuslegebaturin</span> <span class='ocrx_word' id='word_1_801' title='bbox 3266 5415 3402 5471; x_wconf 86' lang='lat' dir='ltr'>Utic.</span> <span class='ocrx_word' id='word_1_802' title='bbox 3424 5432 3435 5481; x_wconf 89' lang='lat'>;</span> <span class='ocrx_word' id='word_1_803' title='bbox 3459 5427 3630 5475; x_wconf 91' lang='lat' dir='ltr'>nunc,</span> <span class='ocrx_word' id='word_1_804' title='bbox 3660 5410 3709 5463; x_wconf 85' lang='lat' dir='ltr'>in</span> <span class='ocrx_word' id='word_1_805' title='bbox 3731 5414 3871 5482; x_wconf 65' lang='grc' dir='ltr'>ωτῖιιπξ</span> 
     </span>
    </p>
   </div>
   <div class='ocr_carea' id='block_1_119' title="bbox 2282 5472 3870 5606">
    <p class='ocr_par' dir='ltr' id='par_1_119' title="bbox 2282 5472 3870 5606">
     <span class='ocr_line' id='line_1_119' title="bbox 2282 5472 3870 5606; baseline -0.004 -73"><span class='ocrx_word' id='word_1_806' title='bbox 2282 5478 2507 5606; x_wconf 52' lang='grc' dir='ltr'>ἱαὸγὶοἰε</span> <span class='ocrx_word' id='word_1_807' title='bbox 2535 5472 2971 5553; x_wconf 69' lang='grc' dir='ltr'>οοθίίαιιόηἰὸιῖε.</span> <span class='ocrx_word' id='word_1_808' title='bbox 2999 5488 3080 5541; x_wconf 91' lang='lat' dir='ltr'>lta</span> <span class='ocrx_word' id='word_1_809' title='bbox 3100 5502 3341 5559; x_wconf 88' lang='lat' dir='ltr'>quoque</span> <span class='ocrx_word' id='word_1_810' title='bbox 3360 5472 3564 5555; x_wconf 82' lang='lat' dir='ltr'>legitur</span> <span class='ocrx_word' id='word_1_811' title='bbox 3584 5472 3638 5537; x_wconf 85' lang='lat' dir='ltr'>in</span> <span class='ocrx_word' id='word_1_812' title='bbox 3664 5472 3870 5546; x_wconf 73' lang='lat' dir='ltr'>Bigot.el</span> 
     </span>
     <span class='ocr_line' id='line_1_120' title="bbox 2325 5567 2503 5606; baseline 0 0"><span class='ocrx_word' id='word_1_813' title='bbox 2325 5567 2503 5606; x_wconf 87' lang='lat' dir='ltr'>vran.</span> 
     </span>
    </p>
   </div>
   <div class='ocr_carea' id='block_1_120' title="bbox 2323 5567 2503 5622">
    <p class='ocr_par' dir='ltr' id='par_1_120' title="bbox 2323 5567 2503 5622">
     <span class='ocr_line' id='line_1_121' title="bbox 2323 5567 2503 5622; baseline 0.017 -17"><span class='ocrx_word' id='word_1_814' title='bbox 2323 5567 2503 5622; x_wconf 88' lang='lat' dir='ltr'>yran.</span> 
     </span>
    </p>
   </div>
  </div>
