4108 6184
194 239 301 293 825

1131 239 1511 296 MORALIUM
1552 239 1688 294 LIB.
1733 239 1879 297 VIlI.
1927 270 1981 282 —
2024 240 2092 294 IN
2133 240 2291 296 CAP.
2332 242 2432 297 VII
2473 243 2536 297 B.
2579 242 2728 299 JOB.

3520 245 3626 298 826

194 364 505 435 malaquae
528 370 1147 437 appetuntnequeant,
1167 381 1428 436 superna
1444 381 1545 421 eos
1567 364 1855 421 districtio
1885 366 1932 420 A
1965 367 2148 422 sionis
2173 366 2455 437 imagine,
2490 368 2547 422 in
2587 367 2768 423 cubili
2796 368 2991 423 cordis
3016 368 3331 423 invenitur.
3365 368 3528 423 Unde
3564 374 3623 424 et

194 457 503 523 angustat.

268 541 423 615 [νει.
454 541 643 607 XVII,
675 542 794 597 Rec.
828 542 988 615 XII.]
1022 543 1109 599 40.
1164 543 1309 598 Idem
1356 559 1411 598 se
1456 544 1577 614 pati
1619 558 1854 614 querun-

192 640 290 687 tur
315 630 494 702 justi.
540 631 666 687 Non
700 648 816 703 pra?
855 639 1082 697 tumore,
1134 632 1223 686 sed
1251 648 1433 687 amore
1474 634 1750 690 veritatis.
1794 663 1853 671 —

191 721 392 776 Sancti
424 724 626 776 autem
661 720 788 787 viri,
822 738 943 794 quo
977 722 1280 778 mundiori
1312 722 1489 777 corde
1524 722 1857 777 caelestium

191 826 414 866 arcana
427 810 1020 876 considerant,auctis
1036 812 1112 867 ad
1126 812 1254 867 haec
1266 811 1529 883 quotidie
1544 810 1857 867 ardoribus

194 899 502 955 anhelant.
522 899 609 953 Ibi
618 900 745 970 jam
766 900 941 971 plene
956 901 1153 956 satiari
1188 900 1552 967 desiderant,
1576 901 1733 955 unde
1752 899 1855 956 ad-

191 989 313 1044 huc
345 1004 561 1060 parum
592 987 817 1060 aliquid
840 1005 941 1044 ore
966 989 1485 1062 contemplationis
1511 990 1853 1060 degustant.

194 1076 451 1133 Perfecta
480 1078 729 1149 cupiunt
756 1079 951 1133 carnis
982 1078 1289 1134 stimulum
1315 1078 1591 1145 subdere,
1622 1078 1766 1134 nihil
1794 1078 1856 1134 in

192 1168 558 1237 cogitatione
592 1166 857 1223 illicitum
891 1167 965 1223 de
993 1168 1123 1239 ejus
1140 1169 1265 1239 jam
1300 1169 1682 1241 corruptione
1713 1168 1856 1224 tole-

193 1272 359 1323 rare;
381 1256 485 1311 sed
499 1257 641 1329 quia
653 1257 939 1329 scriptum
955 1263 1077 1313 est:
1100 1258 1311 1329 Corpus
1331 1259 1468 1330 quod
1481 1260 1859 1329 corrumpitur

189 1348 456 1415 aggravet
478 1345 739 1407 animum,
780 1353 831 1399 et
859 1345 1120 1416 deprimit
1148 1353 1369 1402 terrena
1398 1347 1722 1402 inhabitatio
1742 1364 1858 1401 sen-

191 1451 315 1489 sum
366 1434 536 1488 multa
564 1435 845 1505 cogitatem
887 1434 1032 1506 (Sap.
1080 1452 1157 1501 ix,
1207 1438 1312 1507 l5),
1362 1436 1689 1493 intentione
1729 1437 1855 1507 jam

193 1522 443 1595 quidem
464 1522 614 1578 ultra
631 1524 982 1595 semetipsos
997 1525 1278 1591 eminent,
1301 1526 1403 1581 sed
1423 1532 1644 1592 tamen,
1661 1527 1859 1581 adhuc

191 1611 541 1668 inﬁrmitatis
560 1628 681 1667 suae
697 1612 937 1668 incertis
952 1614 1206 1669 motibus
1226 1614 1858 1687 subditi,corruptionis

1964 456 2191 511 eisdem
2210 456 2336 511 suis
2358 457 2745 513 dilectoribus
2774 458 3004 513 Veritas
3033 458 3173 512 dicit
3198 474 3210 512 :
3244 458 3484 529 Regnum
3514 458 3622 511 Dei

1964 545 2116 599 intra
2147 562 2232 599 vos
2262 554 2335 600 est
2376 547 2529 616 (Luc.
2564 551 2848 617 xvu,'2l).
2884 550 2947 602 Et
2978 563 3214 602 rursum
3246 564 3258 601 :
3301 547 3362 601 Si
3385 563 3475 617 ego
3515 563 3623 601 non

1963 634 2165 700 abiero,
2208 634 2521 690 Paraclitus
2570 652 2672 690 non
2720 637 2896 690 veniet
2936 636 3116 707 (Joan.
3168 653 3285 707 xv1,
3343 639 3422 707 7).
3456 643 3537 692 Ac
3570 636 3620 692 si

1964 729 2167 796 aperte
2180 725 2421 781 diceret:
2438 725 2939 781 Siabintentionis
2960 731 3169 781 vestrm
3194 726 3381 781 oculis
3403 741 3627 797 corpus

1964 829 2083 870 non
2099 812 2401 879 subtraho,
2420 814 2495 869 ad
2512 814 2868 870 intellectum
2886 831 2987 869 vos
3001 814 3357 871 invisibilem
3372 831 3472 885 per
3486 830 3629 870 con-

1964 903 2280 979 solatorem
2305 905 2583 974 Spiritum
2603 920 2724 959 non
2743 905 3024 974 perduco.
3055 903 3197 959 Hinc
3220 904 3490 973 dejustis
3522 919 3628 975 per

1965 992 2338 1047 Psalmistam
2363 992 2576 1047 dicitur
2605 1009 2615 1047 :
2641 992 3009 1048 Exsultabunt
3028 993 3205 1048 sancti
3226 993 3284 1047 in
3309 993 3507 1063 gloria.
3536 993 3627 1047 ιω-

1963 1081 2232 1136 tabuntur
2257 1082 2316 1135 in
2345 1081 2605 1137 cubitibus
2628 1082 2741 1136 suis
2769 1083 2943 1153 (Psat.
2976 1098 3163 1146 cxux,
3200 1084 3275 1153 5),
3307 1082 3447 1154 quia
3473 1081 3627 1137 scili-

1963 1178 2053 1226 cet
2078 1187 2215 1226 cum
2248 1171 2407 1226 mala
2431 1170 2509 1227 ab
2540 1171 2929 1227 exterioribus
2959 1171 3211 1239 fugiunt,
3247 1170 3438 1225 securi
3472 1170 3628 1227 intra

1966 1260 2255 1315 mentium
2286 1265 2510 1316 secreta
2548 1261 2896 1331 gloriantur.
2942 1260 3054 1317 Sed
3088 1269 3227 1316 tunc
3257 1260 3464 1315 laetitia
3495 1275 3624 1315 cor-

1964 1348 2130 1404 dium
2162 1349 2267 1404 erit
2296 1348 2553 1420 perfecta
2582 1366 2719 1405 cum
2745 1351 2940 1405 carnis
2979 1350 3233 1405 exterius
3266 1364 3469 1420 pugna
3500 1364 3621 1404 non

1964 1438 2154 1494 fuerit.
2176 1442 2324 1494 Nam
2346 1454 2665 1511 quousque
2684 1455 2823 1494 caro
2844 1438 3026 1503 illicit,
3049 1440 3191 1510 quia
3214 1438 3386 1511 quasi
3405 1438 3628 1494 domus

1966 1534 2183 1583 nostrae
2205 1528 2400 1600 paries
2422 1528 2707 1600 quatitur,
2724 1529 2902 1583 etiam
2918 1528 3111 1583 cubile
3136 1529 3427 1583 turbatur.
3458 1527 3626 1583 Unde

1965 1625 2021 1673 et
2041 1623 2197 1673 recte
2211 1633 2316 1689 per
2334 1617 2612 1673 eumdem
2634 1618 3007 1673 Psalmistam
3021 1617 3266 1675 dicitur:
3305 1617 3629 1673 Universum

194 1716 263 1756 se
293 1715 527 1756 carcere
556 1700 795 1757 clausos
835 1701 1058 1757 dolent.
1094 1703 1185 1757 Ait
1211 1719 1351 1773 ergo
1379 1720 1392 1757 :
1419 1704 1685 1776 Nunquid
1710 1720 1859 1760 mare
1894 1716 1937 1772 Β
1964 1714 2199 1762 stratum
2228 1707 2342 1777 ejus
2371 1706 2605 1760 versasti
2634 1708 2692 1760 in
2724 1706 3050 1777 inﬁrmitate
3078 1706 3192 1776 ejus
3220 1705 3397 1775 (Psat.
3424 1722 3515 1771 XL,
3548 1706 3626 1776 4),

189 1807 313 1845 sum
338 1807 445 1862 ego,
476 1797 572 1845 aut
602 1797 764 1854 cetus,
797 1792 925 1863 quia
957 1793 1361 1848 circumdedisti
1392 1811 1469 1849 me
1494 1811 1706 1849 carcere
1731 1794 1758 1849 ?
1779 1802 1859 1851 Ac

193 1880 242 1935 si
270 1887 475 1951 aperte
513 1880 734 1935 diceret
763 1897 776 1935 :
815 1882 963 1937 Mare
1004 1882 1095 1937 vel
1128 1888 1310 1949 cetus,
1345 1883 1537 1954 iniqui
1568 1884 1857 1952 videlicet,

192 1985 527 2042 eorumque
542 1975 749 2025 auctor
762 1970 1058 2041 malignus
1076 1972 1767 2045 spiritus,quiaeffrenari
1781 1975 1859 2031 ad

193 2058 392 2114 solam
420 2059 831 2131 perpetrandae
854 2060 1189 2133 iniquitatis
1215 2061 1527 2121 licentiam.
1546 2070 1856 2135 appetunt,

193 2155 355 2204 recte
375 2164 566 2220 paenae
581 2164 703 2204 suae
722 2165 958 2205 carcere
976 2152 1483 2221 constringuntur.
1499 2155 1618 2223 Ego
1634 2159 1855 2221 autem,

193 2238 303 2310 qui
315 2237 441 2309 jam
467 2239 809 2294 aeternitatis
827 2244 939 2295 tuae
966 2239 1299 2298 libertatem
1313 2242 1606 2308 desidero,
1631 2260 1734 2302 cur
1757 2245 1859 2301 ad-

191 2329 315 2384 huc
336 2343 482 2384 meas
505 2344 741 2384 carcere
755 2330 1154 2401 corruptionis
1174 2348 1414 2402 premor
1432 2332 1635 2398 ‘IQuod
1658 2338 1857 2389 tamen

194 2433 310 2473 nec
333 2433 364 2471 a
380 2416 557 2488 justis
576 2418 832 2489 superbe
848 2419 1184 2490 requiritur,
1203 2423 1365 2492 quia,
1383 2437 1584 2478 amore
1601 2422 1858 2478 veritatis

195 2506 461 2572 accensi,
477 2504 834 2562 inﬁrmitatis
856 2524 978 2563 suae
995 2509 1302 2577 angustias
1316 2512 1649 2580 transgredi
1673 2512 1859 2583 perfe-

195 2600 291 2650 cte
319 2594 751 2666 concupiscunt
780 2612 794 2660 ;
818 2613 927 2651 nec
954 2597 1033 2653 ab
1058 2598 1617 2669 auctorejustorum
1639 2600 1859 2672 injuste

192 2684 558 2755 disponitur,
593 2685 737 2757 quia
766 2686 1089 2742 electorum
1122 2704 1371 2744 suorum
1416 2695 1550 2745 vota
1580 2690 1860 2747 differens

194 2773 450 2837 cruciat,
478 2774 747 2830 crucians
771 2781 1005 2846 purgat,
1036 2782 1097 2831 ut
1117 2777 1191 2832 ad
1212 2778 1666 2850 percipiendum
1694 2780 1859 2851 quod

191 2860 546 2919 desiderant
566 2864 935 2935 quandoque
955 2866 1164 2920 melius
1190 2882 1261 2922 ex
1279 2867 1564 2924 dilatione
1586 2869 1861 2925 convale-

192 2955 394 3007 scant.
426 2951 603 3007 Elecli
634 2957 833 3009 autem
855 2970 1173 3026 quousque
1194 2956 1272 3011 ab
1302 2956 1511 3013 intima
1537 2959 1731 3029 quiete
1750 2958 1859 3014 dif-

188 3039 493 3106 feruntur,
510 3042 587 3097 ad
609 3057 711 3097 cor
723 3059 899 3098 suum
923 3043 1174 3100 redeunt
1196 3060 1208 3109 ;
1235 3044 1457 3118 ibique,
1473 3062 1508 3102 a
1529 3048 1861 3104 earnissum

186 3142 225 3173 ι
252 3130 589 3186 tumultibus
611 3129 1080 3205 absconsi,quasi
1095 3135 1558 3191 amoenissimum
1576 3141 1862 3193 secretum

188 3223 431 3293 petunt.
459 3220 575 3276 Sed
597 3220 657 3276 in
678 3237 748 3277 eo
769 3237 929 3293 saepe
952 3224 1291 3279 tentationis
1315 3224 1555 3281 aculeos
1581 3228 1860 3291 sentiunt,

191 3309 401 3365 carnis
422 3310 717 3366 incentiva
736 3312 1059 3381 patiuntur;
1078 3318 1133 3367 et
1148 3312 1223 3367 ibi
1238 3315 1864 3383 gravissimoslabores

191 3398 547 3469 inveniunt,
580 3398 683 3454 ubi
717 3415 999 3468 magnam
1029 3402 1288 3473 requiem
1321 3418 1356 3457 a
1386 3402 1586 3459 labore
1617 3405 1866 3475 quaesie-

186 3491 360 3544 rant.
406 3488 569 3543 Unde
602 3494 843 3543 sanctus
864 3489 954 3543 vir
978 3496 1110 3561 post
1136 3490 1504 3547 insinuatum
1534 3494 1704 3564 261
1734 3510 1864 3550 cor-

187 3576 504 3649 ruptionis
535 3592 658 3631 suae
684 3592 1005 3643 carcerem,
1034 3576 1063 3618 b
1093 3578 1171 3633 ad
1200 3577 1406 3650 quieta
1436 3581 1632 3635 cordis
1672 3583 1865 3652 spatia

186 3665 401 3723 redire
428 3664 732 3730 festinans,
763 3665 908 3729 quia
934 3665 1214 3722 eamdem
1238 3668 1429 3723 rixam
1456 3674 1511 3724 et
1549 3667 1609 3723 in
1641 3669 1865 3726 intimis

191 3755 635 3827 invenitquam
656 3754 733 3811 ab
750 3755 1143 3811 exterioribus
1162 3756 1330 3826 fugit,
1346 3758 1617 3828 protinus
1639 3758 1864 3828 subdit,

190 3844 419 3901 dicens
464 3859 477 3899 :

565 3934 790 3990 CAPUT
828 3937 984 3990 xxw
1019 3933 1172 4007 [Rea
1205 3934 1399 4009 XIII].

274 4026 447 4078 Vens.
484 4026 565 4088 l3,
605 4026 686 4078 14.
718 4054 789 4064 -
826 4023 888 4079 Si
928 4024 1139 4089 dixero,
1188 4024 1552 4080 consolabitur
1581 4042 1661 4080 me
1702 4025 1868 4082 lectu-

191 4115 285 4171 lus
314 4129 487 4181 meus,
520 4119 569 4166 et
597 4112 872 4168 relevabor
899 4112 1117 4184 loquens
1141 4131 1346 4169 mecum
1366 4127 1390 4156 ο
1420 4115 1480 4169 in
1505 4122 1685 4171 stratu
1709 4133 1819 4171 meo
1847 4134 1861 4183 ;

189 4202 439 4261 terrebis
474 4219 554 4257 me
584 4219 681 4273 per
716 4203 946 4269 somnia,
986 4211 1035 4258 et
1074 4220 1169 4274 per
1209 4204 1434 4259 visiones
1482 4204 1708 4260 horrore
1747 4223 1865 4261 con-

192 4293 396 4350 cuties.

269 4386 367 4438 41.
409 4381 598 4437 Justus
645 4381 710 4436 ab
740 4382 1103 4438 exterioribus
1148 4383 1219 4437 ad
1241 4400 1334 4439 cor
1357 4384 1521 4450 redit,
1559 4401 1648 4440 nec
1678 4386 1757 4440 ibi
1782 4403 1864 4440 re-

188 4475 388 4545 quiem
415 4471 643 4527 invenit.
674 4472 1018 4527 Judiciorum
1041 4472 1143 4527 Dei
1167 4480 1375 4528 terrore
1399 4472 1677 4529 turbatur.
1708 4506 1775 4514 —
1801 4475 1865 4530 In

188 4576 381 4619 sacro
404 4560 906 4633 namqueeloquio
934 4561 1201 4626 lectulus,
1231 4561 1441 4630 cubile,
1475 4565 1563 4618 vel
1591 4570 1862 4630 stratum,

190 4655 501 4708 secretum
533 4650 681 4705 solet
712 4650 908 4705 cordis
940 4650 1203 4720 intelligi.
1240 4652 1381 4706 Hinc
1412 4657 1499 4707 est
1520 4652 1675 4707 enim
1701 4653 1865 4724 quod

188 4740 317 4795 sub
354 4738 828 4811 uniuscujusque
859 4739 1075 4795 animae
1109 4740 1307 4811 specie
1346 4755 1588 4812 sponsa,
1623 4741 1868 4798 occultis

191 4828 465 4887 stimulis
489 4829 676 4884 sancti
704 4830 925 4884 amoris
945 4830 1220 4895 excitata,
1249 4831 1305 4884 in
1330 4829 1587 4886 Canticis
1608 4831 1869 4888 cantico-

184 4934 340 4976 rum
366 4917 509 4971 dicit
543 4932 553 4971 :
605 4916 675 4971 In
707 4917 903 4973 tectulo
945 4935 1055 4972 meo
1096 4935 1198 4988 per
1236 4926 1411 4973 noctes
1458 4920 1678 4990 quaesivi
1716 4938 1868 4991 quem

188 5009 392 5079 diligit
417 5008 605 5062 anima
624 5024 739 5062 mea
764 5007 949 5081 (Cant.
997 5025 1070 5072 III,
1124 5009 1190 5080 t).
1225 5012 1287 5064 In
1312 5009 1527 5066 lectulo
1553 5011 1778 5082 quippe
1814 5016 1867 5068 et

190 5115 311 5172 per
334 5102 572 5153 noctem
590 5096 838 5152 dilectus
866 5098 1172 5169 quaeritur,
1197 5098 1342 5168 quia
1365 5099 1649 5154 nimirum
1674 5100 1870 5156 invisi-

186 5189 341 5245 bilis
371 5186 695 5243 conditoris
721 5188 969 5259 species,
1000 5202 1272 5257 repressa
1294 5188 1456 5243 omni
1485 5204 1753 5260 corporis
1780 5191 1869 5245 vi-

270 5352 301 5383 a
334 5342 366 5393 2
392 5336 664 5403 Vindoc.,
696 5336 935 5392 stimulis
962 5337 1043 5392 vel
1062 5337 1402 5393 tumultibus.

268 5412 304 5454 ιι
337 5409 901 5482 Edit.»qposteﬁriores,
915 5409 997 5482 ad
1025 5410 1259 5481 quietam
1286 5410 1461 5465 cordis
1481 5411 1746 5482 patriam,
1777 5428 1868 5467 re-

186 5480 615 5556 pugnantibus
646 5481 781 5535 Mss.
815 5480 1127 5546 Bellovac.,
1166 5482 1429 5549 Vindoc.,
1465 5480 1705 5549 Turon.,
1732 5487 1869 5540 Nor-

186 5569 396 5616 mam,
428 5557 517 5607 etc

272 5636 301 5665 ο
335 5625 577 5695 Gemet.,
613 5623 673 5679 in
701 5629 894 5680 strato.

1968 1797 2108 1869 quia
2137 1795 2284 1851 dum
2313 1812 2422 1850 nos
2459 1797 2698 1850 tentatio
2742 1795 2936 1851 carnis
2971 1796 3252 1863 concutit,
3286 1795 3631 1850 tremefacta

1968 1893 2171 1942 nostra
2189 1884 2492 1940 inﬁrmitas
2513 1884 2679 1939 etiam
2706 1884 2910 1939 mentis
2930 1884 3117 1939 cubile
3135 1884 3457 1939 confundit.
3477 1882 3630 1949 Quid

1970 1992 2109 2031 vero
2136 1975 2249 2030 hoc
2279 1975 2410 2031 loco
2444 1975 2683 2029 somnia
2712 1975 2799 2029 vel
2841 1975 3099 2029 visiones
3131 1974 3481 2046 accipimus,
3514 1973 3630 2029 nisi

1969 2065 2422 2134 imaginationes
2440 2064 2618 2119 ultimi
2631 2063 2990 2136 districtiqne
3004 2064 3287 2119 examinis
3304 2063 3331 2117 ?
3347 2063 3627 2135 quodjam

1969 2160 2272 2224 utcunque
2304 2169 2410 2224 per
2436 2154 2708 2208 timorem
2742 2154 3064 2215 cernimus,
3097 2152 3201 2207 sed
3228 2158 3426 2207 tamen
3453 2157 3515 2208 ut
3541 2155 3631 2207 est

1967 2243 2255 2298 veraciter
2282 2257 2403 2297 non
2433 2241 2729 2296 videmus.
2758 2240 2956 2296 Sancti
2979 2242 3178 2311 itaque
3211 2240 3337 2305 viri,
3383 2244 3445 2295 ut
3484 2240 3631 2295 dixi-

1970 2348 2127 2395 mus,
2154 2330 2231 2386 ad
2249 2329 2444 2385 cordis
2462 2344 2699 2401 semper
2716 2336 2944 2386 secreta
2966 2329 3237 2395 redeunt,
3255 2344 3392 2384 cum
3411 2328 3489 2383 ab
3514 2327 3629 2383 hoc

1969 2420 2198 2476 mundo
2228 2419 2319 2474 vel
2364 2418 2516 2475 ultra
2543 2425 2754 2475 votum
2801 2433 3105 2491 prospera,
3161 2418 3253 2474 vel
3286 2417 3436 2474 ultra
3474 2417 3629 2472 vires

1969 2510 2222 2567 adversa
2250 2509 2558 2581 patiuntur
2586 2515 2817 2581 ;atque,
2848 2508 3103 2564 externis
3134 2507 3443 2564 laboribus
3469 2508 3625 2573 fessi,

1968 2600 2141 2674 quasi
2168 2603 2420 2655 stratum
2446 2598 2538 2654 vel
2560 2598 2863 2662 lectulum,
2897 2597 3123 2653 cubilia
3156 2598 3372 2653 mentis
3400 2602 3627 2668 petunt.

1971 2689 2085 2744 Sed
2111 2688 2256 2743 dum
2270 2688 2637 2759 quibusdam
2650 2686 3179 2756 imaginationibus
3195 2687 3630 2755 cogitationum

1968 2794 2155 2851 quam
2171 2777 2287 2833 sint
2313 2776 2552 2832 subtilia
2574 2776 3020 2846 divinajudicia
3034 2775 3436 2846 conspiciunt,
3452 2773 3630 2847 quasi

1970 2868 2031 2923 in
2070 2868 2201 2938 ipsa
2252 2866 2416 2921 strati
2458 2866 2550 2920 sui
2598 2866 2801 2937 requie
2848 2864 3064 2920 somnii
3113 2864 3340 2920 visione
3378 2863 3628 2919 turban-

1974 2962 2083 3012 tur.
2124 2955 2613 3027 Contemplantur
2643 2954 2802 3010 enim
2848 2969 3035 3026 quam
3089 2953 3393 3009 districtus
3440 2952 3632 3023 judex

1900 3073 1941 3129 ρ
1974 3045 2475 3118 veniat,qui,dum
2495 3045 2547 3099 vi
2569 3043 2885 3100 immensae
2901 3042 3335 3114 magnitudinis
3356 3042 3629 3097 cordium

1973 3141 2200 3191 secreta
2229 3135 2543 3195 illuminat,
2576 3150 2787 3190 omnes
2814 3138 2947 3188 ante
2979 3132 3184 3189 oculos
3214 3133 3427 3203 culpas
3458 3130 3633 3187 redu-

1973 3231 2086 3281 cat.
2105 3223 2710 3297 Pensantquantailla
2723 3226 2795 3279 sit
2821 3223 3198 3288 verecundia,
3220 3223 3277 3277 in
3305 3224 3632 3293 conspectu

1973 3320 2114 3371 tunc
2154 3314 2333 3371 totius
2365 3314 2612 3369 humani
2654 3313 2906 3382 generis,
2948 3312 3299 3384 angelorum
3333 3310 3629 3376 omnium,

1974 3404 2592 3475 archangelorumque
2638 3402 2945 3458 confundi.
2985 3402 3321 3474 Perpedunt
3350 3400 3454 3471 qui
3498 3403 3635 3472 post

1974 3494 2386 3550 confusionem
2413 3492 2709 3547 cruciatus
2742 3496 3000 3556 maneat,
3034 3507 3172 3546 cum
3207 3497 3261 3545 et
3291 3495 3489 3546 reatus
3512 3488 3636 3544 ani-

1978 3598 2143 3636 mum
2166 3579 2577 3635 immortaliter
2604 3579 2955 3633 morientem
2992 3585 3046 3633 et
3072 3576 3634 3633 indeﬁcienterdefi-

1975 3671 2225 3726 cientem
2240 3684 2480 3724 carnem
2495 3668 2772 3737 gehenna
2784 3674 3120 3723 consumat.
3134 3669 3279 3723 Cum
3297 3668 3495 3738 itaque
3512 3671 3635 3721 tam

1975 3758 2190 3830 pavida
2212 3757 2627 3827 imaginatione
2650 3771 2819 3811 mens
2836 3756 3266 3828 quatitur,quid
3285 3755 3443 3811 aliud
3462 3770 3633 3826 quam

1975 3847 2036 3902 in
2069 3850 2259 3901 stratu
2285 3845 2444 3900 triste
2490 3844 2794 3899 somnium
2828 3843 3105 3899 videtur?
3131 3846 3292 3899 Dicat
3344 3859 3486 3912 ergo
3523 3859 3536 3897 :
3572 3841 3637 3898 Si

1978 3934 2174 3990 dixero
2206 3932 2587 3990 Consolabitur
2613 3949 2691 3988 me
2715 3932 2946 3987 lectulus
2975 3948 3146 3997 meus,
3174 3939 3223 3987 et
3252 3930 3532 3985 retevabor
3563 3929 3637 3984 lo—

1973 4042 2136 4096 quens
2173 4041 2372 4081 mecum
2406 4027 2466 4079 in
2502 4030 2682 4079 stratu
2720 4040 2849 4087 meo,
2884 4022 3116 4077 terrebis
3154 4038 3233 4076 me
3268 4037 3372 4092 per
3404 4020 3634 4087 somnia,

1974 4122 2022 4171 et
2037 4132 2138 4186 per
2153 4115 2381 4171 visiones
2405 4115 2629 4169 horrore
2650 4112 2940 4168 concuties.
2966 4122 3045 4168 Ac
3064 4113 3107 4168 si
3134 4120 3334 4183 aperte
3358 4110 3635 4174 fateatur,

1975 4205 2181 4262 dicens
2215 4222 2225 4259 :
2263 4207 2339 4271 Si,
2387 4204 2680 4261 exteriora
2710 4202 2963 4272 fugiens,
3007 4204 3301 4257 introrsus
3350 4199 3551 4268 redeo,
3584 4202 3641 4254 et

1976 4299 2279 4367 utcunque
2308 4291 2713 4367 requiescered
2736 4292 2797 4347 in
2823 4292 3015 4349 cordis
3046 4291 3229 4347 cubili
3259 4289 3636 4360 concupisco,

1979 4383 2059 4439 ibi
2075 4400 2188 4448 me,
2218 4384 2363 4439 dum
2381 4384 2763 4440 districtionis
2779 4389 2890 4439 tua:
2908 4379 3397 4452 contemplationi
3429 4378 3641 4450 objicis

1978 4473 2360 4529 vehementer
2382 4488 2487 4543 per
2503 4473 2664 4543 ipsas
2683 4488 2832 4529 mea;
2851 4471 3239 4544 providentiae
3267 4468 3643 4539 imaginatio-

1977 4576 2083 4616 nes
2106 4567 2308 4617 terres.
2336 4563 2485 4615 Bene
2502 4567 2701 4617 autem
2721 4561 2938 4617 dicitur
2962 4577 2975 4616 :
2995 4561 3067 4616 Et
3099 4559 3397 4624 retevabor,
3426 4558 3643 4628 loquens

1978 4666 2176 4705 mecum
2204 4650 2261 4704 in
2290 4657 2469 4705 stratu
2496 4667 2625 4716 meo,
2672 4652 2847 4723 262
2881 4650 3028 4722 quia
3060 4649 3344 4705 nimirum
3384 4662 3523 4703 cum
3562 4644 3641 4702 ad

1978 4740 2194 4794 mentis
2232 4744 2448 4795 nostris
2477 4739 2781 4796 silentium
2804 4740 2945 4796 fessi
2982 4739 3353 4803 revertimur,
3382 4735 3555 4808 quasi
3581 4734 3641 4788 in

1979 4831 2166 4883 stratu
2195 4828 2620 4901 colloquentes,
2653 4831 2887 4887 occulta
2906 4830 3058 4886 intra
3081 4844 3187 4884 nos
3205 4825 3639 4897 cogitationum

1980 4916 2162 4973 verba
2190 4934 2517 4975 versamus.
2546 4919 2657 4975 Sed
2688 4920 2814 4975 haec
2846 4920 2978 4990 ipsa
3004 4922 3204 4973 nostra
3234 4912 3547 4970 collocutio
3575 4910 3635 4965 in

1978 5023 2260 5078 pavorem
2288 5008 2542 5076 vertitur,
2583 5011 2727 5081 quia
2751 5025 2821 5064 ex
2853 5008 2950 5064 illa
2980 5004 3393 5061 vehementius
3416 4998 3637 5055 intelle-

1977 5102 2106 5153 ctus
2128 5097 2321 5167 nobis,
2348 5098 2452 5170 qui
2476 5095 2994 5168 terroremjudicis
3017 5106 3043 5137 θ
3073 5095 3317 5149 intentet
3347 5091 3406 5146 in
3440 5091 3635 5143 mente

1979 5188 2257 5258 aperitur.

2056 5338 2081 5379 ἀ
2116 5339 2286 5404 Editi,
2333 5339 2393 5393 in
2449 5336 2628 5392 cordis
2667 5335 2909 5391 cubiculo
2948 5350 3168 5405 concup.
3228 5334 3309 5388 lbi
3344 5333 3481 5389 mihi
3517 5333 3648 5390 dum

1987 5409 2351 5463 districtionis
2377 5416 2481 5462 tute
2512 5407 3014 5477 contemplationem
3045 5405 3251 5477 objicis.

2049 5492 2074 5519 ο
2102 5480 2164 5532 Id
2207 5481 2290 5534 Ita
2328 5480 2567 5543 Bellov.,
2599 5476 2771 5533 Corb.
2810 5480 3007 5534 Germ.
3032 5476 3315 5533 et'Norm.
3343 5480 3405 5533 In
3438 5476 3647 5548 Editis,

1987 5551 2302 5607 innotescat.
2331 5550 2601 5613 Vindoc.,
2636 5565 2745 5623 pro
2785 5551 2843 5605 in
2875 5556 3067 5619 mente,
3098 5549 3323 5606 habent
3349 5549 3570 5607 intente.
