4108 6184
518 236 621 292 827

1789 233 2045 290 SANCTI
2086 231 2432 290 GREGOBII
2472 229 2694 287 MAGNI
3774 231 3854 285 828

591 360 739 435 [νει.
792 358 1037 429 Χνηω
1090 362 1178 414 42.
1225 359 1565 415 Somniorum
1598 377 1692 415 sex
1735 377 1926 416 causae.
1980 392 2047 402 -—
2095 363 2173 415 Ne
2207 360 2253 413 A
2288 357 2558 413 menhasc
2575 355 2830 426 maligne
2850 350 3847 426 ageresupernadispensatiobenigne

517 451 653 524 quis
682 466 823 506 vero
860 449 990 505 haec
1019 449 1251 505 studeat
1292 450 1464 520 juxta
1493 450 1748 506 litteram
1790 450 2170 522 perscrutari,

520 541 944 613 exquirendum
962 554 1323 609 magnopere
1337 543 1422 593 est
1437 543 1578 611 quot
1593 539 1776 595 modis
1795 545 2038 612 tangant
2053 539 2176 595 ani-

520 647 690 687 mum
708 630 1002 699 imagines
1026 627 1417 683 somniorum.
1442 628 1781 700 Aliquando
1795 646 2059 701 namque
2086 644 2177 685 so-

521 720 688 776 mnia
718 719 935 774 ventris
968 715 1359 789 plenitudine,
1388 717 1477 772 vel
1507 718 1815 785 inanitate,
1847 718 2176 791 aliquando

518 825 661 865 vero
692 808 981 876 illusione,
1012 806 1341 877 aliquando
1371 808 1728 876 cogitatione
1761 809 1940 864 simul
1967 813 2022 864 et
2044 808 2177 863 illu-

521 899 704 963 sione,
722 896 1047 968 aliquando
1064 895 1447 961 revelatione,
1461 896 1788 969 aliquando
1803 902 2001 953 autem
2021 897 2178 968 cogi-

518 987 741 1043 tatione
756 984 931 1041 simul
945 985 1369 1041 etrevelalione
1383 990 1759 1057 generantur.
1778 988 1890 1044 Sed
1904 987 2026 1042 duo
2042 1002 2177 1058 quas

518 1076 716 1148 prima
747 1074 1009 1130 diximus
1042 1091 1252 1131 omnes
1296 1077 1696 1147 experimento
1735 1077 2175 1149 cognoscimus,

520 1161 842 1233 subjuneta
858 1169 1056 1220 autem
1076 1165 1401 1237 quatuorin
1416 1182 1598 1221 sacrae
1613 1166 1927 1238 Scriptura:
1946 1165 2179 1238 paginis

519 1252 863 1309 inverimus.
911 1254 1155 1310 Somnia
1185 1256 1401 1310 etenim
1431 1255 1548 1311 nisi
1583 1256 1939 1328 plerumque
1978 1256 2056 1311 ab
2086 1271 2181 1310 oc-

519 1341 680 1398 culto
708 1342 876 1399 hoste
901 1343 1359 1415 perillusionem
1393 1345 1617 1410 ﬁerent,
1647 1360 2035 1417 nequaquam
2068 1346 2181 1401 hoc

518 1432 609 1487 vir
638 1435 877 1505 sapiens
898 1434 1187 1490 indicaret
1212 1434 1417 1491 dicens
1443 1452 1454 1491 :
1489 1436 1693 1491 Multos
1719 1452 1912 1491 errare
1934 1437 2181 1507 fecerunt

516 1522 745 1588 somnia,
776 1526 827 1578 et
846 1523 1295 1579 illusionesvance
1317 1525 1515 1596 (Eccli.
1545 1542 1744 1591 xxxuv,
1772 1524 1851 1595 7).
1872 1526 1968 1581 Vel
1986 1530 2176 1582 certe:

518 1610 643 1668 Non
663 1612 1094 1683 augurabimini,
1122 1631 1210 1668 nec
1230 1613 1576 1670 observabitis
1603 1615 1818 1671 somnia
1844 1616 2039 1686 (Levit.
2060 1632 2177 1681 xxx,

2286 446 2590 519 permittit,
2625 462 2696 501 ne
2745 445 2804 499 in
2833 443 3155 499 electorum
3189 442 3462 497 cordibus
3505 442 3619 513 ipse
3647 442 3812 499 saltem
3834 462 3859 501 a

2286 536 2586 605 passionis
2611 532 2860 605 praemio
2894 547 3146 587 somnus
3178 536 3364 585 vacet.
3395 533 3539 585 Bene
3559 546 3681 599 ergo
3700 534 3859 587 rectori

2285 624 2556 681 omnium
2588 623 2803 679 dicitur
2838 638 2851 677 :
2888 622 2947 677 Si
2976 620 3165 675 dixero
3189 618 3569 675 Consolabitur
3602 636 3671 673 me
3693 619 3863 675 lectulus

2285 730 2448 779 meus,
2482 719 2533 768 et
2562 712 2841 769 relevabor
2878 711 3092 782 loquens
3125 726 3325 765 mecum
3358 709 3418 763 in
3452 715 3619 763 stratu
3646 725 3753 772 ineo,
3788 716 3864 762 ter-

2287 803 2426 858 rebis
2458 820 2537 859 me
2562 820 2658 873 per
2682 802 2911 867 somnia,
2946 807 3000 855 et
3025 815 3125 870 per
3147 798 3378 853 uisiones
3396 798 3607 852 horrore
3633 802 3862 864 concutias,

2287 892 2431 964 quia
2449 892 2729 947 nimirum
2747 890 2922 962 263
2944 889 3098 944 Deus
3119 886 3460 943 mirabiliter
3478 886 3867 957 cunctadispen-

2288 986 2396 1047 sat,
2431 986 2487 1036 et
2512 981 2641 1053 ipse
2673 979 2812 1036 facit
2832 977 2999 1050 quod
3026 976 3327 1047 malignus
3349 975 3578 1046 spiritus
3607 976 3787 1048 injuste
3805 975 3868 1031 ia-

2290 1087 2418 1127 cere
2437 1071 2681 1143 appetit,
2704 1070 2805 1141 qui
2821 1069 2935 1124 hoc
2954 1066 3323 1123 fierinonnisi
3336 1066 3492 1137 juste
3514 1065 3771 1136 permittit.
3788 1064 3870 1120 Sed

2288 1161 2433 1232 quia
2443 1159 2463 1230 j
2476 1164 2745 1215 ustorum
2763 1159 2879 1214 vita
2895 1165 2950 1213 et
2965 1172 3068 1229 per
3086 1154 3317 1227 vigilias
3332 1155 3633 1210 teutatione
3645 1154 3869 1225 quatitur,

2290 1255 2346 1307 et
2383 1266 2488 1321 per
2509 1249 2811 1305 somnium
2835 1247 3107 1303 illusione
3131 1246 3429 1315 fatigatur,
3457 1243 3590 1299 foris
3610 1242 3873 1315 corruptio-

2291 1340 2383 1396 nis
2409 1355 2532 1394 suas
2564 1338 2866 1395 molestias
2907 1336 3139 1404 tolerat,
3166 1335 3324 1391 intus
3368 1332 3523 1405 apud
3559 1334 3871 1403 semetipsam

2292 1430 2546 1501 graviter
2576 1428 2808 1484 illicitas
2838 1426 3230 1497 cogitationes
3255 1428 3470 1497 portat,
3492 1422 3627 1494 quid
3654 1426 3727 1477 est
3750 1420 3873 1492 quod

2291 1518 2486 1586 faciat,
2524 1522 2584 1573 ut
2622 1519 2837 1589 pedem
2869 1515 3065 1571 cordis
3097 1530 3133 1570 a
3164 1518 3249 1569 tot
3278 1509 3875 1582 scandalorumlaqueis

2290 1607 2499 1664 evellat
2521 1607 2547 1661 ?
2572 1609 2778 1675 Ecce,a
2814 1606 2984 1661 beate
3009 1603 3117 1668 vir,
3138 1608 3365 1675 quanta
3381 1601 3631 1673 undique
3652 1598 3875 1672 premeris

519 1700 639 1772 26).
672 1702 895 1766 Quibus
921 1703 1184 1773 profecto
1225 1704 1443 1769 verbis,
1475 1706 1646 1775 cujus
1690 1706 1805 1760 sint
1844 1706 2180 1761 detestatio—
2216 1720 2261 1776 Β
2290 1694 2730 1769 Ρθΐῐυνὺᾶῐίοηθ
2774 1694 3187 1765 ϐοεῑιονίωυεν
3257 1692 3357 1747 ⁵θά
3403 1688 3558 1763 (ἰυοά
3618 1687 3874 1744 consulum

521 1789 958 1845 nisostenditur
979 1807 1114 1862 quae
1128 1793 1394 1861 auguriis
1419 1794 1886 1863 coniunguntur.
1922 1798 2178 1849 Rursum

521 1878 973 1951 nisialiquando
994 1895 1067 1936 ex
1092 1882 1451 1951 cogitatione
1478 1882 1656 1938 simul
1674 1888 1731 1938 et
1750 1884 2022 1938 illusione
2045 1900 2180 1955 pro-

523 1967 818 2035 cederent,
857 1969 1141 2025 Salomon
1172 1970 1418 2027 minime
1445 1972 1691 2028 dixisset
1722 1990 1735 2027 :
1772 1973 1978 2031 Multas
2015 1989 2178 2029 curas

521 2064 826 2128 sequuntur
871 2060 1080 2115 somnia
1131 2060 1324 2126 (Eccle.
1363 2078 1417 2131 v,
1468 2063 1544 2133 2).
1599 2064 1661 2117 Et
1693 2062 1801 2117 nisi
1852 2063 2177 2134 aliquando

523 2149 758 2205 somnia
786 2164 859 2204 ex
889 2149 1176 2221 mysterio
1207 2151 1585 2206 revelationis
1607 2152 1921 2217 orirentur,
1953 2153 2179 2224 Joseph

521 2238 955 2310 praeferendum
971 2255 1031 2294 se
1048 2239 1329 2295 fratribus
1345 2242 1579 2297 somnio
1592 2257 1714 2297 non
1731 2241 1952 2298 videret
1968 2243 2175 2314 (Genes.

520 2343 736 2393 xxxvu,
768 2328 842 2399 7),
891 2343 1000 2384 nec
1042 2329 1236 2384 Marim
1270 2345 1563 2402 sponsum
1614 2336 1694 2397 ut,
1738 2330 1937 2387 ablato
1969 2348 2174 2403 puero,

520 2416 581 2473 in
598 2420 919 2489 Egyptum
940 2418 1209 2487 fugereta
1237 2435 1341 2491 per
1359 2420 1660 2475 somnium
1691 2420 1939 2493 angelus
1967 2421 2180 2477 admo-

521 2511 689 2562 neret
727 2507 950 2576 (Matth.
984 2524 1040 2573 η,
1100 2512 1186 2575 13,
1224 2511 1332 2579 14).
1380 2512 1638 2565 Rursum
1684 2511 1799 2564 nist
1847 2509 2177 2583 aliquando

522 2597 761 2653 somnia
775 2597 1130 2669 cogitatione
1145 2598 1323 2654 simul
1339 2604 1392 2655 et
1404 2599 1761 2655 revelatione
1778 2600 2174 2670 procederent,

520 2701 902 2759 nequaquam
917 2686 1117 2743 Daniel
1131 2688 1992 2760 propbeta,Nabuchodonosor
2007 2690 2177 2747 visio-

513 2792 653 2833 nem
670 2777 991 2845 disserens,
1016 2793 1050 2832 a
1070 2778 1269 2833 radice
1293 2778 1667 2848 cogitationis
1686 2778 2027 2835 inchoasset
2050 2798 2062 2835 :
2091 2782 2176 2835 Tu

512 2883 614 2920 rex
658 2866 890 2935 cogitare
921 2866 1133 2936 coepisti
1164 2867 1225 2921 in
1264 2874 1448 2923 stratu
1489 2874 1579 2923 tuo
1607 2868 1739 2938 quid
1764 2880 1891 2923 esset
1921 2870 2176 2941 futurum

512 2961 623 3026 post
665 2954 790 3019 haec,
831 2961 880 3009 et
927 2956 1024 3026 qui
1073 2956 1275 3010 rerelat
1318 2958 1576 3028 mysteria
1624 2958 1863 3012 ostendit
1909 2958 2013 3012 tibi
2062 2976 2177 3031 qua;

2290 1791 2491 1843 contra
2529 1785 2684 1841 hanc
2716 1783 2987 1840 invenias
3017 1781 3359 1839 audiamus.
3402 1779 3659 1852 Sequitur
3688 1795 3699 1832 :

2715 1927 2934 1982 CAPUT
2976 1928 3103 1981 xxv
3142 1924 3297 1998 [Rea
3344 1921 3531 1995 XIV].

2363 2074 2525 2127 Vens.
2556 2076 2638 2126 13.
2685 2102 2751 2110 -
2788 2069 3136 2136 Quamobrem
3187 2067 3347 2139 elegit
3393 2066 3715 2138 suspendium
3741 2062 3876 2116 anima

2288 2179 2423 2227 mea,
2456 2167 2506 2216 et
2538 2168 2757 2215 mortem
2788 2177 2902 2215 ossa
2941 2176 3076 2214 mea.

2360 2255 2447 2305 Iit.
2499 2251 2820 2306 Remedium
2864 2257 2938 2304 est
2990 2255 3179 2304 contra
3231 2248 3435 2302 mentis
3480 2246 3790 2305 anxietatem,
3830 2239 3877 2293 ad

2288 2342 2406 2396 alta
2437 2358 2550 2395 eam
2582 2341 2751 2412 ferre.
2796 2372 2853 2381 —-
2882 2338 3033 2404 Quid
3058 2353 3163 2410 per
3187 2338 3455 2393 animam
3488 2336 3597 2390 nisi
3625 2332 3802 2389 mentis
3820 2330 3878 2384 in-

2291 2432 2534 2502 tentio,q
2545 2429 2641 2484 uid
2661 2445 2766 2500 per
2783 2444 2918 2483 ossa
2936 2427 3259 2482 nisicarnis
3280 2425 3561 2481 fortitudo
3573 2418 3879 2492 designatur?

2290 2522 2479 2576 Omne
2492 2526 2689 2574 autem
2706 2517 2870 2591 quod
2896 2515 3284 2588 suspenditur
3303 2514 3513 2587 procul
3531 2507 3877 2568 dubioabimis

2289 2610 2576 2664 elevatur.
2594 2608 2809 2663 Anima
2822 2622 2964 2677 ergo
2981 2605 3377 2678 suspendium
3399 2604 3573 2675 eligit,
3596 2608 3649 2657 ut
3664 2615 3779 2656 ossa
3794 2613 3880 2652 mo-

2286 2699 2535 2763 riantur,
2567 2698 2710 2770 quia
2731 2697 2877 2751 dum
2905 2695 3122 2751 mentis
3145 2694 3399 2750 intentio
3430 2694 3506 2748 ad
3535 2693 3648 2749 alta
3666 2706 3719 2746 se
3738 2686 3881 2743 suble-

2289 2794 2401 2853 vat,
2430 2802 2677 2842 omnem
2697 2787 2753 2842 in
2770 2803 2831 2841 se
2850 2784 3259 2841 fortitudinem
3281 2784 3420 2839 vitae
3441 2781 3721 2839 exterioris
3736 2779 3878 2833 necat.

2288 2876 2489 2933 Sancti
2518 2876 2734 2931 etenim
2769 2874 2871 2930 viri
2895 2874 3220 2930 certissime
3253 2874 3451 2928 sciunt
3473 2873 3611 2944 quia
3637 2870 3820 2925 habere
3840 2865 3880 2919 in

2285 2967 2399 3022 hac
2432 2967 2555 3021 vita
2594 2965 2863 3037 requiem
2896 2979 3279 3036 nequaquam
3312 2967 3567 3034 possunt
3596 2977 3609 3026 ;
3639 2965 3688 3015 et
3711 2956 3881 3012 idcirco

513 3050 742 3099 ventura
773 3051 899 3099 sunt
929 3044 1097 3113 (Dan.
1132 3061 1190 3109 Il,
1231 3046 1342 3118 29).
1378 3049 1443 3101 Et
1478 3045 1658 3137 paulo
1698 3051 1839 3118 post
1870 3067 1882 3106 :
1932 3048 2171 3115 Videbas,
2208 3080 2248 3137 Ο
2287 3055 2675 3128 suspendium
2693 3054 3085 3125 eligunt,quia
3101 3050 3882 3119 nimirum,desideriaterrena

513 3141 563 3189 et
596 3150 705 3189 ecce
734 3134 890 3204 quasi
930 3142 1113 3190 statua
1158 3152 1265 3189 una
1311 3136 1558 3205 grandis,
1600 3144 1786 3191 statua
1831 3137 1932 3192 illa
1958 3156 2169 3210 magna,

512 3230 561 3279 et
603 3228 817 3277 statura
860 3223 1111 3277 sublimis
1154 3222 1329 3278 stabat
1374 3232 1564 3279 contra
1594 3231 1643 3278 te
1676 3225 1859 3295 (lbid.,
1901 3230 2016 3296 31),
2063 3235 2171 3283 etc.

514 3310 715 3367 Daniel
737 3312 937 3382 itaque
951 3312 1097 3367 dum
1113 3311 1418 3367 somnium
1432 3313 1885 3384 adimplendum
1909 3332 2176 3372 reveren-

513 3404 600 3456 ter
624 3399 904 3469 insinuat,
939 3406 994 3455 et
1020 3416 1094 3456 ex
1127 3416 1250 3472 qua
1271 3407 1466 3457 ortum
1503 3402 1577 3457 sit
1599 3405 1956 3473 cogitatione
1991 3409 2177 3462 mani-

514 3489 706 3554 festat,
734 3494 1005 3561 patenter
1032 3489 1369 3545 ostenditur
1400 3492 1546 3564 quia
1575 3492 1688 3547 hoc
1728 3492 2083 3567 plerumque
2104 3512 2174 3552 ex

515 3578 875 3650 cogitatione
906 3578 1084 3635 simul
1121 3584 1176 3635 et
1202 3580 1562 3637 revelatione
1588 3588 1925 3652 generatur.

587 3670 676 3724 43.
738 3668 973 3724 Somniis
1024 3685 1129 3724 non
1178 3669 1340 3741 facile
1401 3671 1741 3727 credendum.
1806 3672 1920 3728 Cur
1974 3673 2177 3730 diemon

512 3766 823 3814 sanctorum
864 3758 1029 3813 corda
1057 3762 1278 3814 somniis
1327 3761 1550 3831 afﬁcere
1576 3762 1813 3817 sinatur.
1848 3794 1915 3803 —
1947 3763 2060 3819 Sed
2087 3764 2179 3819 ni-

516 3850 735 3906 mirum
754 3866 891 3905 cum
907 3851 1138 3906 somnia
1155 3857 1235 3907 tot
1248 3868 1445 3907 rerum
1459 3852 1849 3923 qualitatibus
1868 3854 2046 3909 altern
2057 3861 2173 3919 ent,

514 3943 678 3997 tanto
697 3940 783 3995 eis
816 3940 976 3995 credi
1015 3940 1319 3996 difﬁcilius
1373 3942 1571 4005 debet,
1604 3948 1834 4014 quanto
1867 3950 1921 3999 et
1953 3960 2023 3999 ex
2055 3960 2176 4016 quo

513 4028 781 4101 impulsu
799 4029 1053 4094 veniant,
1078 4029 1308 4085 facilius
1332 4046 1451 4085 non
1480 4030 1690 4086 elucet.
1723 4032 1885 4103 Saepe
1914 4049 2177 4106 namque

515 4119 815 4189 malignus
835 4121 1075 4191 spiritus
1103 4121 1193 4175 his
1211 4136 1365 4192 quos
1382 4134 1587 4174 amore
1610 4120 1742 4175 vitae
1768 4123 2075 4193 praesentis
2096 4124 2177 4179 vi-

517 4209 769 4279 gilantes
792 4210 1085 4281 intercipit
1102 4224 1383 4281 prospera
1401 4209 1568 4263 etiam
1586 4208 2021 4265 dormientibus
2046 4228 2179 4283 pro-

518 4298 713 4366 mittit;
737 4305 792 4354 et
806 4315 957 4370 quos
974 4298 1297 4355 formidare
1317 4298 1571 4355 adversa
1586 4299 2031 4362 considerat,eis
2050 4302 2177 4358 haec

518 4386 722 4440 durius
738 4388 940 4443 somnii
960 4388 1309 4459 imaginibus
1323 4388 1885 4461 intentat,quatenus
1899 4390 2179 4448 indiscre-

519 4477 643 4529 tam
676 4480 933 4530 mentem
965 4477 1200 4533 diversa
1229 4478 1509 4550 qualitate
1531 4478 1773 4544 atficiat,
1799 4496 2054 4553 eamque
2075 4488 2177 4539 aut

522 4578 629 4635 spe
670 4563 1009 4631 sublevans,
1047 4570 1151 4621 aut
1187 4567 1529 4639 deprimens
1559 4570 1791 4635 timore,
1821 4571 2174 4628 confundat.

524 4655 693 4725 Saepe
707 4659 905 4708 autem
928 4654 1105 4711 etiam
1120 4663 1465 4714 sanctorum
1479 4658 1663 4714 corda
1677 4659 1913 4716 afﬁcere
1929 4661 2178 4717 somniis

523 4744 747 4808 nititur,
766 4747 826 4798 ut
847 4744 925 4798 ab
947 4744 1272 4800 intentione
1294 4748 1672 4816 cogitationis
1686 4749 1913 4816 solidae,
1939 4750 2014 4807 ad
2033 4756 2173 4806 tem-

520 4849 637 4907 pus
656 4832 860 4889 saltem
883 4839 1376 4906 momentumque
1399 4836 2044 4911 deriventur,quamvis
2065 4840 2179 4911 ipsi

520 4924 796 4997 protinus
825 4924 1097 4980 animum
1121 4924 1198 4980 ab
1215 4925 1509 4981 illusionis
1529 4928 1954 4997 imaginatione
1977 4930 2177 4985 discu-

521 5013 812 5071 tiant.Sed
830 5013 1022 5069 hostis
1038 5013 1329 5069 insidians
1345 5030 1467 5087 quo
1486 5031 1587 5071 eos
1602 5015 1913 5085 vigilantes
1935 5018 2180 5073 minime

522 5110 894 5176 superat,eos
915 5104 1278 5160 dormientes
1296 5104 2182 5177 graviusimpugnat.Quemta-

596 5283 891 5358 I_Bellov.,
923 5286 1167 5351 Gemet.,
1185 5284 1359 5341 Corb.
1375 5285 1594 5353 Germ.,
1614 5285 1796 5353 Colb.,
1807 5294 2183 5358 persomnium

526 5352 727 5430 veritas
767 5355 1096 5412 admoneret.
1143 5361 1207 5430 ln
1256 5358 1416 5420 Utic.,
1451 5352 1745 5430 expuncta
1781 5352 1929 5414 voce
1958 5360 2178 5427 veritas,

527 5424 1018 5499 antiguamanus
1043 5429 1276 5497 scripsit
1305 5424 1577 5499 angelus.

598 5493 626 5534 ι)
656 5493 740 5569 ita
780 5498 910 5569 Mss.
952 5499 1125 5553 Corb.
1165 5493 1410 5566 Germ,
1434 5501 1623 5567 Colb.,
1686 5504 1901 5568 Germ,
1941 5504 2181 5569 Turon.,

526 5564 794 5646 Yindoc._,
819 5568 1074 5646 Gemet.,,
1091 5572 1193 5646 sed
1213 5575 1348 5646 Reg.
1372 5564 1427 5646 et
1444 5564 1733 5646 nonnulli,
1751 5564 1905 5645 quos
1924 5590 2065 5646 sequ
2077 5564 2188 5630 un?-

528 5641 623 5695 tur
651 5638 1007 5710 posteriores
1029 5638 1178 5695 Edit.
1208 5638 1374 5699 :EEce
1390 5643 1575 5701 beatus
1602 5644 1694 5699 vir
1716 5638 1920 5717 quanta
1950 5638 2185 5719 undique

2285 3144 2650 3210 deserentes,
2668 3144 2743 3199 ad
2760 3144 2878 3199 alta
2901 3144 3172 3199 animum
3200 3142 3431 3197 tollunt.
3450 3137 3713 3213 Suspensi
3731 3139 3880 3191 autem

2289 3240 2543 3291 mortem
2574 3233 2699 3288 suis
2722 3233 2959 3288 ossibus
2982 3231 3259 3296 inferunt,
3284 3233 3432 3303 quia
3455 3245 3648 3286 amore
3668 3236 3881 3296 supernae

2288 3325 2516 3397 patrias,
2541 3324 2600 3378 in
2624 3324 2904 3378 virtutum
2928 3321 3143 3376 studiis
3167 3321 3441 3385 accincti,
3467 3320 3574 3375 hoc
3587 3314 3731 3390 quod
3747 3315 3881 3368 fortes

2287 3415 2453 3487 prius
2482 3413 2540 3468 in
2567 3413 2796 3467 mundo
2819 3410 3075 3474 fuerant,
3108 3421 3132 3451 ο
3163 3410 3407 3467 vinculo
3433 3402 3882 3465 humilitatisinse-

2286 3507 2572 3576 quuntur.
2594 3500 2966 3557 Intuerilibet
2981 3498 3290 3571 quomodo
3310 3500 3574 3555 animam
3590 3493 3884 3551 Paulussus-

2288 3594 2597 3665 penderat,
2612 3591 2713 3664 qui
2736 3590 2975 3645 dicebat
3000 3606 3010 3644 :
3052 3589 3182 3644 Vivo
3201 3596 3383 3643 autem
3401 3592 3522 3660 jam
3542 3604 3638 3641 non
3653 3601 3747 3655 ego,
3767 3578 3879 3635 vivit

2285 3700 2411 3737 vero
2442 3683 2500 3736 in
2532 3698 2615 3736 me
2633 3680 2892 3735 Christus
2921 3679 3066 3750 (Gal.
3092 3695 3150 3743 ιι,
3182 3679 3294 3748 20).
3338 3682 3401 3734 Et
3430 3693 3654 3734 rursum
3683 3691 3695 3727 :
3725 3666 3882 3726 Deside-

2286 3780 2437 3827 rium
2469 3771 2662 3826 habens
2704 3770 2944 3834 dissolvi,
2980 3775 3028 3823 et
3080 3785 3196 3823 cum
3250 3768 3477 3823 Christo
3505 3783 3606 3823 esse
3643 3760 3832 3836 (Philip.
3853 3770 3879 3815 1.

2287 3865 2401 3922 23).
2448 3862 2512 3915 Et
2545 3879 2557 3916 :
2596 3860 2733 3915 Mihi
2782 3860 2958 3914 vivere
3006 3858 3263 3914 Christus
3304 3865 3411 3924 est,
3463 3865 3510 3912 et
3557 3855 3686 3911 mori
3722 3851 3879 3905 lucrum

2288 3950 2480 4023 (Ibid,
2517 3950 2627 4020 2t).
2664 3949 2793 4015 Qui,
2828 3953 2995 4018 gesta
3042 3954 3286 4003 terrente
3338 3946 3683 4003 fortitudinis
3708 3940 3771 3996 ad
3796 3950 3882 3991 me-

2288 4041 2544 4096 moriam
2569 4054 2881 4103 revocans,
2915 4038 3088 4110 quasi
3111 4037 3398 4109 quaedam
3425 4037 3482 4092 in
3501 4052 3559 4091 se
3584 4048 3710 4089 ossa
3725 4039 3880 4084 nume-

2288 4130 2479 4194 rabat,
2517 4129 2721 4183 dicens
2753 4145 2765 4183 :
2795 4128 3047 4183 Hebrwus
3072 4144 3136 4181 ea:
3167 4127 3367 4182 Hebro;
3381 4130 3447 4191 is,
3473 4124 3737 4181 secundum
3764 4118 3880 4186 legem

2286 4220 2617 4283 Phariswus,
2652 4218 2935 4272 secundum
2969 4218 3377 4272 aemulationem
3416 4228 3712 4288 persequens
3743 4203 3881 4262 Eccle-

2284 4309 2422 4362 siam
2442 4308 2545 4363 Dei
2562 4307 2797 4377 (Philip.
2819 4325 2895 4365 ιιι.
2914 4312 2963 4372 5,
2980 4310 3058 4378 6).
3079 4307 3189 4363 Sed
3209 4306 3538 4379 suspendio
3552 4292 3881 4367 animumquia

2288 4397 2414 4453 haec
2438 4396 2497 4451 in
2522 4412 2582 4451 se
2605 4386 3879 4467 ossaiutertieit,protinusasserit,quisubjun'

2288 4488 2371 4558 git
2404 4503 2417 4543 :
2450 4486 2551 4542 Sed
2580 4503 2695 4557 qua:
2735 4486 2871 4541 mihi
2898 4486 3127 4556 fuerunt
3160 4486 3337 4553 lucra,
3374 4487 3479 4541 hac
3500 4482 3776 4538 arbitratus
3796 4484 3879 4527 sum

2280 4582 2505 4649 propter
2539 4576 2819 4632 Christum
2861 4575 3193 4631 detrimenta
3238 4576 3428 4645 (Ibid,
3462 4576 3533 4642 7).
3576 4574 3704 4637 Quae
3729 4562 3879 4621 adhuc

2287 4682 2431 4722 ossa
2466 4668 2524 4722 in
2565 4664 3170 4735 semetipsoinsinuat
3211 4663 3614 4721 vehementius
3651 4654 3879 4746 exstincta

2289 4772 2431 4811 cum
2465 4754 2669 4809 subdit
2697 4771 2708 4807 :
2744 4755 2980 4825 Propter
3004 4772 3153 4826 quem
3186 4756 3368 4809 omnia
3396 4753 3746 4809 detrimentum
3778 4742 3875 4813 feci,

2287 4852 2339 4901 et
2365 4844 2612 4901 arbitror
2640 4850 2698 4899 ut
2722 4851 2964 4899 stercora
2980 4844 3146 4911 (Ibid.
3159 4887 3172 4911 ,
3188 4847 3265 4914 8).
3291 4844 3526 4901 Mortuis
3544 4854 3667 4895 vero
3685 4830 3869 4891 ossibus

2289 4952 2473 5009 quam
2501 4934 2791 4991 exanimis
2814 4934 3072 5005 pendeat
3097 4934 3377 4998 ostendit,
3396 4932 3496 5005 qui
3517 4930 3658 4986 illico
3680 4921 3877 5009 subjull'

2292 5026 2393 5097 git,
2426 5025 2648 5080 dicens.
2689 5024 2758 5079 Ut
2789 5024 3070 5081 Christum
3111 5024 3480 5097 lucrifacium,
3526 5028 3572 5075 et
3602 5011 3874 5097 inveniann

2292 5088 2388 5169 illo
2430 5130 2537 5169 non
2580 5113 2772 5168 habens
2809 5130 2977 5168 meam
2998 5088 3301 5185 justitiam,
3330 5128 3445 5184 qua:
3480 5126 3540 5165 ea:
3579 5108 3674 5177 lege
3704 5105 3787 5163 est,
3810 5088 3873 5146 sed

2329 5306 2508 5345 ressus
2545 5291 2623 5345 sit
2663 5290 3068 5362 perturbatione
3116 5284 3585 5362 cognovimus,is_ed
3607 5277 3727 5362 quod

2317 5364 2425 5417 ium
2453 5367 2641 5416 contra
2660 5352 2795 5417 hanc
2826 5363 3065 5417 inveniat
3096 5352 3402 5417 audiamus.
3445 5352 3581 5415 Utic.
3611 5352 3867 5415 Ulram‘lue

2293 5434 2609 5489 lectionem
2643 5434 2843 5490 habet.
3664 5492 3734 5501 η,
3812 5483 3820 5501 .

2366 5486 2552 5576 sisyr.
2588 5486 2680 5577 iet“
2694 5486 2910 5577 VBwigot”
2935 5506 3133 5576 jugulo
3170 5504 3508 5560 humilitatis.
3565 5502 3626 5577 ln
3664 5486 3866 5577 Ulifill“:

2295 5550 2718 5703 pluncl‘legitur,
2752 5550 3106 5649 coumhpr'ius
3157 5577 3441 5650 scriptum
3488 5574 3631 5629 esset
3659 5550 3866 5620 viaticum

2336 5650 2451 5703 umi
2477 5647 2658 5703 italis.

2336 5647 2633 5705 umilitatis
2646 5690 2658 5705 .
