4108 6184
155 236 258 293 829

1092 236 1468 293 MORALIUM
1508 235 1641 291 LIB.
1686 234 1827 288 VIII.
1874 262 1937 272 —-
1978 231 2048 287 IN
2088 231 2241 287 CAP.
2293 230 2383 285 VII
2426 229 2488 284 Β.
2531 228 2678 284 JOB.

3477 224 3587 278 830

154 363 418 419 reducat.
445 361 646 418 Videat
666 361 800 434 quia
823 378 961 419 caro
982 379 1193 435 capere
1208 379 1328 418 non
1355 363 1512 418 valet
1534 362 1644 417 hoc
1666 359 1814 433 quod
1848 362 1893 413 A
1925 356 2423 428 subito,inﬁrmus
2440 354 2786 426 perdeserta
2802 351 3052 421 fugiens,
3074 365 3252 405 unam
3275 348 3581 404 mulierem

152 464 180 495 ι
207 454 279 508 de
294 453 612 523 semetipsa
626 450 851 508 Veritas
870 468 969 523 per
986 452 1258 524 spiritum
1272 448 1818 520 docet.Videatquia

154 543 329 599 etiam
344 541 701 597 sublevatus
715 541 978 597 hominis
993 542 1266 614 spiritqu
1280 542 1538 597 udicium
1567 542 1816 596 tolerare

153 648 272 688 non
302 630 525 686 sufﬁcit
554 631 719 703 quod
744 632 897 687 Deus
925 632 1037 687 sub
1060 634 1331 687 examine
1358 632 1634 687 districta:
1655 628 1818 685 retri-

153 720 695 786 butionisintendit,
726 726 781 776 et
802 722 963 778 dicat
987 739 999 781 :
1035 723 1189 791 Quid
1207 729 1289 779 est
1314 724 1505 790 homo,
1527 721 1667 792 quia
1694 734 1815 775 ma-

148 812 394 883 gniﬁcas
418 826 546 866 eum
563 811 707 865 ?aut
722 811 867 883 quid
886 814 1139 881 apponis
1162 828 1297 883 erga
1316 828 1445 868 eum
1473 828 1577 868 cor
1603 814 1766 865 tuum
1786 806 1815 863 ‘I

154 905 233 956 Ac
263 901 311 955 si
338 905 541 972 aperte
573 900 886 967 exclamet,
920 902 1124 957 dicens
1159 920 1170 958 :
1202 902 1606 972 Magniﬁcatur
1632 901 1814 955 homo

156 989 443 1061 spirituali
478 1006 743 1055 munere,
775 991 877 1046 sed
903 996 1101 1047 tamen
1136 1007 1274 1048 caro
1298 996 1384 1047 est
1412 1008 1425 1057 ;
1460 996 1516 1046 et
1538 991 1659 1045 vias
1689 989 1815 1058 ejus

154 1084 287 1151 post
302 1094 541 1134 munera
555 1079 815 1136 districte
833 1081 1299 1149 consideras,sed
1317 1087 1516 1137 tamen
1534 1080 1583 1135 si
1604 1084 1814 1134 remota

152 1168 367 1240 pietate
387 1168 700 1239 judicetur,
736 1172 970 1241 pondus
1003 1170 1167 1244 quod
1198 1170 1271 1226 de
1314 1176 1459 1226 tuaa
1491 1170 1814 1226 subtilitate

153 1258 444 1322 imminet,
478 1258 624 1314 ferre
652 1274 759 1314 nec
783 1260 1125 1316 sublevatus
1152 1260 1541 1331 adjustitiam
1575 1259 1813 1332 spiritus

154 1348 330 1411 valet,
361 1349 505 1420 quia
529 1348 635 1404 etsi
663 1348 822 1404 hunc
854 1349 1005 1405 ultra
1035 1366 1097 1405 se
1128 1356 1228 1406 tua
1258 1350 1419 1406 dona
1440 1350 1712 1414 dilatant,
1738 1348 1813 1403 ad

150 1437 596 1510 inquisitionem
613 1442 811 1494 tamen
830 1439 907 1498 tui
927 1438 1179 1495 districti
1210 1440 1501 1495 examinis
1528 1440 1817 1496 suainﬁr-

154 1528 332 1582 mitas
366 1533 663 1598 angustat.
712 1528 875 1584 Unde
905 1536 961 1585 et
999 1530 1197 1586 adhuc
1231 1534 1367 1602 apte
1401 1531 1533 1601 subj
1548 1529 1810 1600 ungitur:

569 1662 799 1717 CAPUT
838 1665 1005 1718 XXIX
1043 1665 1195 1735 [Rec.
1230 1664 1449 1736 XVII].

232 1797 397 1853 Vens.
425 1800 507 1852 18.
540 1828 603 1837 -
641 1797 850 1854 Visitas
864 1813 988 1854 eum
1008 1798 1296 1864 diluculo,
1321 1799 1813 1870 etsubitoprobas

152 1888 354 1943 illum.

220 1980 314 2032 48.
338 1976 489 2045 Quos
510 1976 680 2032 donis
694 1977 911 2034 ditavit
929 1980 1104 2045 Deus,
1131 1978 1554 2035 tentationibus
1574 1981 1809 2048 probat.

154 2067 222 2124 Ut
252 2065 404 2137 quid
432 2081 506 2122 ex
536 2067 677 2131 Deo,
701 2066 847 2138 quid
871 2082 944 2123 ea:
972 2084 1032 2124 se
1056 2068 1467 2133 sint,discant.
1504 2071 1636 2125 Ideo
1670 2076 1812 2127 tunc

154 2154 404 2210 lubricis
433 2155 887 2225 cogitationibus
916 2157 1257 2213 turbantur.
1288 2189 1353 2198 —
1376 2157 1515 2225 Quis
1542 2166 1812 2215 nostrum

150 2242 381 2299 nesciat
408 2243 552 2314 quia
585 2244 915 2300 diluculum
946 2246 1161 2301 dicitur
1199 2263 1337 2302 cum
1364 2246 1489 2314 jam
1522 2255 1814 2305 nocturna

154 2336 431 2404 tempora
462 2333 521 2388 in
547 2332 869 2389 claritatem
900 2334 1049 2389 lucis
1081 2342 1385 2392 mutantur
1413 2338 1440 2393 ‘t
1472 2341 1586 2393 Nos
1612 2338 1814 2410 itaque

150 2422 345 2477 noctis
365 2422 620 2478 tenebris
638 2423 968 2495 premimur
987 2441 1123 2481 cum
1142 2427 1580 2498 perpetratione
1603 2426 1816 2500 iniqui-

153 2514 292 2568 tatis
324 2512 744 2571 obscuramur.
784 2514 898 2569 Sed
932 2531 1049 2571 nox
1080 2518 1141 2570 in
1173 2516 1364 2573 lucem
1408 2517 1647 2573 vertitur
1674 2534 1813 2574 cum

149 2601 375 2659 erroris
394 2603 575 2658 nostri
591 2603 925 2660 obscuritas
940 2604 1202 2661 veritatis
1220 2607 1558 2677 cognitione
1572 2608 1817 2664 irradia-

150 2698 266 2747 tur.
297 2694 422 2748 Nox
442 2692 707 2749 iulucem
732 2694 971 2750 vertitur
992 2711 1131 2751 cum
1154 2696 1336 2753 corda
1352 2697 1815 2771 nostrajustitiae

150 2781 821 2854 fulgorilluminat,quaa
839 2784 1073 2840 cmcitas
1090 2786 1280 2858 culpae
1298 2787 1817 2858 deprimebatlloc

150 2869 487 2925 diluculum
503 2871 932 2944 discipulorum
952 2875 1248 2930 mentibus
1263 2876 1397 2930 oriri
1417 2876 1629 2931 Paulus
1645 2892 1815 2948 aspe-

149 2965 324 3016 xerat
346 2977 477 3016 cum
502 2961 741 3017 dicebat
761 2963 917 3020 :Nox
932 2964 1377 3033 praecessitﬂies
1389 2972 1585 3022 autem
1606 2981 1818 3037 appro-

1925 449 2162 520 expavit
2190 447 2308 518 (III
2336 447 2603 515 Reg.XIx,
2628 446 2706 512 3).
2741 443 2833 499 Sic
2864 441 3086 498 Paulus
3105 440 3180 495 ad
3209 438 3440 494 tertium
3472 455 3586 494 cm-

1923 538 2320 605 lumducitur,
2355 535 2619 608 paradisi
2645 538 2965 605 penetrans
3000 536 3221 585 secreta
3250 528 3588 585 considerat

1925 629 2013 700 (II
2044 630 2178 684 Cor.
2212 644 2306 691 xu,
2339 628 2424 695 2);
2452 629 2508 680 et
2541 630 2763 687 tamen,
2801 622 2874 676 ad
2908 620 3300 690 semetipsum
3325 617 3584 682 rediens,

1925 713 2853 777 contracarnisbellumlaborat,
2877 711 3069 780 legem
3103 709 3284 764 aliam
3314 709 3373 763 in
3402 723 3588 763 mem-

1927 806 2048 862 bris
2080 807 2347 869 sustinet,
2379 804 2547 875 cujus
2580 803 2639 857 in
2668 800 3068 857 serebellione
3093 797 3323 867 fatigari
3348 796 3586 868 spiritus

1921 895 2114 966 legem
2129 895 2287 951 dolet
2309 894 2495 965 (Rom.
2518 909 2613 959 VII,
2629 888 3020 961 2t).Diluculo
3041 903 3180 957 ergo
3198 889 3352 942 Deus
3368 886 3583 952 visitat,

1924 987 2027 1041 sed
2064 985 2257 1040 subito
2283 987 2420 1056 post
2443 982 2834 1037 visitationem
2862 978 3094 1051 probat,
3116 977 3260 1048 quia
3286 982 3340 1031 et
3370 975 3585 1032 collato

1922 1091 2168 1131 munere
2199 1072 2487 1138 sublevat,
2518 1076 2575 1126 et
2600 1070 2898 1125 abstracto
2923 1067 3000 1123 ad
3022 1065 3356 1138 paululum,
3380 1065 3585 1135 ipsum

1922 1165 2034 1220 sibi
2065 1163 2368 1219 hominem
2408 1162 2800 1217 demonstrat.
2838 1158 3005 1224 Quod
3049 1173 3117 1213 eo
3156 1170 3346 1227 usque
3376 1153 3586 1226 procul

1922 1253 2107 1309 dubio
2134 1254 2574 1325 patimur,quo,
2598 1250 2831 1305 detersa
2874 1246 3143 1303 funditus
3167 1244 3302 1300 labe
3334 1243 3582 1315 peccati,

1924 1344 2001 1399 ad
2033 1343 2341 1415 promissae
2367 1338 2835 1410 incorruptionis
2865 1335 3271 1391 substantiam
3302 1332 3584 1389 reforme-

1925 1449 2079 1489 mur.
2113 1432 2274 1489 Unde
2292 1431 2491 1487 adhuc
2523 1434 2657 1501 apte
2681 1426 2959 1483 subditur
2993 1441 3006 1481 :

2151 1577 2369 1631 CAPUT
2390 1575 2522 1630 XXX
2547 1574 2676 1644 [Vet
2707 1571 2866 1637 XXI,
2894 1571 3027 1626 Rec.
3068 1566 3322 1640 XVIII].

1851 1692 1894 1746 Β
2000 1722 2173 1777 Vsus.
2192 1725 2269 1776 t9.
2294 1750 2353 1758 —
2379 1718 2683 1789 Usquequo
2701 1730 2820 1771 non
2832 1714 3034 1782 parcis
3047 1710 3325 1775 mihi,nec
3339 1705 3587 1763 dimittis

1925 1824 2033 1875 me,
2070 1814 2131 1863 ut
2158 1808 2407 1879 glutiam
2436 1806 2686 1861 salivam
2721 1817 2909 1859 meam
2934 1802 2961 1855 ?

1995 1902 2081 1955 49-
2105 1896 2635 1966 Contemplationis
2649 1909 2848 1961 sapor,
2869 1906 2989 1946 non
3010 1889 3253 1946 satietas
3269 1886 3365 1943 hic
3379 1885 3586 1941 datur.

1926 2021 1988 2030 ——
2011 1987 2208 2046 Saliva
2234 1987 2290 2042 in
2316 2003 2381 2041 os
2402 2001 2475 2041 ex
2493 1984 2682 2056 capite
2701 1982 2937 2047 labitur,
2967 1981 3045 2036 ab
3067 1994 3168 2035 ore
3190 1993 3329 2032 vero
3346 1978 3423 2032 ad
3449 1988 3590 2030 ven-

1922 2084 2071 2136 trem
2111 2078 2344 2132 ducitur
2374 2092 2511 2129 cum
2552 2073 2812 2143 glutitur.
2856 2070 3007 2136 Quid
3047 2069 3249 2139 itaque
3289 2070 3376 2121 est
3408 2066 3591 2136 caput

1921 2173 2195 2224 nostrum
2228 2165 2343 2221 nisi
2362 2164 2645 2219 divinitas
2668 2164 2696 2219 ‘2‘
2725 2178 2828 2233 per
2848 2175 3033 2232 quam
3058 2155 3342 2213 existendi
3370 2152 3592 2227 princi-

1923 2256 2418 2329 piumsumimus,
2438 2258 2499 2307 ut
2520 2257 2790 2307 creatura
2814 2251 3025 2316 simus,
3053 2246 3235 2301 Paulo
3252 2246 3586 2306 attestante,

1925 2347 2331 2421 quiait:Caput
2348 2343 2462 2399 viri
2484 2341 2773 2406 Christus,
2794 2341 2969 2408 caput
2985 2341 3177 2393 autem
3199 2333 3589 2390 ChristiDeus

1926 2438 1984 2508 (Ι
2010 2438 2144 2492 Cor.
2181 2450 2261 2499 x1,
2291 2433 2366 2506 3).
2411 2431 2567 2499 Quid
2605 2436 2803 2486 autem
2848 2434 3052 2484 venter
3081 2430 3285 2481 noster
3323 2426 3433 2490 est,
3474 2420 3591 2476 nisi

1927 2541 2095 2582 mens
2114 2525 2143 2580 ‘t
2169 2540 2303 2595 quae
2320 2522 2467 2577 dum
2499 2521 2699 2577 cibum
2734 2534 2933 2585 suum,
2958 2531 3287 2589 supernum
3320 2511 3591 2567 videlicet

1925 2614 2284 2672 intellectum
2327 2611 2597 2683 suscipit,
2630 2609 2845 2665 refecta
2869 2606 3075 2679 procul
3105 2604 3290 2660 dubio
3313 2601 3585 2658 omnium

1927 2704 2200 2761 membra
2214 2702 2518 2758 actionum
2534 2701 2699 2771 regit.
2714 2697 2833 2753 Nisi
2849 2697 3006 2751 enim
3031 2710 3201 2751 sacra
3220 2693 3458 2765 eloquia
3476 2690 3585 2745 ali-

1927 2794 2165 2867 quando
2181 2799 2439 2847 mentem
2473 2789 2715 2845 nomine
2736 2787 2953 2843 ventris
2974 2786 3392 2856 exprimerent,
3420 2780 3587 2837 Salo-

1927 2900 2059 2939 mon
2077 2883 2271 2954 utique
2287 2898 2405 2936 non
2419 2880 2675 2936 dixisset:
2688 2880 2951 2933 Lucerna
2968 2870 3587 2941 Dominispiraculum

1926 2974 2337 3044 hominis,quav
2362 2968 2880 3040 investigatomnia
2905 2970 3127 3021 secreta
3151 2960 3368 3019 ventris
3391 2960 3586 3031 (Prov.

148 3052 473 3123 Ρίηᾳιιαυίί
490 3052 677 3124 (Rom-
706 3069 823 3123 X1":
852 3054 1381 3125 ml-Diluculoergo
1397 3072 1506 3111 1105
1525 3058 1812 3111 Dominus
1855 3060 1893 3115 C
1926 3066 2138 3130 xx,27),
2155 3061 2296 3134 quia
2315 3061 2596 3115 nimirum
2620 3059 2766 3112 dum
2791 3072 2900 3111 nos
2919 3054 3107 3126 gratia
3130 3052 3589 3122 supernirespe-

150 3140 379 3206 visitat,
412 3142 555 3213 quia
579 3143 790 3197 erroris
814 3143 1291 3201 nostritenebras
1312 3144 1442 3205 luce
1471 3162 1590 3201 suae
1616 3145 1817 3215 cogni-

151 3229 621 3295 tionisillustrat,
647 3233 1169 3304 contemplationis
1189 3251 1431 3290 munere
1456 3236 1817 3301 sublevat,in

150 3335 358 3375 arcem
393 3320 619 3375 virtutis
657 3322 895 3377 exaltat.
940 3323 1049 3379 Sed
1085 3324 1418 3380 notandum
1458 3326 1618 3397 quod
1661 3327 1815 3382 Deus

149 3416 484 3480 postquam
501 3409 761 3465 diluculo
791 3411 1004 3477 visitat,
1030 3412 1227 3468 subito
1245 3413 1551 3469 hominem
1577 3416 1813 3488 probat,

150 3498 297 3571 quia
314 3504 369 3553 et
383 3498 725 3556 accedendo
748 3503 931 3558 corda
944 3508 1147 3559 nostra
1164 3504 1242 3558 ad
1266 3506 1509 3559 virtutes
1527 3506 1815 3577 provehit,

150 3594 207 3643 et
236 3589 580 3645 recedendo
610 3592 845 3646 concuti
876 3591 1200 3647 tentatione
1228 3592 1529 3663 permittit.
1571 3595 1625 3648 Si
1659 3596 1815 3649 enim

149 3682 289 3750 post
328 3677 608 3734 virtutum
644 3696 889 3736 munere
916 3681 1081 3737 nulla
1108 3683 1431 3738 tentatione
1463 3684 1818 3744 concutitur:

145 3766 256 3824 has
283 3783 352 3822 se
364 3766 587 3823 habere
601 3769 840 3824 animus
856 3786 924 3825 ex
939 3772 1258 3842 semetipso
1276 3772 1577 3842 gloriatur.
1600 3775 1820 3843 Utergo

146 3864 201 3913 et
214 3856 524 3913 ﬁrmitatis
537 3857 698 3913 dona
710 3859 1012 3925 habeat,et
1026 3861 1431 3917 inﬁrmitatem
1447 3879 1617 3917 suam
1632 3862 1821 3917 humi-

142 3947 276 4003 liter
305 3951 616 4016 agnoscat,
640 3964 743 4020 per
765 3965 1076 4005 accessum
1101 3950 1302 4020 gratiae
1324 3952 1400 4007 ad
1427 3951 1546 4008 alta
1569 3952 1823 4007 sustolli-

142 4042 255 4103 tur,
278 4043 344 4092 et
371 4053 474 4108 per
487 4053 781 4093 recessum
804 4039 953 4111 quid
981 4056 1050 4095 ex
1069 4042 1387 4112 semetipso
1414 4042 1487 4098 sit
1513 4042 1821 4114 probatur.

143 4126 325 4193 Quod
349 4125 500 4180 bene
522 4126 693 4182 nobis
722 4143 789 4182 ex
812 4127 1055 4184 historia
1076 4131 1537 4187 sacraslectionis
1558 4132 1824 4188 innuitur

141 4218 264 4284 (III
303 4217 445 4286 Reg.
491 4234 566 4284 III,
609 4219 721 4283 I6),
760 4235 881 4290 qua
912 4219 1197 4276 Salomon
1238 4226 1293 4277 et
1330 4221 1612 4276 divinitus
1652 4238 1824 4278 acce-

142 4308 312 4379 pisse
344 4306 719 4377 sapientiam,
746 4314 798 4364 et
826 4314 1023 4365 tamen
1053 4315 1186 4381 post
1206 4317 1510 4383 acceptam
1554 4313 1821 4368 eamdem

1927 3160 2055 3209 ctus
2092 3149 2411 3219 illuminat,
2452 3154 2669 3203 cuncta
2698 3148 2877 3203 etiam
2916 3142 3131 3200 mentis
3162 3146 3377 3197 [108le
3410 3138 3586 3194 nobis

1927 3244 2223 3299 absconsa
2245 3239 2606 3295 manifestat.
2627 3236 2780 3303 Quid
2807 3250 2949 3304 ergo
2971 3233 3167 3289 salivae
3199 3230 3442 3286 nomine
3470 3227 3588 3284 nisi

1929 3331 2347 3404 saporintimee
2362 3327 2879 3400 contemplationis
2899 3324 3186 3396 accipitur
3203 3320 3231 3377 ‘t
3251 3336 3386 3393 quae
3415 3318 3492 3374 ad
3519 3333 3588 3374 os

1928 3438 1964 3477 a
1985 3422 2174 3494 capite
2193 3420 2419 3488 deﬂuit,
2435 3419 2576 3490 quia
2603 3418 2676 3473 de
2700 3416 2961 3472 claritate
2981 3411 3302 3470 conditoris
3316 3409 3512 3465 adhuc
3527 3407 3587 3462 in

1929 3510 2040 3565 hac
2068 3509 2188 3565 vita
2237 3525 2345 3563 nos
2376 3507 2602 3578 positos
2625 3506 2758 3560 vixc
2788 3508 2966 3572 gustu
2984 3498 3587 3565 revelationistangit.

1930 3600 2098 3654 Unde
2116 3604 2170 3653 et
2196 3598 2555 3667 Redemptor
2568 3596 2805 3650 veniens
2831 3594 3082 3648 salivam
3102 3591 3227 3646 luto
3248 3587 3503 3651 miscuit,
3534 3590 3588 3640 et

1930 3688 2068 3745 caeci
2082 3686 2421 3743 natioculos
2434 3684 2731 3757 reparavit
2748 3684 2945 3753 (Joan.
2980 3697 3058 3746 Ix,
3075 3684 3151 3750 6),
3168 3680 3311 3751 quia
3325 3689 3589 3748 superna

1930 3776 2121 3849 gratia
2133 3775 2433 3833 carnalem
2449 3774 2871 3845 cogitationem
2890 3776 3155 3825 nostram
3172 3784 3274 3839 per
3289 3765 3591 3821 admistio-

1931 3883 2067 3922 nem
2099 3882 2223 3921 suae
2251 3862 2773 3933 contemplationis
2819 3859 3085 3920 irradiat,
3120 3862 3175 3911 et
3206 3856 3283 3910 ab
3310 3852 3586 3922 originali

1932 3956 2190 4013 caecitate
2202 3954 2506 4009 hominem
2520 3951 2595 4007 ad
2610 3949 2973 4006 intellectum
2986 3946 3433 4003 reformat.Nam
3447 3940 3587 4013 quia

1933 4064 1967 4102 a
2007 4044 2273 4118 paradisi
2292 4041 2525 4113 gaudiis
2555 4039 2946 4108 expulsumin
2978 4038 3084 4091 hoc
3109 4036 3232 4106 jam
3247 4031 3452 4087 exsilio
3485 4044 3588 4085 na-

1932 4143 2067 4192 tura
2087 4133 2288 4200 edidit,
2317 4133 2489 4205 quasi
2518 4130 2870 4186 anativitate
2901 4129 3083 4183 homo
3098 4125 3222 4179 sine
3241 4120 3427 4179 oculis
3449 4134 3590 4191 pro-

1932 4226 2126 4282 cessit.
2160 4224 2271 4281 Sed
2299 4225 2449 4279 sicut
2476 4226 2717 4277 sanctus
2738 4219 3124 4281 virinsinuat,
3150 4215 3276 4269 haec
3300 4211 3488 4267 saliva
3510 4210 3588 4264 ad

1933 4332 1998 4373 os
2012 4314 2506 4389 quidemlabitur,
2531 4316 2590 4367 ut
2608 4326 2748 4366 vero
2774 4308 2850 4365 ad
2872 4314 3135 4363 ventrem
3170 4318 3363 4375 usque
3384 4313 3591 4372 perve—

142 4396 513 4469 sapientiam
555 4398 931 4454 meretricum
963 4399 1159 4455 statim
1193 4400 1464 4472 pulsatus
1490 4403 1822 4474 quaestione
1856 4422 1900 4476 ι)
1934 4406 2188 4462 niatnon
2206 4397 2968 4475 glutitur,quiadivinitatis
3001 4392 3427 4465 contemplatio
3459 4404 3590 4443 sen-

141 4491 538 4543 memoratur.
562 4487 695 4542 Mox
716 4487 875 4544 enim
900 4493 962 4543 ut
978 4493 1154 4544 tantae
1175 4491 1551 4546 revelationis
1569 4493 1822 4561 gratiam

140 4575 401 4649 accepit,
428 4581 724 4632 certamen
754 4579 1017 4650 turpium
1053 4579 1365 4635 mulierum
1388 4581 1645 4652 pertulit,
1680 4582 1823 4654 quia

139 4666 435 4721 nimirum
452 4682 604 4738 saepe
623 4682 757 4721 cum
775 4674 1033 4723 mentem
1049 4674 1309 4724 nostram
1329 4670 1622 4725 concessis
1644 4671 1819 4743 266

140 4755 470 4811 virtutibus
484 4757 1021 4827 rcspectusintimae
1036 4757 1322 4827 largitatis
1342 4758 1820 4825 illuminat,hanc

137 4846 423 4916 protinus
447 4844 878 4901 etiamlubricte
909 4848 1296 4916 cogitationes
1317 4850 1570 4914 turbant,
1600 4856 1660 4905 ut
1685 4866 1817 4921 quae

138 4935 469 4990 sublevata
498 4934 790 4990 immenso
832 4953 1077 4991 munere
1111 4936 1379 5002 exsultat,
1411 4939 1589 4993 etiam
1632 4944 1818 4994 tenta-

148 5025 317 5081 tione
343 5024 580 5097 pulsata
605 5025 748 5097 quid
775 5027 846 5081 sit
867 5026 1145 5081 inveniat.
1173 5028 1263 5082 Sic
1287 5026 1441 5083 Elias
1466 5033 1521 5083 et
1547 5027 1817 5084 visitatus

134 5113 717 5185 diluculo,sermone
738 5115 919 5171 caalos
942 5116 1175 5188 aperuit
1201 5132 1214 5183 ;
1248 5120 1514 5173 ettamen
1534 5117 1818 5190 probatus

207 5305 238 5337 ει
271 5294 300 5348 1
338 5293 591 5350 Vindoc.
617 5298 673 5349 et
703 5294 874 5350 Corb.
900 5297 1117 5363 Germ.,
1148 5296 1424 5367 quodper
1451 5299 1815 5367 semetipsam

135 5367 367 5447 veritas
391 5368 669 5447 spiritum
703 5367 884 5447 docet.
918 5369 1012 5447 _Ita
1044 5370 1731 5447 _quoque_nunc_le_g_itur
1756 5373 1815 5426 in

136 5438 319 5520 Utic._,
352 5444 407 5491 et
468 5439 523 5520 in
570 5439 849 5520 margine
880 5439 980 5520 ali,
1014 5438 1097 5495 de'
1122 5438 1449 5520 semetipsa.
1492 5444 1524 5494 2
1551 5443 1810 5520 Vinduc.,

129 5509 306 5590 quod
319 5509 682 5590 semetipsum
698 5511 970 5590 veritatis
981 5516 1193 5590 spiritu
1208 5514 1393 5590 docet.
1404 5515 1540 5590 Reg.
1554 5516 1732 5585 ,quod
1758 5530 1816 5570 se

132 5582 457 5653 metipsam
498 5582 757 5653 veritatis
794 5583 1039 5651 spiritus
1069 5584 1257 5641 docet.
1301 5586 1455 5640 Alter
1494 5582 1631 5653 Reg.
1676 5602 1813 5641 cum

132 5650 349 5709 Germ.
376 5659 429 5710 et
455 5652 643 5723 Colb.,
668 5650 911 5728 quodde
934 5656 1263 5726 semetipsa.
1286 5658 1503 5714 veritas
1515 5650 1812 5727 spiritum.

1933 4493 2283 4564 sumtangit,
2319 4492 2423 4547 sed
2444 4492 2614 4563 plene
2645 4494 2905 4545 mentem
2925 4502 3045 4543 non
3068 4483 3274 4548 reficit,
3291 4480 3583 4554 quoniam

1933 4585 2187 4658 perfecte
2207 4583 2443 4638 animus
2474 4579 2822 4652 conspicere
2848 4593 2971 4634 non
3005 4576 3157 4633 valet
3174 4572 3340 4646 quod
3364 4570 3585 4634 adhuc,

1931 4675 2073 4747 quia
2089 4674 2282 4741 caligo
2307 4670 2706 4741 corruptionis
2722 4666 3029 4741 prmpedit,
3061 4663 3283 4735 raptim
3306 4660 3476 4716 videt.

2000 4764 2087 4819 50.
2144 4763 2310 4817 Mens
2330 4762 2478 4817 mole
2508 4759 2768 4829 corporis
2786 4773 3010 4828 pressa,
3034 4768 3307 4825 superna:
3333 4750 3455 4807 luci
3484 4749 3589 4803 diu

1928 4854 2221 4909 inhaerere
2248 4867 2366 4907 non
2396 4851 2574 4906 valet.
2603 4880 2667 4891 —-
2700 4851 2844 4904 Ecce
2875 4847 3037 4903 enim
3063 4845 3385 4900 electorum
3417 4852 3590 4893 mens

1924 4943 2051 5014 jam
2075 4946 2307 4997 terrena
2329 4939 2628 4994 desideria
2653 4937 3049 5010 subjicit,jain
3066 4938 3280 4987 cuncta
3297 4944 3432 5001 qua:
3451 4941 3589 4980 con-

1928 5031 2146 5088 siderat
2186 5031 2484 5104 praeterire
2526 5026 2913 5093 transcendit,
2943 5026 3070 5096 jam
3111 5022 3188 5077 ab
3228 5016 3589 5074 exteriorum

1926 5102 2318 5179 delectatione
2331 5119 2735 5192 suspenditur,
2752 5121 2953 5187 etquae
2967 5111 3255 5167 sintbona
3269 5102 3593 5161 invisibilia

1926 5301 2179 5358 docet.ln
2193 5299 2461 5356 omnibus
2480 5300 2667 5351 autem
2681 5292 2898 5349 nostris
2912 5291 3043 5344 Mss.
3059 5287 3290 5356 legitur,
3307 5284 3592 5354 spiritum

1926 5389 2046 5427 non
2084 5373 2307 5435 addito,
2340 5374 2633 5425 sanctum.
2677 5371 2738 5419 ut
2768 5366 2827 5418 in
2862 5360 3135 5420 Excusis.

1995 5443 2024 5484 δ
2053 5443 2304 5505 Ebroic.,
2340 5443 2411 5496 de
2440 5448 2543 5494 tua
2570 5437 2948 5493 sublimitate.

1996 5527 2020 5554 ο
2050 5513 2141 5567 Sic
2184 5502 2313 5567 Mss.
2348 5514 2416 5566 At
2452 5510 2595 5564 Edit.
2620 5512 2860 5571 vetust.,
2903 5511 3097 5576 gutta,
3131 5502 3372 5560 Coccius
3401 5504 3466 5576 et
3488 5513 3594 5571 po-

1927 5589 2086 5649 ster.,
2100 5571 3076 5654 gustus.Gemet.Codex,vixbusto
3094 5576 3358 5641 revel.,et
3371 5571 3592 5644 ubique

1923 5656 2105 5714 habet
2117 5660 2290 5727 gusto
2312 5670 2419 5727 pro
2439 5658 2630 5726 gustu.
