4108 6184
574 275 670 330 83l
1847 263 2103 321 SANCTl
2141 260 2489 318 GREGORII
2530 260 2751 317 MAGNI
3831 261 3917 314 832

573 416 703 459 eam
731 416 857 472 qua:
887 413 958 454 ex
980 398 1097 467 ﬁde
1126 404 1209 454 est
1237 395 1374 453 Jesu
1417 394 1639 450 Christi
1660 391 1913 463 (Ibid.9).
1949 389 2063 445 Sed
2092 389 2233 461 quia
2265 389 2312 442 A
2343 402 2519 443 sensu
2552 387 2679 442 haec
2711 384 2938 450 dixerit,
2974 384 3099 456 ipse
3130 384 3400 456 protinus
3440 382 3668 447 indicat,
3698 384 3787 454 qui
3818 385 3923 439 sub-

576 488 806 546 collatis
828 488 956 559 ejus
975 486 1326 543 testimoniis
1346 482 1589 539 Paulum
1614 481 1691 537 ad
1712 482 1831 536 alta
1848 494 2229 550 suspensum,

577 579 808 637 mundo
829 583 1144 641 mortuum,
1161 574 1592 639 testatisumus,
1614 587 1771 626 nunc
1786 569 2147 626 beatnmJob
2161 567 2232 636 si,

577 670 790 743 plenus
814 666 1023 722 eodem
1068 665 1297 736 spiritu,
1328 662 1629 718 exterioris
1656 661 1786 716 vitm
1814 661 2236 732 concupiscen-

579 758 720 815 tiam
754 755 942 826 fugiat
963 752 1371 810 ostendamus.
1400 751 1675 822 Sequitur
1702 766 1714 804 :

824 871 1044 926 CAPUT
1074 869 1229 925 XXVI
1265 869 1420 939 [Vet.
1445 867 1637 931 XIX,
1671 868 1796 923 Rec.
1829 866 1984 941 XV].

648 988 816 1044 Vsus.
848 989 935 1041 t6.
969 1016 1037 1027 —-
1072 984 1405 1054 Desperavi,
1434 999 1811 1056 nequaquam
1828 984 1987 1040 ultra
1999 987 2131 1055 jam
2156 984 2237 1039 vi-

575 1092 710 1134 vam
719 1118 733 1131 .

644 1165 733 1221 45.
757 1164 1045 1221 Justiatii
1077 1170 1313 1220 terrena
1345 1162 1664 1232 possident,
1698 1163 1807 1218 atii
1835 1163 2139 1219 abdicant.
2171 1193 2235 1203 —

573 1256 721 1311 Sunt
739 1254 1010 1310 nonnulli
1027 1254 1323 1324 jnstorum
1338 1252 1545 1326 quisic
1563 1252 1825 1309 caelestia
1842 1256 2149 1325 appetunt,
2174 1256 2238 1309 ut

571 1350 777 1402 tamen
798 1360 835 1399 a
851 1348 1220 1400 terrenorum
1237 1358 1335 1414 spe
1355 1342 1590 1397 minime
1618 1342 1987 1413 frangantur.
2012 1342 2238 1412 Largita

574 1433 855 1490 divinitus
871 1432 1229 1505 patrimonia
1246 1432 1317 1487 ad
1338 1432 1704 1486 necessitatis
1728 1430 2047 1487 subsidium
2069 1431 2238 1501 possi.

575 1523 738 1588 dent,
778 1522 1037 1577 honores
1077 1520 1191 1576 sibi
1238 1520 1639 1591 temporaliter
1677 1519 1983 1592 impensos
2014 1526 2234 1586 tenent,

575 1612 771 1669 aliena
803 1627 921 1666 non
946 1610 1241 1675 ambiunt,
1271 1610 1392 1664 suis
1422 1608 1577 1664 licite
1606 1613 1868 1665 utuntur.
1904 1609 2008 1674 Qui
2040 1614 2237 1664 tamen

577 1701 656 1757 ab
686 1699 913 1756 eisdem
949 1698 1123 1754 rebus
1152 1715 1304 1771 quas
1334 1699 1558 1754 habent
1586 1698 1757 1753 alieni
1800 1704 1955 1765 sunt,
1986 1699 2130 1770 quia
2157 1698 2235 1754 ad

576 1791 704 1847 haec
728 1791 857 1862 ipsa
881 1806 1015 1861 qua:
1036 1788 1345 1859 possident
1366 1803 1439 1842 ex
1458 1786 1754 1842 desiderio
1785 1803 1902 1842 non
1939 1792 2230 1843 tenentur.

578 1882 644 1935 Et
665 1884 807 1934 sunt
823 1876 1119 1949 nonnullij
1133 1881 1388 1931 ustorum
1402 1875 1611 1946 qni,ad
1625 1875 2233 1947 comprehendendum

578 1968 819 2024 culmen
853 1966 1230 2037 perfectionis
1270 1965 1540 2030 accincti,
1567 1964 1711 2020 dum
1752 1965 1961 2021 altiora
1990 1965 2236 2021 interius

579 2056 1161 2129 appetunt,exterius
1178 2060 1394 2111 cuncta
1410 2054 1958 2127 derelinquunt;qui
1976 2055 2155 2110 rebus
2174 2071 2236 2110 se

577 2147 799 2203 habitis
824 2147 1076 2211 nudant,
1108 2144 1287 2217 264
1306 2144 1493 2214 gloria
1506 2143 1750 2199 honoris
1772 2144 2093 2217 exspoliant
2111 2164 2123 2213 ;
2144 2144 2239 2216 qui

577 2236 953 2292 internarum
972 2234 1271 2291 desiderio
1284 2250 1388 2305 per
1400 2234 1561 2288 assid
1573 2234 1811 2288 nitatem
1827 2250 1888 2288 se
1901 2234 2076 2289 amici
2096 2250 2240 2290 mm-

574 2326 728 2382 roris
753 2323 1273 2388 afﬁciunt,habere
1289 2323 1363 2378 de
1391 2322 2239 2379 exterioribusconsolationem

574 2416 791 2472 nolunt
808 2414 923 2486 ;qui
938 2415 1185 2469 internis
1202 2412 1434 2483 gaudiis
1449 2413 1595 2468 dum
1615 2419 1807 2467 mente
1826 2413 2234 2485 appropriant,

574 2506 759 2561 vitam
782 2503 840 2559 in
865 2520 926 2559 se
955 2502 1218 2558 funditus
1248 2518 1549 2573 corporeie
1575 2501 1982 2557 delectationis
2002 2507 2236 2558 necant.

575 2593 817 2651 Talibus
848 2608 1111 2663 namque
1134 2607 1238 2662 per
1265 2590 1514 2646 Paulum
1547 2590 1761 2646 dicitur
1793 2608 1805 2645 :
1842 2591 2066 2647 Mortui
2083 2593 2239 2649 enim

573 2684 730 2747 estis,
751 2688 805 2739 et
823 2682 944 2738 vita
964 2688 1159 2739 vestra
1181 2680 1528 2736 abscondita
1546 2686 1628 2736 est
1654 2696 1785 2737 cum
1801 2681 2030 2737 Christo
2052 2684 2113 2737 in
2129 2683 2239 2738 Deo

574 2772 724 2845 (Col.
756 2792 832 2827 ιιι.
872 2772 947 2843 3).
992 2774 1213 2827 Horum
1270 2786 1475 2825 vocem
1509 2770 1817 2826 Psalmista
1848 2778 2236 2842 expresserat,

574 2880 713 2919 cum
741 2862 980 2917 dicebat
1005 2878 1018 2915 :
1046 2872 1072 2903 ι
1102 2860 1466 2928 Concupiscit
1491 2866 1545 2916 et
1573 2861 1768 2929 deficit
1799 2860 1998 2917 anima
2024 2878 2146 2917 mea
2179 2863 2239 2916 in

575 2951 727 3007 atria
755 2949 980 3006 Domini
1009 2950 1199 3021 (Psal.
1230 2965 1467 3015 Lxxxm,
1493 2952 1565 3017 3).
1595 2949 2032 3021 Concupiscunt
2053 2955 2234 3017 enim,

576 3040 683 3097 sed
699 3055 821 3096 non
836 3037 1239 3110 deﬁciunt,qni
1257 3039 1383 3108 jam
1401 3038 1635 3110 quidem
1649 3039 1912 3095 cmlestia
1924 3046 2232 3112 appetunt,

576 3130 681 3187 sed
706 3130 905 3186 adhuc
936 3134 1134 3184 tamen
1155 3144 1190 3183 a
1213 3132 1578 3183 terrenarum
1607 3128 2103 3185 delectationibus
2133 3132 2242 3187 mi-

578 3220 741 3275 nime
763 3219 1084 3273 lassantur.
1108 3206 1479 3287 Concupiscit
1502 3232 1638 3271 vero
1656 3224 1710 3270 et
1735 3219 1792 3272 in
1820 3218 1915 3273 Dei
1939 3220 2087 3275 atria
2101 3220 2243 3275 deﬁ-

577 3307 777 3379 cit,qui
790 3323 947 3372 ,cum
962 3312 1182 3361 aeterna
1199 3304 1506 3369 desiderat,
1521 3305 1579 3358 in
1604 3321 1801 3361 amore
1826 3308 2241 3377 temporalium

578 3412 701 3453 non
720 3395 1179 3467 perdurat.Hinc
1200 3393 1515 3450 Psalmista
1537 3395 1747 3449 iterum
1770 3395 1940 3451 dicit:
1963 3398 2189 3466 De/ecit
2216 3400 2244 3443 δ

576 3492 639 3547 in
656 3484 917 3541 salutari
943 3490 1037 3540 tuo
1054 3484 1256 3540 anima
1286 3501 1407 3539 mea
1423 3484 1608 3554 (Psat.
1635 3500 1822 3551 cxvm,
1847 3486 1958 3557 81).
1985 3486 2123 3541 Hinc
2145 3504 2245 3560 per

579 3578 964 3647 semetipsam
999 3576 1224 3631 Veritas
1257 3575 1561 3641 admonet,
1594 3574 1831 3631 dicens:
1874 3575 1935 3630 Si
1958 3579 2078 3647 quis
2112 3578 2236 3634 vult

571 3670 707 3737 post
725 3680 815 3721 me
850 3664 1064 3729 venire,
1096 3664 1341 3734 abneget
1358 3666 1731 3733 semetipsum
1759 3666 1920 3736 (Luc.
1949 3681 2022 3732 ιιι,
2050 3667 2245 3740 23).Et
2353 3664 2367 3737 ξ

577 3771 823 3812 rursum
853 3771 865 3809 :
892 3754 1025 3810 Nisi
1043 3754 1170 3825 quis
1190 3756 1469 3811 renuntia
1479 3756 1625 3811 verit
1645 3756 1912 3812 omnibus
1929 3758 2247 3827 qumpossi-

578 3845 699 3912 det,
720 3861 839 3901 non
869 3850 1059 3914 potest
1088 3860 1250 3901 meus
1285 3859 1405 3901 esse
1421 3845 1756 3914 discipulus
1785 3848 1945 3917 (Luc.
1978 3863 2095 3912 XIV,
2131 3847 2243 3919 33).

579 3937 801 3992 Horum
830 3934 1005 4005 igitur
1034 3949 1286 3991 numero
1316 3940 1557 3990 sanctus
1584 3935 1690 4001 vir,
1719 3935 1908 3991 divisa
1933 3954 1969 3992 a
2002 3937 2246 3992 terrenis

579 4024 897 4082 desideriis
930 4029 1148 4090 mente,
1169 4040 1230 4080 se
1262 4024 1482 4089 inserit,
1501 4024 1607 4096 qui
1641 4024 1719 4079 ait
1748 4040 1758 4079 :
1784 4026 2122 4095 Desperavi,
2152 4041 2248 4083 ne-

579 4130 881 4188 quaquam
897 4115 1060 4170 ultra
1070 4116 1202 4183 jam
1222 4113 1469 4170 vivam.J
1480 4113 1589 4167 usti
1602 4112 1818 4185 quippe
1831 4114 2145 4186 desperare
2162 4117 2251 4171 est

590 4204 905 4279 prmsentis
935 4204 1066 4260 vitae
1086 4203 1250 4257 bona
1279 4201 1620 4257 aeternitatis
1645 4201 1930 4257 electione
1955 4203 2245 4261 deserere:

584 4310 869 4350 mansura
882 4298 1234 4365 qnmrere,et
1249 4292 1307 4347 in
1325 4291 1505 4347 rebus
1521 4291 1947 4363 temporalibus
1963 4292 2042 4348 ﬁd
2054 4294 2248 4349 nciam

582 4398 705 4436 non
720 4381 1069 4447 habere.Qui
1084 4381 1201 4436 haec
1213 4397 1397 4453 agens
1413 4396 1789 4453 nequaquam
1810 4398 1871 4437 se
1887 4381 2037 4439 ultra
2052 4382 2247 4440 vivere

2339 475 2576 546 jungn:

2735 621 2965 679 CAPUT
3000 623 3177 676 xxvu
3213 618 3364 692 meo.
3394 618 3589 693 XVI].

2415 768 2546 824 IBlD.
2580 799 2640 807 —
2670 767 2858 822 Parce
2882 764 3049 830 mihi,
3079 766 3341 832 Domine,
3364 764 3516 819 nihil
3539 764 3681 819 enim
3703 770 3820 819 sunt
3838 765 3927 819 dies

2345 859 2477 913 mei.

2416 948 2502 1002 46.
2521 944 2631 1001 Job
2647 945 2799 1000 bona
2810 944 3085 1013 peritura
3097 944 3199 1011 pia
3211 943 3619 1011 desperatione
3636 942 3875 1004 deseruit,
3888 943 3929 995 in

2347 1042 2631 1092 aeternum
2650 1047 2937 1088 mansura
2955 1033 3219 1100 expetiit.
3253 1061 3322 1072 —
3341 1033 3539 1102 Neque
3560 1029 3709 1085 enim
3726 1029 3830 1084 duo
3847 1029 3931 1083 sibi

2344 1123 2472 1178 haec
2490 1121 2670 1178 verba
2696 1120 3079 1185 conveniunt,
3104 1120 3415 1189 desperavi
3434 1124 3487 1173 et
3501 1133 3691 1188 parce.
3713 1120 3835 1172 Nam
3857 1117 3932 1187 qui

2345 1212 3022 1285 desperatnequaquam
3032 1208 3160 1279 jam
3183 1208 3295 1263 sibi
3324 1208 3484 1279 parci
3515 1205 3773 1280 postulat,
3794 1212 3837 1261 et
3858 1204 3933 1277 qui

2346 1300 2539 1358 adhuc
2557 1299 2665 1355 sibi
2688 1299 2845 1370 parci
2866 1297 3156 1352 desiderat
3174 1295 3432 1369 profecto
3448 1295 3681 1351 minime
3698 1296 3932 1365 desperat.

2345 1389 2596 1446 Aliunde
2619 1404 2759 1458 ergo
2789 1392 2874 1442 est
2901 1386 3063 1457 quod
3080 1386 3378 1458 desperat,
3407 1385 3640 1442 aliunde
3668 1400 3792 1439 vero
3811 1383 3934 1455 quod

2345 1473 2510 1552 parci
2538 1477 2651 1533 sibi
2678 1482 2918 1533 sanctus
2945 1476 3031 1530 vir
3064 1476 3342 1546 postulat,
3368 1477 3515 1548 quia
3543 1474 3799 1529 nimirum
3826 1473 3934 1525 dum

2345 1576 2507 1624 bona
2532 1568 2661 1623 vitae
2678 1566 3031 1621 transeuntis
3048 1581 3153 1637 per
3169 1564 3646 1637 desperationem
3665 1561 3866 1626 deserit,
3881 1558 3936 1614 ad

2345 1656 2671 1715 obtinenda
2700 1673 2822 1727 quas
2842 1660 3193 1728 permanent
3213 1655 3270 1710 in
3285 1670 3386 1726 spe
3409 1654 3695 1710 robustior
3717 1651 3933 1720 exsurgit.

2273 1746 2313 1799 Β
2348 1746 2731 1820 Desperando
2753 1746 2954 1817 itaque
2983 1744 3193 1800 melius
3225 1744 3301 1799 ad
3330 1760 3501 1816 spem
3535 1742 3710 1797 venias
3737 1740 3934 1803 ducitur,

2345 1837 2451 1909 qui
2479 1852 2548 1892 eo
2566 1837 2779 1891 certius
2805 1840 3051 1889 ventura
3066 1824 3302 1905 appetit.
3327 1849 3452 1906 quo
3481 1832 3775 1904 praesentia
3792 1828 3935 1884 verius

2346 1943 2417 1982 ex
2431 1924 2852 1996 desperatione
2866 1922 3238 1995 derelinquit.
3260 1925 3321 1977 Et
3339 1922 3667 1977 notandum
3683 1917 3838 1991 quod,
3852 1916 3935 1969 vim

2347 2015 2521 2071 nobis
2545 2014 2631 2067 sui
2654 2012 2848 2068 cordis
2866 2012 3203 2076 insinuans,
3232 2027 3405 2066 unam
3431 2010 3670 2083 quidem
3694 2009 3758 2064 de
3779 2024 3829 2063 se
3843 2022 3937 2060 sen-

2348 2104 2590 2160 tentiam
2609 2102 2862 2174 protulit,
2885 2102 2989 2156 sed
3012 2100 3165 2156 hanc
3186 2100 3353 2155 tertio
3378 2098 3729 2155 insinuando
3749 2095 3936 2167 replica-

2350 2195 2445 2249 vit.
2477 2193 2646 2259 Quod
2664 2192 2822 2247 enim
2847 2193 3121 2263 superius
3140 2191 3369 2246 dixerat
3394 2186 3936 2261 :Etegitsuspendium

2350 2284 2553 2341 anima
2572 2297 2719 2347 mea,
2736 2282 2849 2337 hoc
2876 2282 3172 2352 replicans
3191 2280 3446 2346 addidit,
3465 2281 3788 2349 Desperavi:
3807 2283 3937 2346 atque

2351 2380 2570 2428 aeterna
2587 2370 3087 2441 concupiscendo,
3110 2375 3165 2424 et
3186 2370 3542 2440 temporalia
3565 2364 3937 2442 postponendo,

2351 2462 2464 2517 hoc
2488 2467 2787 2531 postremo
2810 2458 3021 2523 intulit,
3056 2460 3241 2515 Parce
3258 2459 3437 2525 mihi;
3467 2465 3522 2515 et
3542 2459 3699 2531 quod
3729 2455 3939 2526 superius

2349 2551 2512 2613 dixit,
2546 2550 2793 2605 Mortem
2817 2564 2947 2605 ossa
2965 2565 3111 2615 mea,
3140 2549 3253 2604 hoc
3282 2548 3567 2604 nimirum
3589 2544 3843 2609 subdidit,
3860 2542 3941 2597 Ne-

2347 2656 2626 2711 quaquam
2642 2639 2933 2708 ultrajam
2950 2638 3154 2702 vivam;
3174 2638 3281 2691 hoc
3300 2638 3560 2691 ultimum
3578 2629 3941 2709 protulit,Nihil

2348 2728 2500 2785 enim
2518 2734 2657 2783 sunt
2676 2727 2797 2783 dies
2810 2727 2939 2782 mei.
2963 2725 3119 2798 [Vet.
3141 2725 3301 2798 XX.]
3322 2729 3477 2781 Bene
3507 2732 3697 2781 autern
3721 2723 3827 2777 dies
3839 2732 3939 2773 suos

2350 2818 2495 2873 nihil
2518 2833 2649 2872 esse
2680 2816 3038 2887 considerat,
3065 2817 3224 2887 quia,
3256 2822 3317 2870 ut
3346 2816 3531 2887 paulo
3561 2814 3809 2886 superius
3828 2822 3941 2879 saepe

2343 2906 2471 2977 jam
2500 2906 2776 2969 diximus,
2809 2905 2996 2959 sancti
3020 2904 3126 2959 viri
3154 2920 3277 2975 quo
3300 2906 3499 2960 verius
3525 2918 3753 2959 summa
3778 2911 3944 2968 cogno-

2351 3001 2539 3065 scunt,
2566 3010 2636 3050 eo
2679 2993 2996 3048 sublimius
3028 2998 3265 3048 terrena
3286 2992 3665 3065 despiciunt;
3698 2996 3748 3046 et
3777 2988 3944 3044 idcirco

2276 3106 2315 3161 ο
2350 3083 2653 3156 prmsentis
2677 3083 2803 3138 vitm
2834 3082 2962 3137 dies
2986 3082 3131 3136 nihil
3155 3098 3281 3137 esse
3300 3081 3692 3155 conspiciunt,
3714 3076 3834 3151 quia
3852 3072 3944 3127 illu-

2351 3174 2591 3228 minatae
2609 3173 2821 3228 mentis
2838 3172 3040 3227 oculos
3062 3171 3121 3226 in
3146 3172 3623 3227 consideratione
3648 3168 3806 3240 265
3826 3170 3946 3218 reter-

2352 3263 2548 3318 nitatis
2578 3263 2789 3332 ﬁgunt.
2819 3262 2898 3315 De
2921 3278 3040 3333 qua
3079 3261 3225 3315 dum
3267 3261 3343 3315 ad
3382 3279 3447 3316 se
3479 3261 3735 3322 redeunt,
3756 3252 3873 3328 quid
3905 3264 3946 3303 se

2350 3369 2481 3408 esse
2514 3352 2629 3407 nisi
2662 3350 2965 3423 pulverem
3004 3356 3362 3421 agnoscunt,
3420 3357 3477 3406 et
3508 3346 3834 3405 inﬁrmitatis
3860 3353 3947 3395 sua

2351 3440 3123 3510 conscii,districtejudicari
3142 3440 3456 3496 metuunt?
3471 3442 3720 3510 Cumque
3734 3426 3946 3489 vimtanti

2353 3531 2571 3601 vigoris
2603 3530 2925 3602 aspiciunt,
2962 3528 3255 3599 trepidant
3299 3528 3633 3584 examinari
3661 3522 3808 3598 quod
3831 3520 3947 3575 sunt.

2357 3620 2520 3675 Unde
2550 3626 2605 3675 et
2630 3618 2826 3675 adhuc
2859 3624 2996 3690 apte
3027 3617 3419 3688 subjungitnr
3452 3636 3466 3674 :

2913 3767 3143 3825 CAPUT
3188 3769 3423 3825 XXVIII.

2430 3922 2594 3978 Vsus.
2637 3921 2716 3976 t7.
2739 3951 2805 3960 —
2839 3920 2988 3987 Quid
3024 3920 3281 3977 est/iomo
3299 3920 3447 3990 quia
3468 3918 3797 3989 magniﬁcas
3820 3904 3951 3968 eum?

2350 4024 2381 4093 ξ
2408 4020 2509 4068 aut
2535 4009 2680 4083 quid
2708 4009 2960 4079 apponis
2992 4025 3136 4080 erga
3165 4024 3297 4065 eum
3331 4025 3441 4065 cor
3473 4016 3638 4064 tuum
3666 4007 3692 4061 ?

2427 4104 2491 4156 47
2505 4144 2516 4157 .
2532 4100 2740 4156 Sancti
2750 4114 2917 4155 suam
2940 4098 3246 4163 vilitatem,
3266 4113 3336 4153 ac
3352 4100 3463 4155 Dei
3475 4111 3711 4154 munera
3724 4099 3770 4149 et
3774 4083 3951 4162 judicia

2353 4204 2580 4257 semper
2608 4187 2997 4243 considerant.
3038 4219 3097 4227 —
3124 4187 3441 4243 Hominem
3478 4188 3628 4241 Deus
3656 4177 3950 4254 magniﬁca.

2356 4279 2499 4351 quia
2524 4277 2792 4346 largitate
2813 4276 3059 4333 rationis
3080 4275 3557 4343 ditat,infusione
3577 4272 3765 4345 gratia:
3786 4266 3948 4323 visital,

2355 4370 2582 4426 honore
2595 4367 2822 4423 collatae
2844 4367 3069 4423 virtutis
3084 4366 3321 4422 exultat.
3344 4365 3615 4439 Cumque
3635 4379 3730 4436 per
3745 4352 3951 4420 semetip-

583 4470 813 4535 asserit,
828 4469 970 4540 quia
992 4471 1262 4526 videlicet
1280 4471 1654 4527 viviﬁcatrice
1680 4478 1863 4527 morte
1881 4471 2144 4544 quotidie
2162 4484 2186 4514 ο
2211 4489 2240 4529 a

2357 4476 2491 4514 sum
2510 4457 2652 4513 nihil
2677 4457 2768 4521 sit,
2792 4472 2924 4513 esse
2958 4461 3155 4512 tamen
3178 4472 3315 4509 eum
3343 4454 3692 4526 cognitionis
3710 4464 3817 4505 suae
3834 4445 3949 4517 parti-

583 4560 706 4614 vita
733 4574 795 4614 se
821 4558 1121 4630 passionis
1145 4559 1381 4615 occidit.
1414 4559 1581 4615 Absit
1610 4562 1768 4617 enim
1790 4578 1865 4617 ne
1893 4562 1978 4617 vir
2002 4567 2244 4617 sanctus

586 4646 660 4703 de
696 4648 911 4702 divinae
934 4648 1352 4703 misericordiae
1372 4648 1638 4721 largitate
1667 4651 1961 4722 desperet,
1987 4666 2059 4706 ne
2085 4666 2246 4721 gres-

587 4752 723 4792 sum
755 4734 952 4790 cordis
982 4751 1017 4790 a
1049 4735 1314 4807 profectu
1333 4735 1522 4792 intimi
1544 4738 1767 4793 itineris
1790 4738 2124 4805 subtrahat,
2150 4756 2242 4804 ne,

587 4840 855 4883 amorem
871 4823 1195 4879 conditoris
1212 4824 1513 4891 deserens,
1532 4828 1704 4898 quasi
1721 4828 1919 4884 aduce
1936 4828 2246 4885 destitutus

586 4917 651 4975 in
682 4916 781 4973 via
819 4919 1147 4981 remaneat,
1182 4919 1237 4969 et
1266 4914 1580 4970 confossus
1611 4916 1809 4986 gladio
1839 4918 2247 4975 latrocinantis

591 5006 617 5048 ἀ
644 5004 1077 5078 desperationis
1102 5008 1253 5059 ruat.
1290 5002 1404 5058 Sed
1436 5020 1508 5058 ne
1527 5005 1655 5076 ejus
1671 5006 1825 5063 dicta
1852 5007 1927 5062 ad
1947 5008 2134 5063 nostri
2155 5008 2248 5063 in-

590 5095 857 5153 tellectus
877 5094 1189 5152 arbitrium
1208 5092 1517 5149 videamur
1536 5092 1815 5150 violenter
1832 5095 2249 5166 inﬂectere,de-

588 5185 797 5241 bemus
815 5201 886 5241 ex
902 5182 1329 5257 posterioribus
1346 5182 1651 5256 praimissa
1668 5184 2071 5256 pensare.Quo
2088 5188 2247 5244 enim

664 5362 689 5422 ξ
721 5354 870 5407 Pene
901 5369 1132 5419 omnes,
1166 5352 1506 5421 concupivit
1536 5358 1589 5409 et
1610 5353 1844 5422 defecit.

599 5419 882 5547 magna
934 5424 1144 5493 Bigot.,
1188 5419 1601 5490 Utic.,'Germ.,
1636 5419 1850 5494 defecit
1888 5424 1949 5481 in
1979 5426 2248 5485 salutare

2355 4548 2573 4621 cipem,
2595 4546 2972 4615 benignitatis
2991 4561 3233 4600 munere
3252 4545 3547 4600 concedit.
3571 4542 3678 4598 Sed
3694 4553 3816 4605 erga
3832 4544 3951 4587 eum-

2353 4638 2493 4695 dem
2546 4636 2997 4706 magniﬁcatnm
3054 4634 3363 4690 hominem
3397 4650 3500 4690 cor
3531 4648 3695 4688 suum
3729 4624 3950 4706 Domini!s

2354 4726 2623 4798 apponit,
2652 4705 2795 4797 quia
2811 4730 2943 4796 post
2959 4723 3148 4794 donaj
3163 4723 3428 4778 udicium
3443 4723 3636 4784 exerit,
3657 4716 3834 4773 merita
3852 4705 3952 4763 sub'

2355 4816 2531 4872 tiliter
2559 4819 2789 4888 pensat,
2832 4815 2963 4869 vitae
2994 4815 3264 4885 pondera
3293 4813 3667 4869 vehementer
3690 4798 3947 4862 examinat,

2355 4911 2410 4963 et
2433 4911 2594 4961 tanto
2623 4903 2699 4959 ab
2730 4919 2800 4959 eo
2830 4908 2963 4975 post
2990 4902 3314 4958 districtius
3341 4918 3554 4973 pcenas
3570 4890 3949 4967 exigit,quanl0

2355 4996 2514 5052 hunc
2539 4995 2816 5065 impenso
2850 5008 3094 5048 munere
3116 4991 3340 5062 largius
3371 4988 3668 5063 praevenit.
3692 4985 3793 5046 Vir,
3819 4975 3949 5065 igiturr

2357 5090 2590 5142 sanctus
2602 5064 3037 5139 immensitatem
3051 5097 3313 5153 supernae
3332 5079 3646 5150 majestatis
3661 5064 3949 5153 aspiciat,al-

2355 5190 2463 5247 que
2479 5174 2555 5230 ad
2571 5171 2974 5228 inﬁrmitatem
2992 5152 3278 5243 propriam
3291 5164 3760 5225 considerationis
3770 5152 3945 5213 oculum

2356 5349 2615 5422 quotidie
2643 5347 2825 5422 liujus
2858 5347 2992 5422 vitae
3021 5361 3080 5402 se
3110 5347 3383 5422 passione
3413 5342 3654 5400 accidit.

2427 5420 2453 5461 ἀ
2488 5419 2758 5491 Longip.,
2786 5418 2847 5473 in
2875 5417 3339 5487 desperationem
3361 5423 3521 5471 ruat.
3812 5488 3818 5491 ,
3906 5470 3918 5491 _.

2425 5512 2452 5545 θ
2482 5485 2729 5565 Οεαῖθίη
2762 5485 3208 5564 Οοιὺηῖὶθιωη
3255 5505 3270 5553 t
3300 5498 3465 5567 Reg.,
3498 5497 3702 5555 Germ.,
3732 5488 3819 5543 aut
3842 5485 3942 5548 qm“

666 5574 691 5643 _c
723 5561 964 5643 Vindan.
1006 5568 1062 5618 et.
1103 5566 1300 5643 Cor_b.,
1346 5583 1383 5623 a
1416 5568 1537 5624 vita
1590 5569 1995 5643 reparationis
2031 5570 2245 5643 occidit
2352 5572 2545 5643 ponis,
2575 5571 2670 5628 hic
2700 5561 2756 5627 et
2788 5561 2961 5626 infra.

594 5633 752 5691 Alter
780 5632 1047 5700 Vindoc.,
1080 5650 1118 5692 a
1155 5632 1291 5694 vita
1314 5652 1374 5694 se
1402 5632 1788 5708 reparationis
1816 5640 2041 5699 occidit.
2073 5642 2240 5713 Reg.,
