4108 6184
206 262 315 317 833

1144 257 1525 315 MORALIUM
1564 257 1700 313 LIB.
1741 256 1886 312 VIII.
1930 286 1999 297 —
2038 254 2111 310 IN
2151 254 2306 310 CAP.
2349 255 2442 310 VII
2483 255 2545 310 B.
2587 253 2739 309 JOB.

3522 258 3631 315 834

206 385 480 449 rimatur,
498 388 676 455 atque
690 382 817 438 haec
838 396 1023 451 agens
1040 382 1474 455 plerumquein
1496 383 1862 439 dulcedinem
1897 382 1945 437 A
1978 380 2026 435 si
2057 381 2187 451 ejus
2229 396 2338 435 nos
2368 379 2641 435 custodia
2672 378 2913 434 minime
2942 380 3220 451 protegit,
3254 384 3389 436 ante
3412 383 3630 440 occulti

208 491 482 548 supernae
504 470 1010 544 contemplationis
1027 472 1535 545 rapitur,jamquc
1557 472 1626 528 de
1643 472 1863 528 intimis

208 564 441 636 aliquid
457 563 623 635 quasi
647 577 749 633 per
772 560 1088 631 caliginem
1113 562 1419 633 conspicit.
1447 567 1501 617 et
1518 562 1748 617 ardenti
1768 561 1866 615 de-

207 652 431 709 siderio
456 653 738 708 interesse
758 650 1121 722 spiritalibus
1143 650 1492 720 angelorum
1526 650 1864 706 ministeriis

205 747 482 808 conatur;
512 740 1203 811 gustuincircumscripti
1225 740 1468 795 luminis
1497 741 1780 813 pascitur,
1812 743 1868 794 et

204 833 364 888 ultra
376 847 437 887 se
460 835 666 887 evecta
678 829 755 885 ad
776 829 1139 901 semetipsam
1162 829 1340 885 relabi
1362 829 1749 898 dedignatur;
1767 828 1865 883 sed

203 922 352 996 quia
370 921 570 977 adhuc
594 936 812 990 corpus
833 920 996 991 quod
1023 920 1426 991 corrumpitur
1441 917 1865 989 aggravatani-

203 1027 371 1068 mam
388 1009 556 1079 (Sap.
575 1026 652 1080 ix,
676 1009 790 1078 15),
808 1007 1092 1063 inhaerere
1108 1007 1206 1062 diu
1222 1006 1337 1063 luci
1363 1008 1533 1078 267
1554 1022 1675 1062 non
1690 1005 1863 1071 valet,

200 1117 394 1174 quam
425 1100 643 1172 raptim
677 1098 853 1154 videt.
888 1100 1026 1169 Ipsa
1060 1098 1278 1170 quippe
1319 1097 1517 1152 carnis
1552 1095 1865 1152 inﬁrmitas

203 1188 732 1246 transcendentem
756 1202 816 1241 se
838 1187 1106 1243 animam
1136 1185 1399 1249 retrahit,
1426 1191 1605 1258 atque
1621 1185 1692 1240 ad
1709 1184 1865 1255 cogi-

201 1278 387 1335 tanda
406 1278 527 1333 ima
550 1294 618 1332 ac
642 1275 979 1332 necessaria
995 1276 1393 1348 suspirantem
1418 1274 1867 1331 reducit.Saliva

200 1383 347 1438 ergo
381 1384 450 1422 ex
481 1366 674 1438 capite
701 1364 971 1421 deﬂuens
1004 1381 1071 1420 os
1106 1364 1307 1435 tangit,
1349 1365 1451 1419 sed
1482 1363 1557 1419 ad
1594 1367 1863 1419 ventrem

200 1456 450 1512 minime
470 1453 1161 1527 pervenit,quialiquore
1193 1469 1468 1525 supernae
1497 1451 1864 1525 contempla-

199 1546 380 1600 tionis
398 1545 524 1615 jam
548 1543 794 1615 quidem
822 1542 1150 1598 intellectus
1175 1550 1381 1598 noster
1403 1540 1860 1607 infunditur,sed

201 1651 564 1707 nequaquam
579 1649 739 1689 mens
763 1633 930 1704 plene
953 1632 1212 1688 satiatur.
1235 1635 1295 1687 In
1318 1648 1418 1688 ore
1431 1632 1634 1687 etenim
1652 1637 1858 1705 gustus

198 1730 313 1789 est,
343 1725 401 1778 in
441 1728 641 1779 ventre
680 1722 943 1778 satietas.
968 1722 1222 1777 Salivam
1262 1721 1452 1793 itaque
1482 1721 1693 1791 glutire
1736 1738 1858 1777 non
1896 1741 1941 1796 Β

198 1829 551 1886 possumus,
569 1812 704 1884 quia
719 1826 995 1882 supernae
1017 1810 1297 1867 claritatis
1320 1810 1482 1865 bono
1512 1810 1714 1866 satiari
1738 1826 1859 1867 non

197 1901 787 1976 permittimur,quod
804 1900 1001 1956 adhuc
1018 1916 1086 1955 ex
1105 1904 1387 1956 tenuitate
1404 1907 1728 1971 gustamus.
1749 1901 1858 1957 Sed

198 1992 344 2065 quia
368 1992 482 2047 hoc
506 1991 725 2063 ipsum,
752 1989 915 2062 quod
941 1995 1245 2061 utcunque
1271 1990 1397 2060 jam
1421 2001 1447 2032 ιι
1481 2006 1736 2062 superne
1762 2006 1860 2046 co-

196 2080 570 2150 gnoscimus,
596 2095 666 2135 ex
690 2080 906 2150 pietate
935 2080 1229 2149 parcentis
1256 2084 1363 2144 est,
1388 2078 1554 2149 quod
1581 2096 1717 2135 vero
1745 2080 1859 2136 hoc

198 2170 497 2241 percipere
520 2168 767 2241 perfecte
789 2183 909 2223 non
926 2184 1251 2239 possumus
1271 2168 1464 2223 adhuc
1478 2186 1550 2224 ex
1568 2185 1747 2241 paena
1770 2187 1861 2225 ve-

201 2257 965 2321 tustaadamnationis,recte
983 2256 1390 2313 nuncdicitur:
1417 2259 1724 2331 Usquequo
1739 2276 1857 2316 non

194 2350 382 2420 parcis
405 2348 564 2414 mihi,
580 2364 670 2403 nec
689 2348 927 2402 dimittis
943 2364 1040 2411 me,
1066 2355 1123 2401 ut
1144 2346 1371 2418 glutz’am
1401 2347 1629 2403 salivam
1644 2366 1809 2404 meam
1832 2350 1859 2404 ?

194 2439 281 2493 Ac
316 2438 364 2493 si
392 2444 591 2509 aperte
621 2436 914 2492 diceretur
955 2454 967 2491 :
1002 2439 1163 2492 Tunc
1188 2436 1414 2492 homini
1448 2437 1618 2509 plene
1646 2438 1855 2509 parcis,

195 2544 340 2584 cum
364 2529 522 2583 hunc
543 2528 619 2583 ad
635 2528 1057 2597 perfectionem
1083 2531 1195 2582 tuae
1215 2527 1735 2598 contemplationis
1750 2527 1858 2582 ad-

194 2617 522 2684 miseris,ut
543 2616 870 2673 claritatem
898 2620 1060 2673 tuam
1080 2622 1283 2689 raptus
1305 2617 1547 2671 interius
1566 2616 1785 2686 videat,
1801 2621 1858 2672 et

193 2723 341 2762 eum
372 2706 567 2762 carnis
608 2723 732 2761 suae
775 2706 1078 2778 corruptio
1118 2705 1373 2761 exterius
1415 2722 1535 2761 non
1572 2705 1845 2777 repellat.

193 2796 366 2851 Tunc
388 2797 674 2868 permittis
704 2802 763 2852 ut
793 2795 1044 2851 salivam
1073 2795 1488 2865 glutiam,cum
1521 2812 1614 2851 me
1640 2811 1855 2867 sapore

195 2892 315 2942 tuae
331 2885 609 2943 claritatis
625 2902 815 2959 usque
830 2886 905 2941 ad
921 2885 1360 2941 abundantiam
1386 2885 1673 2941 satietatis
1692 2885 1854 2940 infu-

192 2974 849 3048 deris,utnequaquam
864 2976 990 3045 jam
1009 2990 1114 3046 per
1129 2973 1518 3044 indigentiam
1543 2979 1721 3045 gustu
1735 2974 1855 3029 oris

190 3065 485 3130 esuriam,
519 3065 626 3120 sed
655 3066 713 3121 in
749 3072 801 3120 te
836 3065 865 3107 ι)
890 3064 1116 3120 solidus
1139 3064 1380 3133 irrigato
1414 3064 1627 3120 mentis
1658 3069 1855 3120 ventre

190 3154 653 3210 subsistam.Sed
669 3155 772 3227 qui
788 3153 1112 3226 promereri
1130 3153 1253 3209 vult
1270 3154 1496 3209 bonum
1518 3154 1679 3226 quod
1708 3167 1731 3197 ο
1755 3170 1858 3209 ex-

188 3243 361 3316 petit,
396 3243 571 3299 debet
604 3246 832 3299 malum
863 3242 1130 3299 conﬁteri
1157 3244 1321 3316 quod
1344 3243 1499 3299 fecit.
1532 3244 1811 3316 Sequitur
1838 3261 1851 3299 :

611 3362 835 3415 CAPUT
867 3361 1017 3415 XXXI
1056 3358 1218 3431 [880.
1257 3358 1443 3432 XIX].

269 3475 439 3531 Vens.
472 3479 560 3531 20.
594 3506 662 3517 -—
691 3475 944 3532 Peccavi
968 3493 989 3539 ,-
1022 3475 1167 3547 quid
1179 3475 1408 3543 faciam
1439 3475 1564 3543 tibi,
1597 3492 1629 3531 ο
1661 3483 1856 3533 custos

192 3565 528 3622 hominum.

270 3655 359 3710 51.
384 3655 575 3710 Homo
596 3668 774 3723 perse
805 3654 1150 3722 lapsus,per
1173 3669 1233 3709 se
1255 3668 1375 3709 non
1400 3654 1559 3709 valet
1587 3669 1850 3724 surgere.

191 3775 266 3785 —
298 3746 444 3799 Ecce
471 3743 685 3798 fatetur
700 3742 1103 3813 malumquod
1136 3742 1272 3812 egit,
1296 3743 1401 3797 sed
1428 3742 1653 3798 bonum
1687 3744 1853 3814 quod

190 3836 320 3889 Deo
333 3834 389 3888 in
405 3832 1019 3903 recompensationem
1034 3830 1239 3887 debeat
1252 3829 1462 3887 oﬂerre
1474 3847 1595 3887 non
1609 3831 1851 3898 invenit,

190 3923 335 3993 quia
349 3921 423 3977 ad
439 3921 784 3978 abluendam
798 3920 1026 3991 culpam
1042 3920 1303 3993 quaelibet
1315 3921 1589 3976 humanae
1605 3922 1852 3977 actionis

190 4012 385 4067 virtus
416 4011 652 4066 inﬁrma
674 4016 780 4075 est,
811 4009 926 4065 nisi
946 4010 1105 4065 hanc
1124 4010 1533 4066 misericordia
1549 4012 1851 4082 parcentis

188 4100 482 4165 foveat,et
505 4116 623 4155 non
647 4098 879 4171 justitia
900 4104 1054 4154 recte
1069 4099 1391 4170 judicantis
1414 4105 1667 4171 premat.
1688 4099 1851 4155 Unde

183 4195 354 4248 recte
380 4205 488 4261 per
514 4189 891 4245 Psalmistam
919 4189 1160 4244 dicitur:
1188 4188 1403 4245 Melior
1415 4196 1496 4245 est
1515 4188 1853 4246 misericor-

188 4280 300 4335 dia
320 4286 427 4335 tua
445 4295 625 4349 super
651 4279 830 4335 vitam
854 4278 1037 4350 (Psal.
1060 4295 1187 4334 Lxu.
1214 4280 1326 4348 40),
1348 4279 1492 4351 quia
1519 4278 1851 4350 quamlibet

1976 470 2163 525 hostis
2180 469 2451 535 insidias,
2475 475 2691 525 nostrae
2713 467 3127 523 sollicitudinis
3149 468 3358 524 oculus
3374 471 3626 540 vigilans

1975 558 2217 622 dormit,
2236 558 2544 613 Psalmista
2557 574 2766 613 rursus
2782 557 3230 630 attestante,qui
3253 558 3330 614 ait
3346 575 3357 611 :
3372 560 3631 616 NisiDo-

1974 648 2172 703 minus
2203 648 2548 703 custodierit
2576 645 2893 715 civitatem,
2913 645 2975 701 in
3004 662 3223 703 vanum
3249 647 3500 718 vigilant
3527 649 3638 720 qui

1976 736 2317 792 custodiunt
2337 752 2461 792 eam
2487 735 2675 807 (Psal.
2705 750 2896 799 cxxvr,
2928 740 2974 800 t,
3003 734 3078 805 2).
3104 737 3209 790 Per
3232 752 3341 790 nos
3364 752 3630 809 namque

1976 825 2420 892 cecidimus,sed
2436 825 2649 880 nostris
2662 840 2967 895 resurgere
2983 824 3199 879 viribus
3213 841 3333 880 non
3348 825 3627 882 valemus.

1977 914 2159 986 Culpa
2174 931 2283 971 nos
2299 914 2324 954 ἀ
2339 915 2653 970 voluntatis
2667 914 2917 986 propriae
2932 913 3102 968 semel
3119 914 3442 978 stravit,sed
3461 932 3631 988 paena

1976 1004 2165 1075 culpae
2179 1004 2440 1060 deterius
2453 1002 2716 1075 quotidie
2734 1002 3030 1074 deprimit.
3050 1004 3136 1057 Ab
3151 1004 3442 1059 amissam
3460 1006 3628 1062 recti-

1978 1095 2245 1150 tudinem
2273 1108 2513 1165 surgere
2541 1093 2877 1147 studiorum
2912 1092 3226 1148 conatibus
3251 1093 3631 1160 nitimur,sed

1974 1184 2318 1239 meritorum
2360 1182 2624 1256 pondere
2665 1197 3010 1251 gravamur.
3045 1182 3211 1238 Unde
3243 1187 3297 1239 et
3326 1189 3461 1255 apte
3493 1183 3631 1239 sub-

1974 1272 2153 1327 ditur.

2222 1389 2443 1445 CAPUT
2486 1387 2664 1442 XXXII
2701 1388 2850 1457 [νει.
2883 1387 3031 1453 XXII,
3072 1388 3203 1444 Rec.
3239 1386 3366 1460 XX].

2044 1507 2172 1560 IBlD.
2205 1536 2270 1543 —
2285 1504 2479 1569 Quare
2498 1504 2751 1572 posuisti
2767 1519 2857 1560 me
2881 1505 3252 1560 contrarium
3277 1504 3404 1573 tibi,
3419 1513 3472 1563 et
3495 1507 3629 1575 fac-

1974 1600 2068 1649 tus
2097 1610 2225 1649 sum
2260 1592 2642 1661 mihimetipsi
2674 1592 2873 1663 gravis
2903 1593 2932 1644 ?

2046 1688 2132 1740 52.
2159 1682 2458 1738 Peccando
2489 1685 2831 1737 contrarius
2859 1683 3061 1751 factus
3090 1692 3171 1740 est
3210 1684 3343 1739 Deo.
3375 1714 3441 1723 —
3466 1686 3628 1739 Tunc

1972 1772 2084 1827 sibi
2123 1772 2490 1827 contrarium
2522 1773 2671 1825 Deus
2691 1770 3000 1826 hominem
3032 1773 3252 1843 posuit,
3284 1788 3423 1827 cum
3443 1771 3629 1827 homo

1973 1864 2159 1917 Deum
2200 1860 2508 1932 peccando
2538 1859 2872 1931 dereliquit.
2915 1861 3215 1931 Serpentis
3247 1860 3472 1932 quippe
3498 1876 3631 1933 per-

1971 1949 2346 2005 suasionibus
2360 1957 2564 2020 captus
2580 1949 2761 2004 hostis
2774 1948 2902 2020 ejus
2914 1949 3332 2021 exstitit,cujus
3344 1954 3631 2021 praecepta

1970 2040 2348 2112 contempsit.
2366 2041 2572 2094 Justus
2604 2053 2746 2094 vero
2787 2038 3061 2095 conditor
3084 2039 3239 2095 hunc
3263 2039 3376 2095 sibi
3400 2045 3629 2097 contra-

1968 2131 2124 2185 rium
2152 2130 2367 2201 posuit,
2397 2129 2540 2200 quia
2569 2127 2876 2182 inimicum
2910 2144 2979 2183 ex
3011 2128 3264 2184 elatione
3295 2129 3624 2201 deputavit.

1971 2220 2085 2276 Sed
2108 2221 2233 2274 haec
2262 2218 2392 2289 ipsa
2414 2219 2798 2273 contrarietas
2824 2217 3014 2287 culpae
3040 2218 3218 2288 268
3242 2218 3395 2273 facta
3416 2223 3503 2273 est
3521 2220 3626 2274 ho-

1969 2309 2115 2363 mini
2144 2308 2383 2379 pondus
2417 2322 2627 2377 pmnae,
2658 2309 2722 2359 ut
2741 2306 3108 2375 corruptioni
3142 2321 3263 2361 suae
3298 2306 3451 2361 male
3474 2306 3628 2361 liber

1968 2397 2201 2461 serviat,
2235 2396 2339 2468 qui
2372 2395 2525 2450 bene
2548 2410 2751 2449 servus
2778 2394 2852 2449 de
2875 2393 3337 2465 incorruptionis
3359 2394 3626 2452 libertate

1967 2486 2291 2557 gaudebat.
2312 2484 2619 2540 Salubrem
2641 2481 2868 2555 quippe
2884 2482 3231 2539 humilitatis
3249 2499 3446 2540 arcem
3461 2483 3627 2540 dese-

1965 2592 2119 2642 rens,
2135 2576 2211 2630 ad
2231 2572 2591 2629 inﬁrmitatis
2605 2576 2628 2642 j
2640 2588 2821 2642 ugum
2838 2571 3246 2643 superbiendo
3266 2574 3554 2645 pervenit,
3570 2578 3625 2631 et

1965 2666 2257 2722 cervicem
2270 2662 2464 2719 cordis
2479 2661 2761 2731 erigendo
2775 2662 3359 2735 supposuitquiaqui
3371 2664 3622 2719 subesse

1964 2754 2185 2809 divinis
2201 2752 2578 2823 jussionibus
2597 2750 2924 2816 noluit,sub
2943 2751 3065 2806 suis
3086 2768 3148 2806 se
3168 2752 3621 2807 necessitatibus

1967 2843 2190 2899 stravit.
2207 2841 2611 2913 Quod,melius
2635 2840 3034 2905 ostendimus,
3052 2841 3096 2895 si
3115 2856 3187 2896 ea
3206 2841 3621 2913 qumdejectus

1967 2934 2233 2997 sustinet,
2263 2937 2315 2987 et
2335 2932 2494 3003 prius
2525 2930 2746 2995 carnis,
2771 2935 2826 2985 et
2849 2930 3270 3002 postpondera
3291 2931 3505 2985 mentis
3529 2946 3620 2985 ex-

1967 3022 2223 3094 primam
2236 3037 2323 3076 us.

1892 3095 1933 3151 C
2036 3111 2127 3167 53.
2153 3111 2301 3178 Quot
2332 3109 2513 3165 modis
2540 3110 2710 3165 homo
2738 3108 2851 3163 sibi
2872 3108 3076 3178 gravis
3100 3108 3195 3172 sit,
3222 3115 3469 3177 propter
3488 3124 3620 3163 cor-

1965 3216 2096 3271 pus.
2120 3200 2200 3256 Et
2222 3206 2464 3269 propter
2489 3202 2759 3255 mentem.
2779 3198 2941 3254 Mens
2966 3203 3175 3253 nostra
3197 3199 3403 3266 ampla
3433 3204 3487 3254 et
3510 3214 3618 3253 an-

1965 3294 2160 3362 gusta.
2178 3320 2245 3330 -
2269 3291 2336 3345 Ut
2353 3288 2513 3343 enim
2541 3293 2845 3343 taceamus
2866 3287 3001 3351 hoc,
3021 3286 3187 3357 quod
3212 3286 3449 3342 dolores
3474 3286 3619 3341 tole-

1967 3380 2254 3453 rat,quod
2274 3378 2540 3435 febribus
2564 3377 2824 3440 anhelat,
2842 3392 2949 3431 sua
2974 3376 3242 3447 quadam
3265 3375 3618 3446 aegritudine

1966 3470 2389 3539 constringitur
2420 3469 2549 3539 ipsa
2569 3467 2700 3522 hinc
2725 3467 2911 3522 nostri
2940 3467 3205 3538 corporis
3233 3482 3371 3538 quas
3403 3466 3563 3522 salus
3594 3477 3619 3509 ο

1964 3566 2230 3618 vocatur.
2248 3562 2394 3614 Nam
2419 3558 2538 3612 otio
2563 3556 2827 3621 tabescit,
2843 3571 3022 3627 opere
3046 3555 3245 3611 deﬁcit
3258 3574 3276 3627 5
3302 3556 3500 3612 inedia
3519 3556 3619 3611 de-

1964 3650 2188 3713 ﬁciens,
2208 3648 2343 3703 cibo
2371 3645 2633 3702 reﬁcitur
2664 3650 2728 3700 ut
2750 3645 3070 3711 subsistat;
3096 3646 3412 3702 refectione
3433 3646 3616 3703 lasse-

1965 3758 2153 3812 scens,
2171 3738 2533 3795 abstinentia
2548 3737 2845 3792 relevetur
2868 3742 2927 3793 ut
2954 3736 3149 3807 vigeat
3168 3752 3180 3803 ;
3196 3753 3355 3809 aqua
3376 3738 3615 3809 perfun-

1963 3831 2140 3897 ditur,
2174 3844 2247 3884 ne
2299 3832 2529 3883 arescat
2573 3841 2587 3891 ;
2629 3826 2824 3881 linteis
2873 3827 3138 3894 tergitur,
3171 3842 3245 3881 ne
3276 3826 3405 3897 ipsa
3437 3826 3617 3882 nimis

1962 3917 2309 3992 perfusione
2352 3913 2657 3987 liquetiat;
2708 3913 2915 3969 labore
2953 3919 3281 3981 vegetatur,
3318 3929 3390 3968 ne
3421 3915 3616 3984 quiete

1963 4011 2194 4080 torpeat
2227 4024 2239 4073 ;
2271 4006 2466 4078 quiete
2494 4003 2810 4066 refovetur,
2840 4017 2914 4057 ne
2938 4001 3165 4057 laboris
3193 4002 3614 4058 exercitatione

1963 4094 2348 4160 succumbat;
2383 4092 2630 4162 fatigata
2655 4089 2892 4162 vigiliis,
2908 4106 3123 4145 somno
3154 4094 3485 4161 reparatur;
3510 4106 3618 4163 op-

1960 4202 2167 4259 pressa
2180 4198 2416 4248 somno,
2435 4181 2650 4253 vigiliis
2670 4180 2983 4249 excutitur,
3002 4195 3075 4235 ne
3097 4196 3204 4235 sua
3222 4178 3394 4251 pejus
3414 4180 3613 4251 quiete

1960 4275 2214 4331 lassetur
2246 4294 2259 4333 :
2293 4273 2558 4328 vestibus
2600 4270 2835 4342 tegitur,
2876 4286 2950 4324 ne
2982 4269 3214 4339 frigoris
3253 4268 3614 4325 adversitate

182 4368 792 4432 videaturinnocens,
822 4367 982 4439 apud
1008 4367 1340 4424 districtum
1357 4373 1553 4423 tamen
1583 4367 1850 4438 judicem
1961 4368 2302 4439 penetretur
2321 4379 2334 4429 ;
2352 4362 2604 4434 quaesito
2630 4359 2826 4416 calore
2842 4359 3147 4423 deﬁciens,
3164 4374 3446 4414 aurarum
3464 4358 3613 4416 ﬂatu

186 4464 405 4515 nostra
431 4474 540 4513 nos
564 4459 685 4513 vita
713 4473 833 4513 non
856 4457 1085 4526 liberat,
1104 4456 1153 4511 si
1176 4458 1226 4511 ei
1247 4464 1441 4512 reatus
1462 4456 1846 4512 suidebitum
1882 4442 1926 4497 D
1959 4456 2273 4512 refovetur.
2310 4452 2330 4492 f
2360 4454 2620 4520 Cumque
2658 4448 2796 4503 inde
2830 4447 3129 4504 molestias
3167 4448 3410 4513 invenit,
3454 4448 3613 4505 unde

180 4546 623 4604 misericordias
650 4547 988 4617 benignitas
1015 4562 1136 4601 non
1160 4546 1511 4602 relaxat.Vel
1532 4551 1686 4601 certe
1704 4561 1843 4601 cum

185 4636 441 4692 dicitur:
469 4636 623 4704 Quid
643 4636 869 4706 faciam
894 4635 1040 4690 tibi?
1060 4640 1327 4707 patenter
1350 4635 1684 4691 ostenditur
1705 4634 1849 4706 quia

182 4725 322 4781 haec
345 4725 475 4796 ipsa
500 4726 656 4781 bona
686 4741 821 4798 quae
843 4740 1020 4797 agere
1052 4725 1583 4796 prmeipimurmon
1623 4739 1849 4796 praece-

183 4815 369 4888 ptori,
399 4814 500 4870 sed
522 4815 695 4870 nobis
723 4819 993 4886 prosunt.
1023 4814 1185 4869 Unde
1204 4830 1442 4869 rursum
1477 4829 1581 4882 per
1600 4812 1849 4868 Psalmi-

184 4908 340 4959 stam
354 4902 594 4959 dicitur:
613 4904 903 4971 Quoniam
921 4903 1205 4959 bonorum
1222 4920 1484 4960 meorum
1499 4919 1617 4959 non
1630 4902 1847 4972 indiges

186 4993 366 5066 (Psat.
398 5009 493 5058 xv,
525 4996 601 5062 2).
638 4992 948 5048 Humilitas
968 4997 1168 5049 autem
1201 5000 1421 5049 nostras
1452 4991 1847 5047 destitutionis

185 5082 543 5155 exprimitur
555 5098 694 5139 cum
714 5085 864 5138 Deus
876 5083 1192 5140 hominum
1207 5088 1405 5139 custos
1432 5080 1849 5151 vocatur,quia

264 5248 290 5277 δ
319 5236 559 5302 Turon.,
583 5236 801 5301 Germ.,
834 5237 1055 5300 Norm.,
1089 5233 1315 5304 Anglic.
1344 5237 1532 5289 etvet.
1565 5233 1690 5299 Ed.,
1712 5234 1846 5302 jam

186 5321 479 5376 superna,
503 5306 740 5360 Vindoc.
764 5312 819 5361 et
837 5306 1004 5363 Corb.
1021 5308 1376 5374 Germ.,ja’m
1394 5320 1669 5374 superne.
1698 5304 1843 5359 Editi

189 5382 443 5453 postera,
458 5380 593 5453 jam
620 5393 801 5453 super
826 5394 953 5453 nos.

258 5451 291 5491 b
319 5450 405 5505 Ita
444 5447 615 5504 Corb.
661 5449 880 5517 Germ.,
922 5450 1199 5517 Vindoc.,
1244 5452 1467 5514 Norm.,
1514 5447 1727 5504 Bellov.
1782 5448 1844 5502 In

186 5524 434 5648 Tuquni,
466 5521 714 5576 solidius
752 5521 1110 5591 irrigatione
1148 5522 1356 5579 mentis
1386 5520 1626 5576 subsist.
1672 5519 1843 5585 Editi,

187 5609 250 5648 so
282 5607 386 5647 ua
419 5608 504 5647 us.

187 5592 504 5649 solidatus.

264 5674 289 5707 ε
315 5663 493 5721 Corb.
528 5663 752 5729 Germ.,
784 5663 1041 5734 expedit.

1960 4544 2141 4599 vitare
2164 4541 2436 4597 molestia
2463 4538 2759 4610 quaesivit,
2777 4539 2934 4593 male
2960 4537 3251 4606 sauciata,
3268 4543 3330 4593 ut
3352 4539 3434 4595 ita
3453 4538 3614 4594 dixe-

1957 4634 2091 4699 rim,
2123 4632 2197 4687 de
2230 4631 2358 4702 ipso
2390 4645 2498 4684 suo
2530 4627 2931 4683 medicamine
2962 4627 3314 4698 languescit.
3348 4628 3608 4685 Remotis

1957 4738 2099 4792 ergo
2113 4717 2902 4788 febribus,cessantibusque
2918 4717 3391 4790 doloribus,ipsa
3406 4722 3610 4774 nostra

1960 4812 2117 4866 salus
2147 4808 2438 4880 aegritudo
2479 4813 2584 4873 est,
2627 4807 2773 4862 cuit!
2804 4806 3055 4863 curandi
3095 4808 3419 4863 necessitas
3452 4823 3609 4862 nun-

1957 4916 2142 4973 quam
2174 4900 2356 4954 deest.
2400 4898 2554 4963 Quot
2586 4898 2744 4952 enim
2793 4896 3003 4953 solatia
3032 4896 3112 4952 ad
3159 4896 3392 4950 vivendi
3429 4912 3607 4950 usum

1956 4990 2281 5064 quaerimus
2298 4986 2473 5060 quasi
2488 4992 2795 5043 totnostraa
2809 4984 3142 5057 aegritudini
3160 4983 3608 5039 medicamentis

1957 5080 2294 5136 obviamus.
2321 5079 2429 5133 Sed
2448 5077 2645 5149 ipsum
2660 5090 2903 5148 quoque
2917 5073 3291 5129 medicamen
3312 5073 3370 5127 in
3394 5071 3607 5127 vulnus

2028 5237 2058 5279 ά
2074 5234 2209 5313 _Lyr.
2230 5234 2289 5312 et
2317 5229 2522 5310 Bigot.,
2540 5225 2861 5295 voluptatis
2876 5225 3164 5305 propriae.
3179 5224 3265 5305 Ita
3287 5238 3447 5305 nunc
3468 5224 3604 5351 legi-

2028 5320 2051 5351 r
2072 5319 2127 5351 ιη
2160 5304 2301 5351 Utic.
2327 5306 2576 5351 antiqua
2595 5313 2778 5351 manu
2807 5296 3078 5351 additum
3107 5313 3120 5351 ς
3150 5311 3313 5351 prius
3340 5312 3498 5351 enim
3551 5311 3604 5351 e-

1958 5308 2051 5359 tur
2072 5296 2141 5357 in'
2160 5303 2301 5357 Utic.
2327 5296 2576 5370 antiqua
2595 5313 2778 5353 manu
2807 5296 3078 5351 additum
3107 5313 3120 5356 ;
3150 5296 3313 5366 prius
3340 5297 3498 5351 enim
3529 5296 3606 5351 le-

1957 5375 2207 5445 gebatur
2248 5370 2881 5445 voluntatis‘propriw,

2028 5459 2063 5520 e_
2080 5444 2330 5520 Additur
2359 5442 2417 5520 in
2447 5441 2625 5520 Editis
2647 5437 2943 5520 (egritudo
2962 5442 3065 5507 est,
3084 5454 3219 5509 quae
3242 5437 3601 5505 redundant,

1955 5522 2012 5571 et
2051 5517 2109 5570 in
2138 5514 2312 5568 nullis
2353 5516 2484 5568 Mss.
2520 5512 2877 5565 invenimus.

2028 5586 2049 5628 ι’
2080 5588 2319 5648 Gemet.,
2351 5598 2599 5646 cumque
2626 5581 2841 5638 inediw
2869 5582 3183 5638 molestias.

2026 5670 2057 5713 ε
2087 5656 2378 5713 Bellovac.
2409 5659 2463 5711 et
2491 5656 2735 5720 Gemet.,
2769 5654 2867 5710 cui
2896 5654 3169 5712 curanda
3191 5655 3529 5712 necessitas.
