  <div class='ocr_page' id='page_1' title='image "/cluster/home/n/w/nwhite01/storage/ocr_20150623/75/hvd.32044054758800/424.png"; bbox 0 0 4108 6184; ppageno 0'>
   <div class='ocr_carea' id='block_1_1' title="bbox 197 263 296 317">
    <p class='ocr_par' dir='ltr' id='par_1_1' title="bbox 197 263 296 317">
     <span class='ocr_line' id='line_1_1' title="bbox 197 263 296 317; baseline -0.01 0"><span class='ocrx_word' id='word_1_1' title='bbox 197 263 296 317; x_wconf 82' lang='lat'>837</span> 
     </span>
    </p>
   </div>
   <div class='ocr_carea' id='block_1_2' title="bbox 1089 242 2729 312">
    <p class='ocr_par' dir='ltr' id='par_1_2' title="bbox 1089 242 2729 312">
     <span class='ocr_line' id='line_1_2' title="bbox 1089 242 2729 312; baseline -0.009 0"><span class='ocrx_word' id='word_1_2' title='bbox 1089 254 1475 312; x_wconf 80' lang='lat' dir='ltr'>MORALIUM</span> <span class='ocrx_word' id='word_1_3' title='bbox 1518 252 1653 309; x_wconf 85' lang='lat' dir='ltr'>LIB.</span> <span class='ocrx_word' id='word_1_4' title='bbox 1702 251 1842 307; x_wconf 85' lang='lat' dir='ltr'>VIII.</span> <span class='ocrx_word' id='word_1_5' title='bbox 1883 278 1954 291; x_wconf 91' lang='lat'><strong>-</strong></span> <span class='ocrx_word' id='word_1_6' title='bbox 1993 246 2065 303; x_wconf 91' lang='lat' dir='ltr'><strong>IN</strong></span> <span class='ocrx_word' id='word_1_7' title='bbox 2105 245 2267 303; x_wconf 80' lang='lat' dir='ltr'>CAP.</span> <span class='ocrx_word' id='word_1_8' title='bbox 2316 244 2437 299; x_wconf 89' lang='lat' dir='ltr'><strong>VIII</strong></span> <span class='ocrx_word' id='word_1_9' title='bbox 2478 243 2541 298; x_wconf 89' lang='grc' dir='ltr'>Β.</span> <span class='ocrx_word' id='word_1_10' title='bbox 2584 242 2729 299; x_wconf 92' lang='lat' dir='ltr'>JOB.</span> 
     </span>
    </p>
   </div>
   <div class='ocr_carea' id='block_1_3' title="bbox 3517 249 3623 304">
    <p class='ocr_par' dir='ltr' id='par_1_3' title="bbox 3517 249 3623 304">
     <span class='ocr_line' id='line_1_3' title="bbox 3517 249 3623 304; baseline 0.019 -2"><span class='ocrx_word' id='word_1_11' title='bbox 3517 249 3623 304; x_wconf 91' lang='lat'>838</span> 
     </span>
    </p>
   </div>
   <div class='ocr_carea' id='block_1_4' title="bbox 199 369 3619 458">
    <p class='ocr_par' dir='ltr' id='par_1_4' title="bbox 199 369 3619 458">
     <span class='ocr_line' id='line_1_4' title="bbox 199 369 3619 458; baseline -0.004 -14"><span class='ocrx_word' id='word_1_12' title='bbox 199 382 850 458; x_wconf 85' lang='lat' dir='ltr'>inpulveredormiam;</span> <span class='ocrx_word' id='word_1_13' title='bbox 879 382 1213 438; x_wconf 89' lang='lat' dir='ltr'>interiorem</span> <span class='ocrx_word' id='word_1_14' title='bbox 1236 388 1505 437; x_wconf 85' lang='lat' dir='ltr'>metuens</span> <span class='ocrx_word' id='word_1_15' title='bbox 1522 379 1842 449; x_wconf 87' lang='lat' dir='ltr'>adjungat:</span> <span class='ocrx_word' id='word_1_16' title='bbox 1877 376 1922 430; x_wconf 82' lang='grc' dir='ltr'><strong>Α</strong></span> <span class='ocrx_word' id='word_1_17' title='bbox 1958 389 2060 445; x_wconf 91' lang='lat' dir='ltr'>per</span> <span class='ocrx_word' id='word_1_18' title='bbox 2095 371 2403 440; x_wconf 87' lang='lat' dir='ltr'>ingenium</span> <span class='ocrx_word' id='word_1_19' title='bbox 2428 384 2550 425; x_wconf 89' lang='lat' dir='ltr'>non</span> <span class='ocrx_word' id='word_1_20' title='bbox 2580 369 2855 439; x_wconf 83' lang='lat' dir='ltr'>assurgit.</span> <span class='ocrx_word' id='word_1_21' title='bbox 2902 371 3051 424; x_wconf 87' lang='lat' dir='ltr'>Nam</span> <span class='ocrx_word' id='word_1_22' title='bbox 3082 369 3279 441; x_wconf 89' lang='lat' dir='ltr'>prima</span> <span class='ocrx_word' id='word_1_23' title='bbox 3306 370 3619 431; x_wconf 83' lang='lat' dir='ltr'>laudanda</span> 
     </span>
    </p>
   </div>
   <div class='ocr_carea' id='block_1_5' title="bbox 199 469 1849 547">
    <p class='ocr_par' dir='ltr' id='par_1_5' title="bbox 199 469 1849 547">
     <span class='ocr_line' id='line_1_5' title="bbox 199 469 1849 547; baseline -0.008 -11"><span class='ocrx_word' id='word_1_24' title='bbox 199 481 273 536; x_wconf 85' lang='lat' dir='ltr'>Et</span> <span class='ocrx_word' id='word_1_25' title='bbox 296 479 346 533; x_wconf 90' lang='lat' dir='ltr'>si</span> <span class='ocrx_word' id='word_1_26' title='bbox 362 492 537 533; x_wconf 81' lang='lat' dir='ltr'>mane</span> <span class='ocrx_word' id='word_1_27' title='bbox 552 492 641 532; x_wconf 92' lang='lat' dir='ltr'>me</span> <span class='ocrx_word' id='word_1_28' title='bbox 658 474 970 547; x_wconf 72' lang='lat' dir='ltr'>quresieris,</span> <span class='ocrx_word' id='word_1_29' title='bbox 985 490 1103 530; x_wconf 84' lang='lat' dir='ltr'>non</span> <span class='ocrx_word' id='word_1_30' title='bbox 1125 473 1457 529; x_wconf 84' lang='lat' dir='ltr'>subsistam.</span> <span class='ocrx_word' id='word_1_31' title='bbox 1476 469 1849 536; x_wconf 80' lang='lat' dir='ltr'>Quantalibet</span> 
     </span>
    </p>
   </div>
   <div class='ocr_carea' id='block_1_6' title="bbox 196 560 1849 639">
    <p class='ocr_par' dir='ltr' id='par_1_6' title="bbox 196 560 1849 639">
     <span class='ocr_line' id='line_1_6' title="bbox 196 560 1849 639; baseline -0.007 -14"><span class='ocrx_word' id='word_1_32' title='bbox 196 569 348 625; x_wconf 89' lang='lat' dir='ltr'>enim</span> <span class='ocrx_word' id='word_1_33' title='bbox 374 566 607 639; x_wconf 87' lang='lat' dir='ltr'>justitia</span> <span class='ocrx_word' id='word_1_34' title='bbox 632 566 912 638; x_wconf 81' lang='lat' dir='ltr'>polleant,</span> <span class='ocrx_word' id='word_1_35' title='bbox 933 579 1319 636; x_wconf 82' lang='lat' dir='ltr'>nequaquam</span> <span class='ocrx_word' id='word_1_36' title='bbox 1338 562 1450 617; x_wconf 87' lang='lat' dir='ltr'>sibi</span> <span class='ocrx_word' id='word_1_37' title='bbox 1472 560 1550 617; x_wconf 90' lang='lat' dir='ltr'>ad</span> <span class='ocrx_word' id='word_1_38' title='bbox 1573 560 1849 615; x_wconf 86' lang='lat' dir='ltr'>innocen-</span> 
     </span>
    </p>
   </div>
   <div class='ocr_carea' id='block_1_7' title="bbox 199 650 1849 725">
    <p class='ocr_par' dir='ltr' id='par_1_7' title="bbox 199 650 1849 725">
     <span class='ocr_line' id='line_1_7' title="bbox 199 650 1849 725; baseline -0.007 -10"><span class='ocrx_word' id='word_1_39' title='bbox 199 658 338 715; x_wconf 83' lang='lat' dir='ltr'>tiam</span> <span class='ocrx_word' id='word_1_40' title='bbox 379 656 473 712; x_wconf 88' lang='lat' dir='ltr'>vel</span> <span class='ocrx_word' id='word_1_41' title='bbox 502 657 670 712; x_wconf 87' lang='lat' dir='ltr'>electi</span> <span class='ocrx_word' id='word_1_42' title='bbox 704 654 1028 721; x_wconf 75' lang='lat' dir='ltr'>suﬁiciunt,</span> <span class='ocrx_word' id='word_1_43' title='bbox 1061 654 1109 709; x_wconf 91' lang='lat' dir='ltr'>si</span> <span class='ocrx_word' id='word_1_44' title='bbox 1142 654 1199 709; x_wconf 93' lang='lat' dir='ltr'>in</span> <span class='ocrx_word' id='word_1_45' title='bbox 1222 652 1451 725; x_wconf 89' lang='lat' dir='ltr'>judicio</span> <span class='ocrx_word' id='word_1_46' title='bbox 1474 650 1733 707; x_wconf 86' lang='lat' dir='ltr'>districte</span> <span class='ocrx_word' id='word_1_47' title='bbox 1764 664 1849 703; x_wconf 81' lang='lat' dir='ltr'>re—</span> 
     </span>
    </p>
   </div>
   <div class='ocr_carea' id='block_1_8' title="bbox 194 738 1848 822">
    <p class='ocr_par' dir='ltr' id='par_1_8' title="bbox 194 738 1848 822">
     <span class='ocr_line' id='line_1_8' title="bbox 194 738 1848 822; baseline -0.006 -19"><span class='ocrx_word' id='word_1_48' title='bbox 194 749 524 822; x_wconf 89' lang='lat' dir='ltr'>quirantur.</span> <span class='ocrx_word' id='word_1_49' title='bbox 548 744 660 802; x_wconf 87' lang='lat' dir='ltr'>Sed</span> <span class='ocrx_word' id='word_1_50' title='bbox 680 746 793 801; x_wconf 89' lang='lat' dir='ltr'>hoc</span> <span class='ocrx_word' id='word_1_51' title='bbox 816 760 975 800; x_wconf 91' lang='lat' dir='ltr'>nunc</span> <span class='ocrx_word' id='word_1_52' title='bbox 1002 743 1077 800; x_wconf 90' lang='lat' dir='ltr'>ad</span> <span class='ocrx_word' id='word_1_53' title='bbox 1099 742 1374 798; x_wconf 90' lang='lat' dir='ltr'>solatium</span> <span class='ocrx_word' id='word_1_54' title='bbox 1390 757 1510 796; x_wconf 65' lang='lat' dir='ltr'>suae</span> <span class='ocrx_word' id='word_1_55' title='bbox 1530 738 1848 811; x_wconf 81' lang='lat' dir='ltr'>ereptionis</span> 
     </span>
    </p>
   </div>
   <div class='ocr_carea' id='block_1_9' title="bbox 192 828 1851 908">
    <p class='ocr_par' dir='ltr' id='par_1_9' title="bbox 192 828 1851 908">
     <span class='ocr_line' id='line_1_9' title="bbox 192 828 1851 908; baseline -0.006 -16"><span class='ocrx_word' id='word_1_56' title='bbox 192 836 517 897; x_wconf 84' lang='lat' dir='ltr'>inveniunt.</span> <span class='ocrx_word' id='word_1_57' title='bbox 542 834 709 908; x_wconf 92' lang='lat' dir='ltr'>quod</span> <span class='ocrx_word' id='word_1_58' title='bbox 731 849 1119 906; x_wconf 87' lang='lat' dir='ltr'>nequaquam</span> <span class='ocrx_word' id='word_1_59' title='bbox 1149 848 1212 888; x_wconf 91' lang='lat' dir='ltr'>se</span> <span class='ocrx_word' id='word_1_60' title='bbox 1237 847 1415 905; x_wconf 89' lang='lat' dir='ltr'>posse</span> <span class='ocrx_word' id='word_1_61' title='bbox 1445 830 1717 885; x_wconf 84' lang='lat' dir='ltr'>sufﬁcere</span> <span class='ocrx_word' id='word_1_62' title='bbox 1744 828 1851 882; x_wconf 89' lang='lat' dir='ltr'>hu-</span> 
     </span>
    </p>
   </div>
   <div class='ocr_carea' id='block_1_10' title="bbox 194 917 1851 992">
    <p class='ocr_par' dir='ltr' id='par_1_10' title="bbox 194 917 1851 992">
     <span class='ocr_line' id='line_1_10' title="bbox 194 917 1851 992; baseline -0.006 -10"><span class='ocrx_word' id='word_1_63' title='bbox 194 927 407 982; x_wconf 87' lang='lat' dir='ltr'>militer</span> <span class='ocrx_word' id='word_1_64' title='bbox 433 925 645 980; x_wconf 90' lang='lat' dir='ltr'>sciunt.</span> <span class='ocrx_word' id='word_1_65' title='bbox 672 923 794 980; x_wconf 84' lang='lat' dir='ltr'>Sub</span> <span class='ocrx_word' id='word_1_66' title='bbox 819 922 1175 979; x_wconf 86' lang='lat' dir='ltr'>humilitatis</span> <span class='ocrx_word' id='word_1_67' title='bbox 1208 937 1349 992; x_wconf 89' lang='lat' dir='ltr'>ergo</span> <span class='ocrx_word' id='word_1_68' title='bbox 1380 920 1636 990; x_wconf 87' lang='lat' dir='ltr'>tegmine</span> <span class='ocrx_word' id='word_1_69' title='bbox 1663 935 1698 974; x_wconf 91' lang='lat' dir='ltr'>a</span> <span class='ocrx_word' id='word_1_70' title='bbox 1730 917 1851 988; x_wconf 86' lang='lat' dir='ltr'>gla-</span> 
     </span>
    </p>
   </div>
   <div class='ocr_carea' id='block_1_11' title="bbox 192 1011 1851 1081">
    <p class='ocr_par' dir='ltr' id='par_1_11' title="bbox 192 1011 1851 1081">
     <span class='ocr_line' id='line_1_11' title="bbox 192 1011 1851 1081; baseline -0.006 -9"><span class='ocrx_word' id='word_1_71' title='bbox 192 1017 288 1071; x_wconf 92' lang='lat' dir='ltr'>dio</span> <span class='ocrx_word' id='word_1_72' title='bbox 305 1032 365 1071; x_wconf 91' lang='lat' dir='ltr'>se</span> <span class='ocrx_word' id='word_1_73' title='bbox 380 1020 556 1071; x_wconf 64' lang='lat' dir='ltr'>tanta:</span> <span class='ocrx_word' id='word_1_74' title='bbox 573 1011 1110 1070; x_wconf 81' lang='lat' dir='ltr'>animadversionis</span> <span class='ocrx_word' id='word_1_75' title='bbox 1123 1011 1521 1074; x_wconf 87' lang='lat' dir='ltr'>abscondunt,</span> <span class='ocrx_word' id='word_1_76' title='bbox 1538 1014 1592 1065; x_wconf 90' lang='lat' dir='ltr'>et</span> <span class='ocrx_word' id='word_1_77' title='bbox 1607 1024 1728 1081; x_wconf 91' lang='lat' dir='ltr'>quo</span> <span class='ocrx_word' id='word_1_78' title='bbox 1742 1013 1851 1063; x_wconf 89' lang='lat' dir='ltr'>ter-</span> 
     </span>
    </p>
   </div>
   <div class='ocr_carea' id='block_1_12' title="bbox 195 1098 1851 1175">
    <p class='ocr_par' dir='ltr' id='par_1_12' title="bbox 195 1098 1851 1175">
     <span class='ocr_line' id='line_1_12' title="bbox 195 1098 1851 1175; baseline -0.006 -13"><span class='ocrx_word' id='word_1_79' title='bbox 195 1122 392 1162; x_wconf 85' lang='lat' dir='ltr'>rorem</span> <span class='ocrx_word' id='word_1_80' title='bbox 414 1103 642 1159; x_wconf 90' lang='lat' dir='ltr'>venturi</span> <span class='ocrx_word' id='word_1_81' title='bbox 669 1102 886 1175; x_wconf 90' lang='lat' dir='ltr'>judicis</span> <span class='ocrx_word' id='word_1_82' title='bbox 908 1101 1318 1174; x_wconf 67' lang='lat' dir='ltr'>praestolantes</span> <span class='ocrx_word' id='word_1_83' title='bbox 1340 1100 1619 1155; x_wconf 90' lang='lat' dir='ltr'>continuo</span> <span class='ocrx_word' id='word_1_84' title='bbox 1644 1098 1851 1154; x_wconf 85' lang='lat' dir='ltr'>timore</span> 
     </span>
    </p>
   </div>
   <div class='ocr_carea' id='block_1_13' title="bbox 192 1187 1846 1266">
    <p class='ocr_par' dir='ltr' id='par_1_13' title="bbox 192 1187 1846 1266">
     <span class='ocr_line' id='line_1_13' title="bbox 192 1187 1846 1266; baseline -0.005 -16"><span class='ocrx_word' id='word_1_85' title='bbox 192 1196 584 1266; x_wconf 90' lang='lat' dir='ltr'>trepidant,eo</span> <span class='ocrx_word' id='word_1_86' title='bbox 599 1192 1000 1248; x_wconf 86' lang='lat' dir='ltr'>indesinenter</span> <span class='ocrx_word' id='word_1_87' title='bbox 1024 1190 1310 1260; x_wconf 87' lang='lat' dir='ltr'>agitur,ut</span> <span class='ocrx_word' id='word_1_88' title='bbox 1332 1190 1661 1261; x_wconf 86' lang='lat' dir='ltr'>paratiores</span> <span class='ocrx_word' id='word_1_89' title='bbox 1679 1187 1846 1242; x_wconf 85' lang='lat' dir='ltr'>ﬁant.</span> 
     </span>
    </p>
   </div>
   <div class='ocr_carea' id='block_1_14' title="bbox 201 1284 500 1357">
    <p class='ocr_par' dir='ltr' id='par_1_14' title="bbox 201 1284 500 1357">
     <span class='ocr_line' id='line_1_14' title="bbox 201 1284 500 1357; baseline -0.01 -16"><span class='ocrx_word' id='word_1_90' title='bbox 201 1284 500 1357; x_wconf 87' lang='lat' dir='ltr'>Sequitur.</span> 
     </span>
    </p>
   </div>
   <div class='ocr_carea' id='block_1_15' title="bbox 405 1403 1662 1478">
    <p class='ocr_par' dir='ltr' id='par_1_15' title="bbox 405 1403 1662 1478">
     <span class='ocr_line' id='line_1_15' title="bbox 405 1403 1662 1478; baseline -0.006 -12"><span class='ocrx_word' id='word_1_91' title='bbox 405 1411 629 1466; x_wconf 85' lang='lat' dir='ltr'><strong>CAPUT</strong></span> <span class='ocrx_word' id='word_1_92' title='bbox 656 1408 834 1464; x_wconf 85' lang='lat' dir='ltr'><strong>XXXV</strong></span> <span class='ocrx_word' id='word_1_93' title='bbox 864 1407 1015 1478; x_wconf 83' lang='lat' dir='ltr'>[Vel.</span> <span class='ocrx_word' id='word_1_94' title='bbox 1045 1405 1256 1471; x_wconf 85' lang='lat' dir='ltr'><strong>XXIV,</strong></span> <span class='ocrx_word' id='word_1_95' title='bbox 1287 1406 1412 1460; x_wconf 86' lang='lat' dir='ltr'>Rec.</span> <span class='ocrx_word' id='word_1_96' title='bbox 1442 1403 1662 1477; x_wconf 84' lang='lat' dir='ltr'>XXII].</span> 
     </span>
    </p>
   </div>
   <div class='ocr_carea' id='block_1_16' title="bbox 262 1529 1854 1601">
    <p class='ocr_par' dir='ltr' id='par_1_16' title="bbox 262 1529 1854 1601">
     <span class='ocr_line' id='line_1_16' title="bbox 262 1529 1854 1601; baseline -0.006 -9"><span class='ocrx_word' id='word_1_97' title='bbox 262 1539 394 1593; x_wconf 74' lang='lat' dir='ltr'>CAP.</span> <span class='ocrx_word' id='word_1_98' title='bbox 422 1551 542 1597; x_wconf 79' lang='lat' dir='ltr'><strong>VIII,</strong></span> <span class='ocrx_word' id='word_1_99' title='bbox 572 1549 732 1589; x_wconf 76' lang='lat' dir='ltr'>vens.</span> <span class='ocrx_word' id='word_1_100' title='bbox 759 1539 802 1598; x_wconf 90' lang='lat' dir='ltr'>l,</span> <span class='ocrx_word' id='word_1_101' title='bbox 829 1536 879 1587; x_wconf 83' lang='lat'>2.</span> <span class='ocrx_word' id='word_1_102' title='bbox 909 1564 973 1572; x_wconf 91' lang='lat'>—</span> <span class='ocrx_word' id='word_1_103' title='bbox 996 1532 1370 1601; x_wconf 75' lang='lat' dir='ltr'>Respondeas</span> <span class='ocrx_word' id='word_1_104' title='bbox 1391 1536 1588 1586; x_wconf 88' lang='lat' dir='ltr'>autem</span> <span class='ocrx_word' id='word_1_105' title='bbox 1612 1529 1854 1585; x_wconf 85' lang='lat' dir='ltr'>Baldad</span> 
     </span>
    </p>
   </div>
   <div class='ocr_carea' id='block_1_17' title="bbox 186 1619 1852 1693">
    <p class='ocr_par' dir='ltr' id='par_1_17' title="bbox 186 1619 1852 1693">
     <span class='ocr_line' id='line_1_17' title="bbox 186 1619 1852 1693; baseline -0.002 -14"><span class='ocrx_word' id='word_1_106' title='bbox 186 1625 420 1681; x_wconf 82' lang='lat' dir='ltr'>Suhites</span> <span class='ocrx_word' id='word_1_107' title='bbox 448 1625 626 1681; x_wconf 75' lang='lat' dir='ltr'>dixit.</span> <span class='ocrx_word' id='word_1_108' title='bbox 685 1624 993 1693; x_wconf 84' lang='lat' dir='ltr'>Usquequo</span> <span class='ocrx_word' id='word_1_109' title='bbox 1026 1620 1280 1692; x_wconf 87' lang='lat' dir='ltr'>loqueris</span> <span class='ocrx_word' id='word_1_110' title='bbox 1321 1619 1489 1685; x_wconf 74' lang='lat' dir='ltr'>talia,</span> <span class='ocrx_word' id='word_1_111' title='bbox 1525 1626 1576 1676; x_wconf 90' lang='lat' dir='ltr'>et</span> <span class='ocrx_word' id='word_1_112' title='bbox 1607 1619 1852 1688; x_wconf 82' lang='lat' dir='ltr'>spiritus</span> 
     </span>
    </p>
   </div>
   <div class='ocr_carea' id='block_1_18' title="bbox 188 1711 1184 1783">
    <p class='ocr_par' dir='ltr' id='par_1_18' title="bbox 188 1711 1184 1783">
     <span class='ocr_line' id='line_1_18' title="bbox 188 1711 1184 1783; baseline -0.005 -12"><span class='ocrx_word' id='word_1_113' title='bbox 188 1713 500 1783; x_wconf 69' lang='lat' dir='ltr'>multiplex</span> <span class='ocrx_word' id='word_1_114' title='bbox 529 1726 555 1755; x_wconf 73' lang='grc' dir='ltr'>ει</span> <span class='ocrx_word' id='word_1_115' title='bbox 580 1714 859 1769; x_wconf 83' lang='lat' dir='ltr'>sermonis</span> <span class='ocrx_word' id='word_1_116' title='bbox 885 1711 1001 1768; x_wconf 86' lang='lat' dir='ltr'>oris</span> <span class='ocrx_word' id='word_1_117' title='bbox 1032 1712 1121 1767; x_wconf 84' lang='lat' dir='ltr'>tui</span> <span class='ocrx_word' id='word_1_118' title='bbox 1157 1712 1184 1766; x_wconf 80' lang='lat'><strong><em>?</em></strong></span> 
     </span>
    </p>
   </div>
   <div class='ocr_carea' id='block_1_19' title="bbox 260 1800 1852 1873">
    <p class='ocr_par' dir='ltr' id='par_1_19' title="bbox 260 1800 1852 1873">
     <span class='ocr_line' id='line_1_19' title="bbox 260 1800 1852 1873; baseline -0.003 -13"><span class='ocrx_word' id='word_1_119' title='bbox 260 1804 658 1860; x_wconf 82' lang='lat' dir='ltr'>58Justorum</span> <span class='ocrx_word' id='word_1_120' title='bbox 686 1802 861 1859; x_wconf 89' lang='lat' dir='ltr'>verba</span> <span class='ocrx_word' id='word_1_121' title='bbox 891 1802 1128 1872; x_wconf 79' lang='lat' dir='ltr'>injustis</span> <span class='ocrx_word' id='word_1_122' title='bbox 1141 1804 1372 1872; x_wconf 81' lang='lat' dir='ltr'>gravia.</span> <span class='ocrx_word' id='word_1_123' title='bbox 1385 1800 1681 1873; x_wconf 84' lang='lat' dir='ltr'>Loquendi</span> <span class='ocrx_word' id='word_1_124' title='bbox 1710 1815 1852 1871; x_wconf 86' lang='lat' dir='ltr'>qua-</span> 
     </span>
    </p>
   </div>
   <div class='ocr_carea' id='block_1_20' title="bbox 187 1892 1851 1965">
    <p class='ocr_par' dir='ltr' id='par_1_20' title="bbox 187 1892 1851 1965">
     <span class='ocr_line' id='line_1_20' title="bbox 187 1892 1851 1965; baseline -0.003 -15"><span class='ocrx_word' id='word_1_125' title='bbox 187 1895 448 1965; x_wconf 69' lang='lat' dir='ltr'>druplex</span> <span class='ocrx_word' id='word_1_126' title='bbox 460 1896 560 1949; x_wconf 81' lang='lat' dir='ltr'>vis.</span> <span class='ocrx_word' id='word_1_127' title='bbox 575 1892 761 1949; x_wconf 86' lang='lat' dir='ltr'>Unica</span> <span class='ocrx_word' id='word_1_128' title='bbox 774 1893 1305 1963; x_wconf 86' lang='lat' dir='ltr'>criminisubjacet.</span> <span class='ocrx_word' id='word_1_129' title='bbox 1344 1892 1427 1963; x_wconf 87' lang='lat' dir='ltr'>Inj</span> <span class='ocrx_word' id='word_1_130' title='bbox 1442 1892 1587 1947; x_wconf 87' lang='lat' dir='ltr'>ustis</span> <span class='ocrx_word' id='word_1_131' title='bbox 1616 1907 1851 1963; x_wconf 84' lang='lat' dir='ltr'>semper</span> 
     </span>
    </p>
   </div>
   <div class='ocr_carea' id='block_1_21' title="bbox 191 1982 1851 2056">
    <p class='ocr_par' dir='ltr' id='par_1_21' title="bbox 191 1982 1851 2056">
     <span class='ocr_line' id='line_1_21' title="bbox 191 1982 1851 2056; baseline -0.003 -16"><span class='ocrx_word' id='word_1_132' title='bbox 191 1985 402 2056; x_wconf 84' lang='lat' dir='ltr'>gravia</span> <span class='ocrx_word' id='word_1_133' title='bbox 420 1988 557 2039; x_wconf 89' lang='lat' dir='ltr'>sunt</span> <span class='ocrx_word' id='word_1_134' title='bbox 583 1983 767 2038; x_wconf 88' lang='lat' dir='ltr'>verba</span> <span class='ocrx_word' id='word_1_135' title='bbox 793 1983 1091 2053; x_wconf 89' lang='lat' dir='ltr'>justorum</span> <span class='ocrx_word' id='word_1_136' title='bbox 1120 2006 1130 2048; x_wconf 86' lang='lat'><strong><em>;</em></strong></span> <span class='ocrx_word' id='word_1_137' title='bbox 1157 1990 1211 2039; x_wconf 91' lang='lat' dir='ltr'>et</span> <span class='ocrx_word' id='word_1_138' title='bbox 1241 2000 1376 2055; x_wconf 72' lang='lat' dir='ltr'>quas</span> <span class='ocrx_word' id='word_1_139' title='bbox 1408 1983 1485 2038; x_wconf 89' lang='lat' dir='ltr'>ad</span> <span class='ocrx_word' id='word_1_140' title='bbox 1506 1982 1851 2038; x_wconf 56' lang='lat' dir='ltr'>aediﬁcatio-</span> 
     </span>
    </p>
   </div>
   <div class='ocr_carea' id='block_1_22' title="bbox 188 2072 1848 2145">
    <p class='ocr_par' dir='ltr' id='par_1_22' title="bbox 188 2072 1848 2145">
     <span class='ocr_line' id='line_1_22' title="bbox 188 2072 1848 2145; baseline -0.002 -16"><span class='ocrx_word' id='word_1_141' title='bbox 188 2091 329 2131; x_wconf 89' lang='lat' dir='ltr'>nem</span> <span class='ocrx_word' id='word_1_142' title='bbox 366 2073 597 2145; x_wconf 89' lang='lat' dir='ltr'>prolata</span> <span class='ocrx_word' id='word_1_143' title='bbox 627 2072 899 2138; x_wconf 87' lang='lat' dir='ltr'>audiunt,</span> <span class='ocrx_word' id='word_1_144' title='bbox 932 2073 1061 2128; x_wconf 71' lang='lat' dir='ltr'>haec</span> <span class='ocrx_word' id='word_1_145' title='bbox 1108 2074 1283 2145; x_wconf 89' lang='lat' dir='ltr'>quasi</span> <span class='ocrx_word' id='word_1_146' title='bbox 1316 2072 1848 2144; x_wconf 88' lang='lat' dir='ltr'>superimpositum</span> 
     </span>
    </p>
   </div>
   <div class='ocr_carea' id='block_1_23' title="bbox 188 2159 1848 2236">
    <p class='ocr_par' dir='ltr' id='par_1_23' title="bbox 188 2159 1848 2236">
     <span class='ocr_line' id='line_1_23' title="bbox 188 2159 1848 2236; baseline -0.002 -17"><span class='ocrx_word' id='word_1_147' title='bbox 188 2164 431 2236; x_wconf 88' lang='lat' dir='ltr'>pondus</span> <span class='ocrx_word' id='word_1_148' title='bbox 457 2162 845 2227; x_wconf 90' lang='lat' dir='ltr'>ferunt.Quod</span> <span class='ocrx_word' id='word_1_149' title='bbox 860 2161 932 2217; x_wconf 90' lang='lat' dir='ltr'>de</span> <span class='ocrx_word' id='word_1_150' title='bbox 960 2179 1020 2217; x_wconf 90' lang='lat' dir='ltr'>se</span> <span class='ocrx_word' id='word_1_151' title='bbox 1042 2169 1243 2234; x_wconf 89' lang='lat' dir='ltr'>aperte</span> <span class='ocrx_word' id='word_1_152' title='bbox 1264 2162 1485 2218; x_wconf 85' lang='lat' dir='ltr'>Baldad</span> <span class='ocrx_word' id='word_1_153' title='bbox 1514 2161 1746 2217; x_wconf 88' lang='lat' dir='ltr'>Suhites</span> <span class='ocrx_word' id='word_1_154' title='bbox 1764 2159 1848 2216; x_wconf 88' lang='lat' dir='ltr'>in-</span> 
     </span>
    </p>
   </div>
   <div class='ocr_carea' id='block_1_24' title="bbox 188 2251 1846 2324">
    <p class='ocr_par' dir='ltr' id='par_1_24' title="bbox 188 2251 1846 2324">
     <span class='ocr_line' id='line_1_24' title="bbox 188 2251 1846 2324; baseline -0.002 -15"><span class='ocrx_word' id='word_1_155' title='bbox 188 2254 372 2322; x_wconf 85' lang='lat' dir='ltr'>dicat,</span> <span class='ocrx_word' id='word_1_156' title='bbox 404 2252 607 2308; x_wconf 91' lang='lat' dir='ltr'>dicens</span> <span class='ocrx_word' id='word_1_157' title='bbox 632 2268 644 2307; x_wconf 89' lang='lat'><em>:</em></span> <span class='ocrx_word' id='word_1_158' title='bbox 682 2253 986 2324; x_wconf 90' lang='lat' dir='ltr'>Usquequo</span> <span class='ocrx_word' id='word_1_159' title='bbox 1015 2252 1269 2323; x_wconf 77' lang='lat' dir='ltr'>loqueris</span> <span class='ocrx_word' id='word_1_160' title='bbox 1324 2252 1474 2308; x_wconf 81' lang='lat' dir='ltr'>talia</span> <span class='ocrx_word' id='word_1_161' title='bbox 1503 2253 1532 2303; x_wconf 84' lang='lat'><strong><em>?</em></strong></span> <span class='ocrx_word' id='word_1_162' title='bbox 1554 2252 1659 2317; x_wconf 88' lang='lat' dir='ltr'>Qui</span> <span class='ocrx_word' id='word_1_163' title='bbox 1686 2251 1846 2307; x_wconf 89' lang='lat' dir='ltr'>enim</span> 
     </span>
    </p>
   </div>
   <div class='ocr_carea' id='block_1_25' title="bbox 188 2341 1845 2415">
    <p class='ocr_par' dir='ltr' id='par_1_25' title="bbox 188 2341 1845 2415">
     <span class='ocr_line' id='line_1_25' title="bbox 188 2341 1845 2415; baseline -0.001 -18"><span class='ocrx_word' id='word_1_164' title='bbox 188 2358 492 2415; x_wconf 87' lang='lat' dir='ltr'>usquequo</span> <span class='ocrx_word' id='word_1_165' title='bbox 514 2341 821 2413; x_wconf 79' lang='lat' dir='ltr'>dicit,quia</span> <span class='ocrx_word' id='word_1_166' title='bbox 841 2341 1248 2396; x_wconf 77' lang='lat' dir='ltr'>aedificationis</span> <span class='ocrx_word' id='word_1_167' title='bbox 1267 2341 1451 2396; x_wconf 90' lang='lat' dir='ltr'>verba</span> <span class='ocrx_word' id='word_1_168' title='bbox 1466 2341 1594 2411; x_wconf 88' lang='lat' dir='ltr'>jam</span> <span class='ocrx_word' id='word_1_169' title='bbox 1610 2346 1845 2413; x_wconf 89' lang='lat' dir='ltr'>portare</span> 
     </span>
    </p>
   </div>
   <div class='ocr_carea' id='block_1_26' title="bbox 186 2429 1848 2505">
    <p class='ocr_par' dir='ltr' id='par_1_26' title="bbox 186 2429 1848 2505">
     <span class='ocr_line' id='line_1_26' title="bbox 186 2429 1848 2505; baseline -0.002 -17"><span class='ocrx_word' id='word_1_170' title='bbox 186 2449 309 2490; x_wconf 90' lang='lat' dir='ltr'>non</span> <span class='ocrx_word' id='word_1_171' title='bbox 336 2434 521 2505; x_wconf 89' lang='lat' dir='ltr'>possit</span> <span class='ocrx_word' id='word_1_172' title='bbox 561 2431 839 2487; x_wconf 83' lang='lat' dir='ltr'>ostendit.</span> <span class='ocrx_word' id='word_1_173' title='bbox 868 2431 984 2487; x_wconf 87' lang='lat' dir='ltr'>Sed</span> <span class='ocrx_word' id='word_1_174' title='bbox 1014 2448 1151 2487; x_wconf 91' lang='lat' dir='ltr'>cum</span> <span class='ocrx_word' id='word_1_175' title='bbox 1184 2431 1398 2501; x_wconf 88' lang='lat' dir='ltr'>corrigi</span> <span class='ocrx_word' id='word_1_176' title='bbox 1430 2431 1617 2502; x_wconf 89' lang='lat' dir='ltr'>iniqui</span> <span class='ocrx_word' id='word_1_177' title='bbox 1648 2429 1848 2502; x_wconf 89' lang='lat' dir='ltr'>despi-</span> 
     </span>
    </p>
   </div>
   <div class='ocr_carea' id='block_1_27' title="bbox 185 2519 1845 2593">
    <p class='ocr_par' dir='ltr' id='par_1_27' title="bbox 185 2519 1845 2593">
     <span class='ocr_line' id='line_1_27' title="bbox 185 2519 1845 2593; baseline -0.002 -16"><span class='ocrx_word' id='word_1_178' title='bbox 185 2523 370 2590; x_wconf 89' lang='lat' dir='ltr'>ciunt,</span> <span class='ocrx_word' id='word_1_179' title='bbox 400 2522 553 2579; x_wconf 91' lang='lat' dir='ltr'>bene</span> <span class='ocrx_word' id='word_1_180' title='bbox 582 2521 811 2593; x_wconf 86' lang='lat' dir='ltr'>prolata</span> <span class='ocrx_word' id='word_1_181' title='bbox 836 2522 1244 2577; x_wconf 82' lang='lat' dir='ltr'>criminantur.</span> <span class='ocrx_word' id='word_1_182' title='bbox 1287 2520 1455 2575; x_wconf 90' lang='lat' dir='ltr'>Unde</span> <span class='ocrx_word' id='word_1_183' title='bbox 1500 2526 1555 2575; x_wconf 91' lang='lat' dir='ltr'>et</span> <span class='ocrx_word' id='word_1_184' title='bbox 1579 2519 1845 2592; x_wconf 88' lang='lat' dir='ltr'>protinus</span> 
     </span>
    </p>
   </div>
   <div class='ocr_carea' id='block_1_28' title="bbox 186 2610 1844 2683">
    <p class='ocr_par' dir='ltr' id='par_1_28' title="bbox 186 2610 1844 2683">
     <span class='ocr_line' id='line_1_28' title="bbox 186 2610 1844 2683; baseline -0.002 -15"><span class='ocrx_word' id='word_1_185' title='bbox 186 2613 285 2683; x_wconf 89' lang='lat' dir='ltr'>adj</span> <span class='ocrx_word' id='word_1_186' title='bbox 299 2612 496 2681; x_wconf 91' lang='lat' dir='ltr'>ungit:</span> <span class='ocrx_word' id='word_1_187' title='bbox 528 2612 603 2666; x_wconf 85' lang='lat' dir='ltr'>Et</span> <span class='ocrx_word' id='word_1_188' title='bbox 636 2612 884 2679; x_wconf 80' lang='lat' dir='ltr'>spiritus</span> <span class='ocrx_word' id='word_1_189' title='bbox 924 2610 1247 2680; x_wconf 71' lang='lat' dir='ltr'>multiplex</span> <span class='ocrx_word' id='word_1_190' title='bbox 1273 2610 1557 2667; x_wconf 80' lang='lat' dir='ltr'>sermonis</span> <span class='ocrx_word' id='word_1_191' title='bbox 1590 2612 1708 2665; x_wconf 86' lang='lat' dir='ltr'>oris</span> <span class='ocrx_word' id='word_1_192' title='bbox 1736 2611 1844 2665; x_wconf 89' lang='lat' dir='ltr'>tui.</span> 
     </span>
    </p>
   </div>
   <div class='ocr_carea' id='block_1_29' title="bbox 185 2699 1847 2772">
    <p class='ocr_par' dir='ltr' id='par_1_29' title="bbox 185 2699 1847 2772">
     <span class='ocr_line' id='line_1_29' title="bbox 185 2699 1847 2772; baseline -0.001 -15"><span class='ocrx_word' id='word_1_193' title='bbox 185 2701 341 2758; x_wconf 87' lang='lat' dir='ltr'>Cum</span> <span class='ocrx_word' id='word_1_194' title='bbox 372 2699 780 2772; x_wconf 89' lang='lat' dir='ltr'>multiplicitas</span> <span class='ocrx_word' id='word_1_195' title='bbox 812 2701 873 2755; x_wconf 90' lang='lat' dir='ltr'>in</span> <span class='ocrx_word' id='word_1_196' title='bbox 920 2716 1194 2756; x_wconf 83' lang='lat' dir='ltr'>sermone</span> <span class='ocrx_word' id='word_1_197' title='bbox 1218 2699 1688 2771; x_wconf 88' lang='lat' dir='ltr'>reprehenditur,</span> <span class='ocrx_word' id='word_1_198' title='bbox 1719 2714 1847 2755; x_wconf 86' lang='lat' dir='ltr'>esse</span> 
     </span>
    </p>
   </div>
   <div class='ocr_carea' id='block_1_30' title="bbox 187 2789 1848 2863">
    <p class='ocr_par' dir='ltr' id='par_1_30' title="bbox 187 2789 1848 2863">
     <span class='ocr_line' id='line_1_30' title="bbox 187 2789 1848 2863; baseline -0.001 -16"><span class='ocrx_word' id='word_1_199' title='bbox 187 2790 403 2863; x_wconf 89' lang='lat' dir='ltr'>procul</span> <span class='ocrx_word' id='word_1_200' title='bbox 425 2790 607 2847; x_wconf 87' lang='lat' dir='ltr'>dubio</span> <span class='ocrx_word' id='word_1_201' title='bbox 629 2789 1027 2859; x_wconf 64' lang='lat' dir='ltr'>intelligentia;</span> <span class='ocrx_word' id='word_1_202' title='bbox 1044 2790 1303 2861; x_wconf 86' lang='lat' dir='ltr'>gravitas</span> <span class='ocrx_word' id='word_1_203' title='bbox 1319 2789 1376 2843; x_wconf 91' lang='lat' dir='ltr'>in</span> <span class='ocrx_word' id='word_1_204' title='bbox 1400 2805 1579 2843; x_wconf 89' lang='lat' dir='ltr'>sensu</span> <span class='ocrx_word' id='word_1_205' title='bbox 1594 2789 1848 2859; x_wconf 88' lang='lat' dir='ltr'>denega-</span> 
     </span>
    </p>
   </div>
   <div class='ocr_carea' id='block_1_31' title="bbox 185 2878 1847 2953">
    <p class='ocr_par' dir='ltr' id='par_1_31' title="bbox 185 2878 1847 2953">
     <span class='ocr_line' id='line_1_31' title="bbox 185 2878 1847 2953; baseline -0.002 -16"><span class='ocrx_word' id='word_1_206' title='bbox 185 2886 302 2937; x_wconf 90' lang='lat' dir='ltr'>tur.</span> <span class='ocrx_word' id='word_1_207' title='bbox 328 2882 423 2935; x_wconf 87' lang='lat' dir='ltr'>Vis</span> <span class='ocrx_word' id='word_1_208' title='bbox 436 2881 656 2953; x_wconf 90' lang='lat' dir='ltr'>quippe</span> <span class='ocrx_word' id='word_1_209' title='bbox 669 2896 800 2935; x_wconf 91' lang='lat' dir='ltr'>sum</span> <span class='ocrx_word' id='word_1_210' title='bbox 810 2895 905 2935; x_wconf 91' lang='lat' dir='ltr'>ma</span> <span class='ocrx_word' id='word_1_211' title='bbox 918 2878 1686 2951; x_wconf 87' lang='lat' dir='ltr'>loquentium,quadrifaria</span> <span class='ocrx_word' id='word_1_212' title='bbox 1704 2894 1847 2950; x_wconf 82' lang='lat' dir='ltr'>qua-</span> 
     </span>
    </p>
   </div>
   <div class='ocr_carea' id='block_1_32' title="bbox 183 2968 1847 3042">
    <p class='ocr_par' dir='ltr' id='par_1_32' title="bbox 183 2968 1847 3042">
     <span class='ocr_line' id='line_1_32' title="bbox 183 2968 1847 3042; baseline -0.003 -15"><span class='ocrx_word' id='word_1_213' title='bbox 183 2971 350 3027; x_wconf 85' lang='lat' dir='ltr'>litate</span> <span class='ocrx_word' id='word_1_214' title='bbox 364 2970 760 3042; x_wconf 78' lang='lat' dir='ltr'>distinguitur.</span> <span class='ocrx_word' id='word_1_215' title='bbox 778 2972 926 3025; x_wconf 86' lang='lat' dir='ltr'>Nam</span> <span class='ocrx_word' id='word_1_216' title='bbox 948 2974 1086 3024; x_wconf 89' lang='lat' dir='ltr'>sunt</span> <span class='ocrx_word' id='word_1_217' title='bbox 1101 2969 1370 3024; x_wconf 90' lang='lat' dir='ltr'>nonnulli</span> <span class='ocrx_word' id='word_1_218' title='bbox 1385 2984 1537 3041; x_wconf 87' lang='lat' dir='ltr'>quos</span> <span class='ocrx_word' id='word_1_219' title='bbox 1552 2968 1847 3024; x_wconf 88' lang='lat' dir='ltr'>sentiendi</span> 
     </span>
    </p>
   </div>
   <div class='ocr_carea' id='block_1_33' title="bbox 1954 457 3620 533">
    <p class='ocr_par' dir='ltr' id='par_1_33' title="bbox 1954 457 3620 533">
     <span class='ocr_line' id='line_1_33' title="bbox 1954 457 3620 533; baseline 0.001 -16"><span class='ocrx_word' id='word_1_220' title='bbox 1954 468 2061 529; x_wconf 90' lang='lat' dir='ltr'>est,</span> <span class='ocrx_word' id='word_1_221' title='bbox 2120 477 2255 533; x_wconf 69' lang='lat' dir='ltr'>quae</span> <span class='ocrx_word' id='word_1_222' title='bbox 2287 464 2540 531; x_wconf 88' lang='lat' dir='ltr'>utroque</span> <span class='ocrx_word' id='word_1_223' title='bbox 2585 458 2847 514; x_wconf 90' lang='lat' dir='ltr'>valenter</span> <span class='ocrx_word' id='word_1_224' title='bbox 2878 457 3081 530; x_wconf 89' lang='lat' dir='ltr'>pollet.</span> <span class='ocrx_word' id='word_1_225' title='bbox 3132 460 3409 517; x_wconf 88' lang='lat' dir='ltr'>Secunda</span> <span class='ocrx_word' id='word_1_226' title='bbox 3443 462 3620 519; x_wconf 86' lang='lat' dir='ltr'>mise-</span> 
     </span>
    </p>
   </div>
   <div class='ocr_carea' id='block_1_34' title="bbox 1955 547 3625 622">
    <p class='ocr_par' dir='ltr' id='par_1_34' title="bbox 1955 547 3625 622">
     <span class='ocr_line' id='line_1_34' title="bbox 1955 547 3625 622; baseline 0.001 -16"><span class='ocrx_word' id='word_1_227' title='bbox 1955 551 2168 615; x_wconf 84' lang='lat' dir='ltr'>randa,</span> <span class='ocrx_word' id='word_1_228' title='bbox 2203 565 2338 622; x_wconf 67' lang='lat' dir='ltr'>quae</span> <span class='ocrx_word' id='word_1_229' title='bbox 2368 552 2617 620; x_wconf 90' lang='lat' dir='ltr'>utroque</span> <span class='ocrx_word' id='word_1_230' title='bbox 2646 547 2945 603; x_wconf 88' lang='lat' dir='ltr'>humiliter</span> <span class='ocrx_word' id='word_1_231' title='bbox 2977 553 3155 605; x_wconf 89' lang='lat' dir='ltr'>caret.</span> <span class='ocrx_word' id='word_1_232' title='bbox 3192 550 3413 615; x_wconf 90' lang='lat' dir='ltr'>Quarta</span> <span class='ocrx_word' id='word_1_233' title='bbox 3457 551 3625 622; x_wconf 87' lang='lat' dir='ltr'>adju-</span> 
     </span>
    </p>
   </div>
   <div class='ocr_carea' id='block_1_35' title="bbox 1956 637 3627 709">
    <p class='ocr_par' dir='ltr' id='par_1_35' title="bbox 1956 637 3627 709">
     <span class='ocr_line' id='line_1_35' title="bbox 1956 637 3627 709; baseline 0.002 -14"><span class='ocrx_word' id='word_1_234' title='bbox 1956 638 2177 703; x_wconf 90' lang='lat' dir='ltr'>vanda,</span> <span class='ocrx_word' id='word_1_235' title='bbox 2218 654 2354 709; x_wconf 72' lang='lat' dir='ltr'>quae</span> <span class='ocrx_word' id='word_1_236' title='bbox 2386 637 2622 709; x_wconf 73' lang='lat' dir='ltr'>eXplere</span> <span class='ocrx_word' id='word_1_237' title='bbox 2649 638 2815 708; x_wconf 89' lang='lat' dir='ltr'>quod</span> <span class='ocrx_word' id='word_1_238' title='bbox 2870 638 3048 693; x_wconf 90' lang='lat' dir='ltr'>sentit</span> <span class='ocrx_word' id='word_1_239' title='bbox 3077 654 3199 694; x_wconf 92' lang='lat' dir='ltr'>non</span> <span class='ocrx_word' id='word_1_240' title='bbox 3233 639 3404 695; x_wconf 91' lang='lat' dir='ltr'>valet.</span> <span class='ocrx_word' id='word_1_241' title='bbox 3437 642 3627 700; x_wconf 87' lang='lat' dir='ltr'>Tertia</span> 
     </span>
    </p>
   </div>
   <div class='ocr_carea' id='block_1_36' title="bbox 1956 726 3624 799">
    <p class='ocr_par' dir='ltr' id='par_1_36' title="bbox 1956 726 3624 799">
     <span class='ocr_line' id='line_1_36' title="bbox 1956 726 3624 799; baseline 0.002 -15"><span class='ocrx_word' id='word_1_242' title='bbox 1956 744 2095 783; x_wconf 91' lang='lat' dir='ltr'>vero</span> <span class='ocrx_word' id='word_1_243' title='bbox 2115 726 2501 799; x_wconf 88' lang='lat' dir='ltr'>despicienda</span> <span class='ocrx_word' id='word_1_244' title='bbox 2533 731 2711 798; x_wconf 87' lang='lat' dir='ltr'>atque</span> <span class='ocrx_word' id='word_1_245' title='bbox 2729 726 3133 797; x_wconf 88' lang='lat' dir='ltr'>reprimenda,</span> <span class='ocrx_word' id='word_1_246' title='bbox 3158 743 3314 798; x_wconf 81' lang='lat' dir='ltr'>quae,</span> <span class='ocrx_word' id='word_1_247' title='bbox 3344 728 3491 785; x_wconf 91' lang='lat' dir='ltr'>dum</span> <span class='ocrx_word' id='word_1_248' title='bbox 3510 747 3624 787; x_wconf 87' lang='lat' dir='ltr'>ser-</span> 
     </span>
    </p>
   </div>
   <div class='ocr_carea' id='block_1_37' title="bbox 1957 815 3625 887">
    <p class='ocr_par' dir='ltr' id='par_1_37' title="bbox 1957 815 3625 887">
     <span class='ocr_line' id='line_1_37' title="bbox 1957 815 3625 887; baseline 0.002 -14"><span class='ocrx_word' id='word_1_249' title='bbox 1957 831 2136 873; x_wconf 89' lang='lat' dir='ltr'>mone</span> <span class='ocrx_word' id='word_1_250' title='bbox 2157 833 2218 872; x_wconf 91' lang='lat' dir='ltr'>se</span> <span class='ocrx_word' id='word_1_251' title='bbox 2241 815 2429 885; x_wconf 89' lang='lat' dir='ltr'>erigit,</span> <span class='ocrx_word' id='word_1_252' title='bbox 2452 830 2634 871; x_wconf 90' lang='lat' dir='ltr'>sensu</span> <span class='ocrx_word' id='word_1_253' title='bbox 2651 815 2827 887; x_wconf 86' lang='lat' dir='ltr'>jacet,</span> <span class='ocrx_word' id='word_1_254' title='bbox 2856 832 2991 887; x_wconf 82' lang='lat' dir='ltr'>quae</span> <span class='ocrx_word' id='word_1_255' title='bbox 3006 816 3292 871; x_wconf 90' lang='lat' dir='ltr'>membris</span> <span class='ocrx_word' id='word_1_256' title='bbox 3318 818 3625 877; x_wconf 86' lang='lat' dir='ltr'>inﬂatione</span> 
     </span>
    </p>
   </div>
   <div class='ocr_carea' id='block_1_38' title="bbox 1956 904 3624 972">
    <p class='ocr_par' dir='ltr' id='par_1_38' title="bbox 1956 904 3624 972">
     <span class='ocr_line' id='line_1_38' title="bbox 1956 904 3624 972; baseline 0.002 -10"><span class='ocrx_word' id='word_1_257' title='bbox 1956 906 2324 962; x_wconf 86' lang='lat' dir='ltr'>tumentibus</span> <span class='ocrx_word' id='word_1_258' title='bbox 2346 904 2573 969; x_wconf 90' lang='lat' dir='ltr'>similis,</span> <span class='ocrx_word' id='word_1_259' title='bbox 2604 904 2679 960; x_wconf 92' lang='lat' dir='ltr'>ad</span> <span class='ocrx_word' id='word_1_260' title='bbox 2708 920 2881 961; x_wconf 89' lang='lat' dir='ltr'>aures</span> <span class='ocrx_word' id='word_1_261' title='bbox 2914 904 3287 960; x_wconf 88' lang='lat' dir='ltr'>audientium</span> <span class='ocrx_word' id='word_1_262' title='bbox 3307 913 3490 972; x_wconf 85' lang='lat' dir='ltr'>vasta.</span> <span class='ocrx_word' id='word_1_263' title='bbox 3519 909 3624 965; x_wconf 89' lang='lat' dir='ltr'>sed</span> 
     </span>
    </p>
   </div>
   <div class='ocr_carea' id='block_1_39' title="bbox 1956 993 3625 1072">
    <p class='ocr_par' dir='ltr' id='par_1_39' title="bbox 1956 993 3625 1072">
     <span class='ocr_line' id='line_1_39' title="bbox 1956 993 3625 1072; baseline 0.002 -20"><span class='ocrx_word' id='word_1_264' title='bbox 1956 1012 2169 1061; x_wconf 89' lang='lat' dir='ltr'>vacua,</span> <span class='ocrx_word' id='word_1_265' title='bbox 2204 995 2491 1067; x_wconf 90' lang='lat' dir='ltr'>procedit.</span> <span class='ocrx_word' id='word_1_266' title='bbox 2524 1006 2547 1035; x_wconf 80' lang='grc' dir='ltr'><strong>ο</strong></span> <span class='ocrx_word' id='word_1_267' title='bbox 2578 993 2749 1059; x_wconf 89' lang='lat' dir='ltr'>Quod</span> <span class='ocrx_word' id='word_1_268' title='bbox 2775 1009 2936 1049; x_wconf 90' lang='lat' dir='ltr'>nunc</span> <span class='ocrx_word' id='word_1_269' title='bbox 2956 993 3186 1072; x_wconf 86' lang='lat' dir='ltr'>Baldad</span> <span class='ocrx_word' id='word_1_270' title='bbox 3216 995 3293 1050; x_wconf 91' lang='lat' dir='ltr'>ad</span> <span class='ocrx_word' id='word_1_271' title='bbox 3325 995 3482 1052; x_wconf 89' lang='lat' dir='ltr'>beati</span> <span class='ocrx_word' id='word_1_272' title='bbox 3514 998 3625 1054; x_wconf 85' lang='lat' dir='ltr'>Job</span> 
     </span>
    </p>
   </div>
   <div class='ocr_carea' id='block_1_40' title="bbox 1956 1083 3626 1157">
    <p class='ocr_par' dir='ltr' id='par_1_40' title="bbox 1956 1083 3626 1157">
     <span class='ocr_line' id='line_1_40' title="bbox 1956 1083 3626 1157; baseline 0.001 -16"><span class='ocrx_word' id='word_1_273' title='bbox 1956 1086 2181 1141; x_wconf 90' lang='lat' dir='ltr'>crimen</span> <span class='ocrx_word' id='word_1_274' title='bbox 2197 1085 2725 1157; x_wconf 89' lang='lat' dir='ltr'>intorquet,dicens</span> <span class='ocrx_word' id='word_1_275' title='bbox 2750 1083 2917 1157; x_wconf 88' lang='lat' dir='ltr'>:[Vet</span> <span class='ocrx_word' id='word_1_276' title='bbox 2946 1085 3113 1155; x_wconf 85' lang='lat' dir='ltr'><strong>XXV.]</strong></span> <span class='ocrx_word' id='word_1_277' title='bbox 3141 1084 3403 1155; x_wconf 74' lang='lat' dir='ltr'>Spiritus</span> <span class='ocrx_word' id='word_1_278' title='bbox 3426 1087 3626 1143; x_wconf 86' lang='lat' dir='ltr'>mulli-</span> 
     </span>
    </p>
   </div>
   <div class='ocr_carea' id='block_1_41' title="bbox 1950 1173 3624 1247">
    <p class='ocr_par' dir='ltr' id='par_1_41' title="bbox 1950 1173 3624 1247">
     <span class='ocr_line' id='line_1_41' title="bbox 1950 1173 3624 1247; baseline 0.001 -16"><span class='ocrx_word' id='word_1_279' title='bbox 1950 1176 2101 1245; x_wconf 72' lang='lat' dir='ltr'>plex</span> <span class='ocrx_word' id='word_1_280' title='bbox 2121 1174 2409 1231; x_wconf 86' lang='lat' dir='ltr'>sermonis</span> <span class='ocrx_word' id='word_1_281' title='bbox 2432 1173 2552 1229; x_wconf 87' lang='lat' dir='ltr'>oris</span> <span class='ocrx_word' id='word_1_282' title='bbox 2580 1175 2805 1244; x_wconf 80' lang='lat' dir='ltr'>tui.27</span> <span class='ocrx_word' id='word_1_283' title='bbox 2826 1176 2868 1244; x_wconf 82' lang='lat'><strong>1</strong></span> <span class='ocrx_word' id='word_1_284' title='bbox 2901 1175 3013 1239; x_wconf 89' lang='lat' dir='ltr'>Qui</span> <span class='ocrx_word' id='word_1_285' title='bbox 3041 1173 3198 1229; x_wconf 91' lang='lat' dir='ltr'>enim</span> <span class='ocrx_word' id='word_1_286' title='bbox 3229 1175 3624 1247; x_wconf 85' lang='lat' dir='ltr'>multiplicita-</span> 
     </span>
    </p>
   </div>
   <div class='ocr_carea' id='block_1_42' title="bbox 1957 1262 3624 1337">
    <p class='ocr_par' dir='ltr' id='par_1_42' title="bbox 1957 1262 3624 1337">
     <span class='ocr_line' id='line_1_42' title="bbox 1957 1262 3624 1337; baseline 0.001 -17"><span class='ocrx_word' id='word_1_287' title='bbox 1957 1270 2076 1320; x_wconf 91' lang='lat' dir='ltr'>tem</span> <span class='ocrx_word' id='word_1_288' title='bbox 2102 1264 2131 1306; x_wconf 79' lang='grc' dir='ltr'>ἀ</span> <span class='ocrx_word' id='word_1_289' title='bbox 2163 1264 2457 1319; x_wconf 89' lang='lat' dir='ltr'>sermonis</span> <span class='ocrx_word' id='word_1_290' title='bbox 2478 1264 2564 1319; x_wconf 93' lang='lat' dir='ltr'>ori</span> <span class='ocrx_word' id='word_1_291' title='bbox 2587 1263 2807 1328; x_wconf 86' lang='lat' dir='ltr'>tribuit,</span> <span class='ocrx_word' id='word_1_292' title='bbox 2830 1262 3095 1335; x_wconf 82' lang='lat' dir='ltr'>profecto</span> <span class='ocrx_word' id='word_1_293' title='bbox 3128 1264 3324 1319; x_wconf 89' lang='lat' dir='ltr'>cordis</span> <span class='ocrx_word' id='word_1_294' title='bbox 3355 1264 3624 1337; x_wconf 86' lang='lat' dir='ltr'>inOpiam</span> 
     </span>
    </p>
   </div>
   <div class='ocr_carea' id='block_1_43' title="bbox 1956 1353 3625 1426">
    <p class='ocr_par' dir='ltr' id='par_1_43' title="bbox 1956 1353 3625 1426">
     <span class='ocr_line' id='line_1_43' title="bbox 1956 1353 3625 1426; baseline 0.001 -18"><span class='ocrx_word' id='word_1_295' title='bbox 1956 1353 2444 1425; x_wconf 80' lang='lat' dir='ltr'>reprehendit.Ac</span> <span class='ocrx_word' id='word_1_296' title='bbox 2468 1354 2515 1408; x_wconf 91' lang='lat' dir='ltr'>si</span> <span class='ocrx_word' id='word_1_297' title='bbox 2541 1359 2743 1425; x_wconf 88' lang='lat' dir='ltr'>aperte</span> <span class='ocrx_word' id='word_1_298' title='bbox 2766 1353 2925 1408; x_wconf 79' lang='lat' dir='ltr'>dicat</span> <span class='ocrx_word' id='word_1_299' title='bbox 2949 1369 2961 1407; x_wconf 89' lang='lat'><strong>:</strong></span> <span class='ocrx_word' id='word_1_300' title='bbox 2981 1353 3365 1409; x_wconf 86' lang='lat' dir='ltr'>Abundantia</span> <span class='ocrx_word' id='word_1_301' title='bbox 3384 1355 3625 1426; x_wconf 88' lang='lat' dir='ltr'>spiritus</span> 
     </span>
    </p>
   </div>
   <div class='ocr_carea' id='block_1_44' title="bbox 1958 1442 3623 1515">
    <p class='ocr_par' dir='ltr' id='par_1_44' title="bbox 1958 1442 3623 1515">
     <span class='ocr_line' id='line_1_44' title="bbox 1958 1442 3623 1515; baseline 0.003 -19"><span class='ocrx_word' id='word_1_302' title='bbox 1958 1442 2016 1496; x_wconf 90' lang='lat' dir='ltr'>in</span> <span class='ocrx_word' id='word_1_303' title='bbox 2033 1459 2307 1500; x_wconf 89' lang='lat' dir='ltr'>sermone</span> <span class='ocrx_word' id='word_1_304' title='bbox 2321 1442 2440 1499; x_wconf 90' lang='lat' dir='ltr'>oris</span> <span class='ocrx_word' id='word_1_305' title='bbox 2455 1443 2867 1505; x_wconf 90' lang='lat' dir='ltr'>attolleris,sed</span> <span class='ocrx_word' id='word_1_306' title='bbox 2881 1459 3092 1498; x_wconf 89' lang='lat' dir='ltr'>sensus</span> <span class='ocrx_word' id='word_1_307' title='bbox 3106 1443 3435 1515; x_wconf 83' lang='lat' dir='ltr'>indigentia</span> <span class='ocrx_word' id='word_1_308' title='bbox 3451 1460 3623 1501; x_wconf 84' lang='lat' dir='ltr'>coan-</span> 
     </span>
    </p>
   </div>
   <div class='ocr_carea' id='block_1_45' title="bbox 1959 1531 3627 1606">
    <p class='ocr_par' dir='ltr' id='par_1_45' title="bbox 1959 1531 3627 1606">
     <span class='ocr_line' id='line_1_45' title="bbox 1959 1531 3627 1606; baseline 0.003 -20"><span class='ocrx_word' id='word_1_309' title='bbox 1959 1533 2243 1601; x_wconf 89' lang='lat' dir='ltr'>gustaris.</span> <span class='ocrx_word' id='word_1_310' title='bbox 2278 1531 2413 1603; x_wconf 77' lang='lat' dir='ltr'>[Vel</span> <span class='ocrx_word' id='word_1_311' title='bbox 2436 1532 2549 1587; x_wconf 83' lang='lat' dir='ltr'>XX</span> <span class='ocrx_word' id='word_1_312' title='bbox 2564 1532 2644 1602; x_wconf 91' lang='lat' dir='ltr'>V.]</span> <span class='ocrx_word' id='word_1_313' title='bbox 2670 1531 2835 1588; x_wconf 90' lang='lat' dir='ltr'>Pravi</span> <span class='ocrx_word' id='word_1_314' title='bbox 2860 1538 3227 1600; x_wconf 89' lang='lat' dir='ltr'>autem,cum</span> <span class='ocrx_word' id='word_1_315' title='bbox 3247 1539 3406 1590; x_wconf 89' lang='lat' dir='ltr'>recta</span> <span class='ocrx_word' id='word_1_316' title='bbox 3428 1550 3627 1606; x_wconf 87' lang='lat' dir='ltr'>repre-</span> 
     </span>
    </p>
   </div>
   <div class='ocr_carea' id='block_1_46' title="bbox 1959 1619 3622 1693">
    <p class='ocr_par' dir='ltr' id='par_1_46' title="bbox 1959 1619 3622 1693">
     <span class='ocr_line' id='line_1_46' title="bbox 1959 1619 3622 1693; baseline 0.002 -18"><span class='ocrx_word' id='word_1_317' title='bbox 1959 1619 2249 1691; x_wconf 89' lang='lat' dir='ltr'>hendunt,</span> <span class='ocrx_word' id='word_1_318' title='bbox 2270 1637 2341 1675; x_wconf 90' lang='lat' dir='ltr'>ne</span> <span class='ocrx_word' id='word_1_319' title='bbox 2369 1622 2482 1692; x_wconf 90' lang='lat' dir='ltr'>ipsi</span> <span class='ocrx_word' id='word_1_320' title='bbox 2509 1638 2643 1693; x_wconf 70' lang='lat' dir='ltr'>quas</span> <span class='ocrx_word' id='word_1_321' title='bbox 2670 1622 2834 1693; x_wconf 88' lang='lat' dir='ltr'>justa</span> <span class='ocrx_word' id='word_1_322' title='bbox 2865 1628 3001 1676; x_wconf 91' lang='lat' dir='ltr'>sunt</span> <span class='ocrx_word' id='word_1_323' title='bbox 3022 1623 3251 1677; x_wconf 87' lang='lat' dir='ltr'>nescire</span> <span class='ocrx_word' id='word_1_324' title='bbox 3286 1623 3622 1688; x_wconf 86' lang='lat' dir='ltr'>videantur,</span> 
     </span>
    </p>
   </div>
   <div class='ocr_carea' id='block_1_47' title="bbox 1887 1711 3628 1794">
    <p class='ocr_par' dir='ltr' id='par_1_47' title="bbox 1887 1711 3628 1794">
     <span class='ocr_line' id='line_1_47' title="bbox 1887 1711 3628 1794; baseline 0.001 -28"><span class='ocrx_word' id='word_1_325' title='bbox 1887 1739 1929 1794; x_wconf 79' lang='grc' dir='ltr'>Β</span> <span class='ocrx_word' id='word_1_326' title='bbox 1962 1711 2397 1767; x_wconf 86' lang='lat' dir='ltr'>notaomnibus</span> <span class='ocrx_word' id='word_1_327' title='bbox 2417 1714 2740 1783; x_wconf 71' lang='lat' dir='ltr'>bona,quae</span> <span class='ocrx_word' id='word_1_328' title='bbox 2756 1711 3057 1767; x_wconf 86' lang='lat' dir='ltr'>audiendo</span> <span class='ocrx_word' id='word_1_329' title='bbox 3084 1712 3628 1785; x_wconf 88' lang='lat' dir='ltr'>didicerunt,quasi</span> 
     </span>
    </p>
   </div>
   <div class='ocr_carea' id='block_1_48' title="bbox 1960 1800 3627 1874">
    <p class='ocr_par' dir='ltr' id='par_1_48' title="bbox 1960 1800 3627 1874">
     <span class='ocr_line' id='line_1_48' title="bbox 1960 1800 3627 1874; baseline 0.001 -18"><span class='ocrx_word' id='word_1_330' title='bbox 1960 1801 2268 1870; x_wconf 88' lang='lat' dir='ltr'>incognita</span> <span class='ocrx_word' id='word_1_331' title='bbox 2300 1800 2625 1872; x_wconf 87' lang='lat' dir='ltr'>proferunt.</span> <span class='ocrx_word' id='word_1_332' title='bbox 2671 1800 2835 1856; x_wconf 88' lang='lat' dir='ltr'>Unde</span> <span class='ocrx_word' id='word_1_333' title='bbox 2862 1807 2916 1855; x_wconf 90' lang='lat' dir='ltr'>et</span> <span class='ocrx_word' id='word_1_334' title='bbox 2942 1800 3167 1858; x_wconf 88' lang='lat' dir='ltr'>Baldad</span> <span class='ocrx_word' id='word_1_335' title='bbox 3208 1801 3484 1874; x_wconf 89' lang='lat' dir='ltr'>protinus</span> <span class='ocrx_word' id='word_1_336' title='bbox 3522 1802 3627 1858; x_wconf 86' lang='lat' dir='ltr'>ad-</span> 
     </span>
    </p>
   </div>
   <div class='ocr_carea' id='block_1_49' title="bbox 1953 1891 2198 1963">
    <p class='ocr_par' dir='ltr' id='par_1_49' title="bbox 1953 1891 2198 1963">
     <span class='ocr_line' id='line_1_49' title="bbox 1953 1891 2198 1963; baseline 0 -17"><span class='ocrx_word' id='word_1_337' title='bbox 1953 1891 2198 1963; x_wconf 68' lang='lat' dir='ltr'>jungn:</span> 
     </span>
    </p>
   </div>
   <div class='ocr_carea' id='block_1_50' title="bbox 2555 1988 3038 2045">
    <p class='ocr_par' dir='ltr' id='par_1_50' title="bbox 2555 1988 3038 2045">
     <span class='ocr_line' id='line_1_50' title="bbox 2555 1988 3038 2045; baseline -0.002 -1"><span class='ocrx_word' id='word_1_338' title='bbox 2555 1990 2776 2044; x_wconf 83' lang='lat' dir='ltr'>CAPUT</span> <span class='ocrx_word' id='word_1_339' title='bbox 2810 1988 3038 2045; x_wconf 86' lang='lat' dir='ltr'><strong>XXXVI.</strong></span> 
     </span>
    </p>
   </div>
   <div class='ocr_carea' id='block_1_51' title="bbox 2031 2086 3626 2158">
    <p class='ocr_par' dir='ltr' id='par_1_51' title="bbox 2031 2086 3626 2158">
     <span class='ocr_line' id='line_1_51' title="bbox 2031 2086 3626 2158; baseline 0.002 -16"><span class='ocrx_word' id='word_1_340' title='bbox 2031 2086 2202 2142; x_wconf 75' lang='lat' dir='ltr'>Vens.</span> <span class='ocrx_word' id='word_1_341' title='bbox 2239 2090 2291 2141; x_wconf 88' lang='lat'>3.</span> <span class='ocrx_word' id='word_1_342' title='bbox 2328 2117 2394 2126; x_wconf 90' lang='lat'><strong>—</strong></span> <span class='ocrx_word' id='word_1_343' title='bbox 2426 2086 2716 2157; x_wconf 83' lang='lat' dir='ltr'>Nunquid</span> <span class='ocrx_word' id='word_1_344' title='bbox 2774 2088 2927 2142; x_wconf 85' lang='lat' dir='ltr'>Deus</span> <span class='ocrx_word' id='word_1_345' title='bbox 2957 2086 3308 2155; x_wconf 81' lang='lat' dir='ltr'>supplantat</span> <span class='ocrx_word' id='word_1_346' title='bbox 3327 2088 3626 2158; x_wconf 83' lang='lat' dir='ltr'>judicium</span> 
     </span>
    </p>
   </div>
   <div class='ocr_carea' id='block_1_52' title="bbox 1958 2175 3321 2246">
    <p class='ocr_par' dir='ltr' id='par_1_52' title="bbox 1958 2175 3321 2246">
     <span class='ocr_line' id='line_1_52' title="bbox 1958 2175 3321 2246; baseline 0.001 -15"><span class='ocrx_word' id='word_1_347' title='bbox 1958 2181 2011 2231; x_wconf 82' lang='lat' dir='ltr'>et</span> <span class='ocrx_word' id='word_1_348' title='bbox 2038 2175 2417 2244; x_wconf 83' lang='lat' dir='ltr'>Omnipotens</span> <span class='ocrx_word' id='word_1_349' title='bbox 2450 2175 2732 2231; x_wconf 67' lang='lat' dir='ltr'>subvertit</span> <span class='ocrx_word' id='word_1_350' title='bbox 2763 2175 2918 2246; x_wconf 86' lang='lat' dir='ltr'>quod</span> <span class='ocrx_word' id='word_1_351' title='bbox 2939 2176 3163 2246; x_wconf 80' lang='lat' dir='ltr'>justum</span> <span class='ocrx_word' id='word_1_352' title='bbox 3181 2182 3263 2231; x_wconf 88' lang='lat' dir='ltr'>est</span> <span class='ocrx_word' id='word_1_353' title='bbox 3292 2181 3321 2232; x_wconf 84' lang='lat'><strong><em>?</em></strong></span> 
     </span>
    </p>
   </div>
   <div class='ocr_carea' id='block_1_53' title="bbox 2030 2264 3625 2331">
    <p class='ocr_par' dir='ltr' id='par_1_53' title="bbox 2030 2264 3625 2331">
     <span class='ocr_line' id='line_1_53' title="bbox 2030 2264 3625 2331; baseline 0.001 -10"><span class='ocrx_word' id='word_1_354' title='bbox 2030 2264 2309 2321; x_wconf 83' lang='lat' dir='ltr'>59.Pravi</span> <span class='ocrx_word' id='word_1_355' title='bbox 2337 2264 2628 2320; x_wconf 67' lang='lat' dir='ltr'>doctrina:</span> <span class='ocrx_word' id='word_1_356' title='bbox 2656 2264 2892 2319; x_wconf 85' lang='lat' dir='ltr'>laudem</span> <span class='ocrx_word' id='word_1_357' title='bbox 2920 2266 3625 2331; x_wconf 80' lang='lat' dir='ltr'>aucupanturJustiliam</span> 
     </span>
    </p>
   </div>
   <div class='ocr_carea' id='block_1_54' title="bbox 1956 2352 3627 2417">
    <p class='ocr_par' dir='ltr' id='par_1_54' title="bbox 1956 2352 3627 2417">
     <span class='ocr_line' id='line_1_54' title="bbox 1956 2352 3627 2417; baseline 0.001 -9"><span class='ocrx_word' id='word_1_358' title='bbox 1956 2354 2068 2409; x_wconf 91' lang='lat' dir='ltr'>Dei</span> <span class='ocrx_word' id='word_1_359' title='bbox 2089 2352 2341 2408; x_wconf 85' lang='lat' dir='ltr'>laudant</span> <span class='ocrx_word' id='word_1_360' title='bbox 2362 2352 2461 2407; x_wconf 88' lang='lat' dir='ltr'>ubi</span> <span class='ocrx_word' id='word_1_361' title='bbox 2480 2354 2561 2408; x_wconf 88' lang='lat' dir='ltr'>eis</span> <span class='ocrx_word' id='word_1_362' title='bbox 2586 2352 2726 2409; x_wconf 84' lang='lat' dir='ltr'>bene</span> <span class='ocrx_word' id='word_1_363' title='bbox 2746 2358 2849 2417; x_wconf 85' lang='lat' dir='ltr'>est,</span> <span class='ocrx_word' id='word_1_364' title='bbox 2875 2352 3145 2408; x_wconf 90' lang='lat' dir='ltr'>ubimale</span> <span class='ocrx_word' id='word_1_365' title='bbox 3162 2352 3471 2409; x_wconf 87' lang='lat' dir='ltr'>damnant.</span> <span class='ocrx_word' id='word_1_366' title='bbox 3496 2356 3627 2410; x_wconf 85' lang='lat' dir='ltr'>Haec</span> 
     </span>
    </p>
   </div>
   <div class='ocr_carea' id='block_1_55' title="bbox 1956 2443 3629 2515">
    <p class='ocr_par' dir='ltr' id='par_1_55' title="bbox 1956 2443 3629 2515">
     <span class='ocr_line' id='line_1_55' title="bbox 1956 2443 3629 2515; baseline 0.001 -16"><span class='ocrx_word' id='word_1_367' title='bbox 1956 2443 2169 2499; x_wconf 89' lang='lat' dir='ltr'>beatus</span> <span class='ocrx_word' id='word_1_368' title='bbox 2183 2443 2293 2498; x_wconf 85' lang='lat' dir='ltr'>Job</span> <span class='ocrx_word' id='word_1_369' title='bbox 2310 2459 2417 2498; x_wconf 91' lang='lat' dir='ltr'>nec</span> <span class='ocrx_word' id='word_1_370' title='bbox 2436 2443 2689 2514; x_wconf 90' lang='lat' dir='ltr'>loquens</span> <span class='ocrx_word' id='word_1_371' title='bbox 2711 2450 3173 2515; x_wconf 89' lang='lat' dir='ltr'>negaverat,nec</span> <span class='ocrx_word' id='word_1_372' title='bbox 3186 2444 3436 2500; x_wconf 88' lang='lat' dir='ltr'>reticens</span> <span class='ocrx_word' id='word_1_373' title='bbox 3459 2445 3629 2513; x_wconf 74' lang='lat' dir='ltr'>igno-</span> 
     </span>
    </p>
   </div>
   <div class='ocr_carea' id='block_1_56' title="bbox 1957 2532 3631 2605">
    <p class='ocr_par' dir='ltr' id='par_1_56' title="bbox 1957 2532 3631 2605">
     <span class='ocr_line' id='line_1_56' title="bbox 1957 2532 3631 2605; baseline 0.002 -17"><span class='ocrx_word' id='word_1_374' title='bbox 1957 2533 2149 2588; x_wconf 90' lang='lat' dir='ltr'>rabat.</span> <span class='ocrx_word' id='word_1_375' title='bbox 2174 2534 2288 2588; x_wconf 88' lang='lat' dir='ltr'>Sed</span> <span class='ocrx_word' id='word_1_376' title='bbox 2318 2548 2601 2603; x_wconf 88' lang='lat' dir='ltr'>procaces</span> <span class='ocrx_word' id='word_1_377' title='bbox 2620 2532 2863 2605; x_wconf 91' lang='lat' dir='ltr'>quique,</span> <span class='ocrx_word' id='word_1_378' title='bbox 2887 2535 2952 2587; x_wconf 93' lang='lat' dir='ltr'>ut</span> <span class='ocrx_word' id='word_1_379' title='bbox 2972 2532 3259 2601; x_wconf 86' lang='lat' dir='ltr'>diximus,</span> <span class='ocrx_word' id='word_1_380' title='bbox 3288 2534 3465 2591; x_wconf 89' lang='lat' dir='ltr'>etiam</span> <span class='ocrx_word' id='word_1_381' title='bbox 3487 2541 3631 2591; x_wconf 89' lang='lat' dir='ltr'>nota</span> 
     </span>
    </p>
   </div>
   <div class='ocr_carea' id='block_1_57' title="bbox 1953 2620 3628 2693">
    <p class='ocr_par' dir='ltr' id='par_1_57' title="bbox 1953 2620 3628 2693">
     <span class='ocr_line' id='line_1_57' title="bbox 1953 2620 3628 2693; baseline 0.002 -18"><span class='ocrx_word' id='word_1_382' title='bbox 1953 2621 2247 2692; x_wconf 89' lang='lat' dir='ltr'>jactanter</span> <span class='ocrx_word' id='word_1_383' title='bbox 2274 2621 2603 2692; x_wconf 88' lang='lat' dir='ltr'>proferunt,</span> <span class='ocrx_word' id='word_1_384' title='bbox 2634 2626 2695 2677; x_wconf 89' lang='lat' dir='ltr'>ut</span> <span class='ocrx_word' id='word_1_385' title='bbox 2724 2620 3028 2693; x_wconf 87' lang='lat' dir='ltr'>loquendo</span> <span class='ocrx_word' id='word_1_386' title='bbox 3068 2621 3227 2677; x_wconf 91' lang='lat' dir='ltr'>docti</span> <span class='ocrx_word' id='word_1_387' title='bbox 3263 2623 3579 2678; x_wconf 88' lang='lat' dir='ltr'>videantur</span> <span class='ocrx_word' id='word_1_388' title='bbox 3613 2637 3628 2679; x_wconf 86' lang='lat'><strong>:</strong></span> 
     </span>
    </p>
   </div>
   <div class='ocr_carea' id='block_1_58' title="bbox 1957 2710 3629 2777">
    <p class='ocr_par' dir='ltr' id='par_1_58' title="bbox 1957 2710 3629 2777">
     <span class='ocr_line' id='line_1_58' title="bbox 1957 2710 3629 2777; baseline 0 -10"><span class='ocrx_word' id='word_1_389' title='bbox 1957 2710 2671 2767; x_wconf 90' lang='lat' dir='ltr'>contemnuntmoderate</span> <span class='ocrx_word' id='word_1_390' title='bbox 2684 2710 3108 2777; x_wconf 90' lang='lat' dir='ltr'>conticescere,</span> <span class='ocrx_word' id='word_1_391' title='bbox 3124 2726 3198 2767; x_wconf 90' lang='lat' dir='ltr'>ne</span> <span class='ocrx_word' id='word_1_392' title='bbox 3217 2712 3539 2768; x_wconf 88' lang='lat' dir='ltr'>credantur</span> <span class='ocrx_word' id='word_1_393' title='bbox 3558 2727 3629 2768; x_wconf 86' lang='lat' dir='ltr'>ex</span> 
     </span>
    </p>
   </div>
   <div class='ocr_carea' id='block_1_59' title="bbox 1958 2798 3628 2873">
    <p class='ocr_par' dir='ltr' id='par_1_59' title="bbox 1958 2798 3628 2873">
     <span class='ocr_line' id='line_1_59' title="bbox 1958 2798 3628 2873; baseline 0.001 -18"><span class='ocrx_word' id='word_1_394' title='bbox 1958 2800 2253 2871; x_wconf 89' lang='lat' dir='ltr'>imperitia</span> <span class='ocrx_word' id='word_1_395' title='bbox 2272 2800 2547 2855; x_wconf 89' lang='lat' dir='ltr'>tacuisse.</span> <span class='ocrx_word' id='word_1_396' title='bbox 2584 2798 2902 2856; x_wconf 89' lang='lat' dir='ltr'>Sciendum</span> <span class='ocrx_word' id='word_1_397' title='bbox 2926 2816 3066 2856; x_wconf 89' lang='lat' dir='ltr'>vero</span> <span class='ocrx_word' id='word_1_398' title='bbox 3089 2804 3177 2855; x_wconf 90' lang='lat' dir='ltr'>est</span> <span class='ocrx_word' id='word_1_399' title='bbox 3207 2800 3352 2873; x_wconf 91' lang='lat' dir='ltr'>quia</span> <span class='ocrx_word' id='word_1_400' title='bbox 3374 2806 3513 2857; x_wconf 90' lang='lat' dir='ltr'>tunc</span> <span class='ocrx_word' id='word_1_401' title='bbox 3540 2801 3628 2857; x_wconf 91' lang='lat' dir='ltr'>di-</span> 
     </span>
    </p>
   </div>
   <div class='ocr_carea' id='block_1_60' title="bbox 1958 2888 3634 2962">
    <p class='ocr_par' dir='ltr' id='par_1_60' title="bbox 1958 2888 3634 2962">
     <span class='ocr_line' id='line_1_60' title="bbox 1958 2888 3634 2962; baseline 0.002 -19"><span class='ocrx_word' id='word_1_402' title='bbox 1958 2890 2112 2944; x_wconf 61' lang='lat' dir='ltr'>vinas</span> <span class='ocrx_word' id='word_1_403' title='bbox 2142 2888 2382 2959; x_wconf 71' lang='lat' dir='ltr'>justitiaa</span> <span class='ocrx_word' id='word_1_404' title='bbox 2398 2888 2812 2945; x_wconf 89' lang='lat' dir='ltr'>rectitudinem</span> <span class='ocrx_word' id='word_1_405' title='bbox 2831 2889 3110 2955; x_wconf 89' lang='lat' dir='ltr'>laudant,</span> <span class='ocrx_word' id='word_1_406' title='bbox 3140 2906 3279 2945; x_wconf 92' lang='lat' dir='ltr'>cum</span> <span class='ocrx_word' id='word_1_407' title='bbox 3300 2906 3363 2946; x_wconf 91' lang='lat' dir='ltr'>se</span> <span class='ocrx_word' id='word_1_408' title='bbox 3385 2891 3463 2947; x_wconf 92' lang='lat' dir='ltr'>ad</span> <span class='ocrx_word' id='word_1_409' title='bbox 3489 2907 3634 2962; x_wconf 87' lang='lat' dir='ltr'>gau-</span> 
     </span>
    </p>
   </div>
   <div class='ocr_carea' id='block_1_61' title="bbox 1960 2978 3634 3050">
    <p class='ocr_par' dir='ltr' id='par_1_61' title="bbox 1960 2978 3634 3050">
     <span class='ocr_line' id='line_1_61' title="bbox 1960 2978 3634 3050; baseline 0.002 -17"><span class='ocrx_word' id='word_1_410' title='bbox 1960 2978 2128 3034; x_wconf 90' lang='lat' dir='ltr'>dium</span> <span class='ocrx_word' id='word_1_411' title='bbox 2160 2979 2540 3034; x_wconf 89' lang='lat' dir='ltr'>incolumitas</span> <span class='ocrx_word' id='word_1_412' title='bbox 2580 2978 2872 3042; x_wconf 86' lang='lat' dir='ltr'>sublevat,</span> <span class='ocrx_word' id='word_1_413' title='bbox 2904 2984 2967 3034; x_wconf 89' lang='lat' dir='ltr'>et</span> <span class='ocrx_word' id='word_1_414' title='bbox 3011 2978 3161 3035; x_wconf 89' lang='lat' dir='ltr'>alios</span> <span class='ocrx_word' id='word_1_415' title='bbox 3191 2979 3429 3050; x_wconf 86' lang='lat' dir='ltr'>ﬂagella</span> <span class='ocrx_word' id='word_1_416' title='bbox 3456 2980 3634 3037; x_wconf 89' lang='lat' dir='ltr'>casti-</span> 
     </span>
    </p>
   </div>
   <div class='ocr_carea' id='block_1_62' title="bbox 185 3057 3632 3147">
    <p class='ocr_par' dir='ltr' id='par_1_62' title="bbox 185 3057 3632 3147">
     <span class='ocr_line' id='line_1_62' title="bbox 185 3057 3632 3147; baseline -0.001 -31"><span class='ocrx_word' id='word_1_417' title='bbox 185 3059 369 3116; x_wconf 89' lang='lat' dir='ltr'>simul</span> <span class='ocrx_word' id='word_1_418' title='bbox 384 3076 453 3115; x_wconf 89' lang='lat' dir='ltr'>ac</span> <span class='ocrx_word' id='word_1_419' title='bbox 467 3058 703 3114; x_wconf 91' lang='lat' dir='ltr'>dicendi</span> <span class='ocrx_word' id='word_1_420' title='bbox 730 3058 1062 3130; x_wconf 90' lang='lat' dir='ltr'>amplitudo</span> <span class='ocrx_word' id='word_1_421' title='bbox 1090 3058 1316 3122; x_wconf 86' lang='lat' dir='ltr'>dilatat,</span> <span class='ocrx_word' id='word_1_422' title='bbox 1347 3063 1403 3112; x_wconf 87' lang='lat' dir='ltr'>et</span> <span class='ocrx_word' id='word_1_423' title='bbox 1424 3057 1847 3113; x_wconf 88' lang='lat' dir='ltr'>suntnonnulli</span> <span class='ocrx_word' id='word_1_424' title='bbox 1887 3091 1928 3147; x_wconf 68' lang='grc' dir='ltr'><strong>Ο</strong></span> <span class='ocrx_word' id='word_1_425' title='bbox 1962 3077 2138 3138; x_wconf 70' lang='lat' dir='ltr'>3am;</span> <span class='ocrx_word' id='word_1_426' title='bbox 2173 3084 2310 3124; x_wconf 81' lang='lat' dir='ltr'>cum</span> <span class='ocrx_word' id='word_1_427' title='bbox 2343 3084 2403 3123; x_wconf 83' lang='lat' dir='ltr'>se</span> <span class='ocrx_word' id='word_1_428' title='bbox 2425 3069 2803 3140; x_wconf 84' lang='lat' dir='ltr'>conspiciunt</span> <span class='ocrx_word' id='word_1_429' title='bbox 2831 3084 3036 3124; x_wconf 89' lang='lat' dir='ltr'>rerum</span> <span class='ocrx_word' id='word_1_430' title='bbox 3075 3069 3466 3142; x_wconf 90' lang='lat' dir='ltr'>prosperitate</span> <span class='ocrx_word' id='word_1_431' title='bbox 3497 3085 3632 3142; x_wconf 69' lang='lat' dir='ltr'>per-</span> 
     </span>
    </p>
   </div>
   <div class='ocr_carea' id='block_1_63' title="bbox 186 3147 1847 3225">
    <p class='ocr_par' dir='ltr' id='par_1_63' title="bbox 186 3147 1847 3225">
     <span class='ocr_line' id='line_1_63' title="bbox 186 3147 1847 3225; baseline -0.004 -19"><span class='ocrx_word' id='word_1_432' title='bbox 186 3166 345 3225; x_wconf 85' lang='lat' dir='ltr'>quos</span> <span class='ocrx_word' id='word_1_433' title='bbox 398 3148 693 3204; x_wconf 89' lang='lat' dir='ltr'>sentiendi</span> <span class='ocrx_word' id='word_1_434' title='bbox 725 3148 904 3203; x_wconf 90' lang='lat' dir='ltr'>simul</span> <span class='ocrx_word' id='word_1_435' title='bbox 933 3152 989 3203; x_wconf 91' lang='lat' dir='ltr'>et</span> <span class='ocrx_word' id='word_1_436' title='bbox 1017 3147 1252 3202; x_wconf 88' lang='lat' dir='ltr'>dicendi</span> <span class='ocrx_word' id='word_1_437' title='bbox 1298 3147 1504 3219; x_wconf 89' lang='lat' dir='ltr'>inopia</span> <span class='ocrx_word' id='word_1_438' title='bbox 1547 3153 1847 3218; x_wconf 88' lang='lat' dir='ltr'>angustat.</span> 
     </span>
    </p>
   </div>
   <div class='ocr_carea' id='block_1_64' title="bbox 183 3236 1851 3311">
    <p class='ocr_par' dir='ltr' id='par_1_64' title="bbox 183 3236 1851 3311">
     <span class='ocr_line' id='line_1_64' title="bbox 183 3236 1851 3311; baseline -0.001 -16"><span class='ocrx_word' id='word_1_439' title='bbox 183 3240 337 3297; x_wconf 89' lang='lat' dir='ltr'>Sunt</span> <span class='ocrx_word' id='word_1_440' title='bbox 358 3237 743 3311; x_wconf 89' lang='lat' dir='ltr'>nonnulliqui</span> <span class='ocrx_word' id='word_1_441' title='bbox 758 3236 1084 3293; x_wconf 82' lang='lat' dir='ltr'>efﬁcaciam</span> <span class='ocrx_word' id='word_1_442' title='bbox 1099 3237 1333 3293; x_wconf 89' lang='lat' dir='ltr'>dicendi</span> <span class='ocrx_word' id='word_1_443' title='bbox 1349 3237 1702 3303; x_wconf 86' lang='lat' dir='ltr'>habent,sed</span> <span class='ocrx_word' id='word_1_444' title='bbox 1715 3255 1851 3295; x_wconf 90' lang='lat' dir='ltr'>acu-</span> 
     </span>
    </p>
   </div>
   <div class='ocr_carea' id='block_1_65' title="bbox 186 3326 1851 3400">
    <p class='ocr_par' dir='ltr' id='par_1_65' title="bbox 186 3326 1851 3400">
     <span class='ocr_line' id='line_1_65' title="bbox 186 3326 1851 3400; baseline -0.002 -14"><span class='ocrx_word' id='word_1_445' title='bbox 186 3346 331 3386; x_wconf 87' lang='lat' dir='ltr'>men</span> <span class='ocrx_word' id='word_1_446' title='bbox 383 3326 681 3384; x_wconf 89' lang='lat' dir='ltr'>sentiendi</span> <span class='ocrx_word' id='word_1_447' title='bbox 729 3342 851 3383; x_wconf 90' lang='lat' dir='ltr'>non</span> <span class='ocrx_word' id='word_1_448' title='bbox 878 3328 1225 3393; x_wconf 87' lang='lat' dir='ltr'>habent;et</span> <span class='ocrx_word' id='word_1_449' title='bbox 1257 3332 1394 3383; x_wconf 85' lang='lat' dir='ltr'>sunt</span> <span class='ocrx_word' id='word_1_450' title='bbox 1451 3328 1720 3383; x_wconf 89' lang='lat' dir='ltr'>nonnulli</span> <span class='ocrx_word' id='word_1_451' title='bbox 1748 3328 1851 3400; x_wconf 91' lang='lat' dir='ltr'>qui</span> 
     </span>
    </p>
   </div>
   <div class='ocr_carea' id='block_1_66' title="bbox 180 3417 1852 3489">
    <p class='ocr_par' dir='ltr' id='par_1_66' title="bbox 180 3417 1852 3489">
     <span class='ocr_line' id='line_1_66' title="bbox 180 3417 1852 3489; baseline -0.001 -13"><span class='ocrx_word' id='word_1_452' title='bbox 180 3420 467 3477; x_wconf 88' lang='lat' dir='ltr'>acumine</span> <span class='ocrx_word' id='word_1_453' title='bbox 481 3417 771 3474; x_wconf 90' lang='lat' dir='ltr'>sentiendi</span> <span class='ocrx_word' id='word_1_454' title='bbox 804 3417 1215 3485; x_wconf 84' lang='lat' dir='ltr'>subnixisunt,</span> <span class='ocrx_word' id='word_1_455' title='bbox 1240 3417 1344 3472; x_wconf 92' lang='lat' dir='ltr'>sed</span> <span class='ocrx_word' id='word_1_456' title='bbox 1366 3433 1437 3473; x_wconf 82' lang='lat' dir='ltr'>ex</span> <span class='ocrx_word' id='word_1_457' title='bbox 1460 3417 1667 3489; x_wconf 90' lang='lat' dir='ltr'>inopia</span> <span class='ocrx_word' id='word_1_458' title='bbox 1692 3418 1852 3474; x_wconf 89' lang='lat' dir='ltr'>locu-</span> 
     </span>
    </p>
   </div>
   <div class='ocr_carea' id='block_1_67' title="bbox 179 3506 1852 3579">
    <p class='ocr_par' dir='ltr' id='par_1_67' title="bbox 179 3506 1852 3579">
     <span class='ocr_line' id='line_1_67' title="bbox 179 3506 1852 3579; baseline -0.001 -14"><span class='ocrx_word' id='word_1_459' title='bbox 179 3508 366 3565; x_wconf 87' lang='lat' dir='ltr'>tionis</span> <span class='ocrx_word' id='word_1_460' title='bbox 390 3507 831 3563; x_wconf 88' lang='lat' dir='ltr'>obmutescunt.</span> <span class='ocrx_word' id='word_1_461' title='bbox 850 3508 966 3562; x_wconf 85' lang='lat' dir='ltr'>Hoc</span> <span class='ocrx_word' id='word_1_462' title='bbox 991 3508 1329 3579; x_wconf 87' lang='lat' dir='ltr'>namquein</span> <span class='ocrx_word' id='word_1_463' title='bbox 1356 3506 1702 3563; x_wconf 89' lang='lat' dir='ltr'>hominibus</span> <span class='ocrx_word' id='word_1_464' title='bbox 1729 3524 1852 3565; x_wconf 87' lang='lat' dir='ltr'>cer-</span> 
     </span>
    </p>
   </div>
   <div class='ocr_carea' id='block_1_68' title="bbox 179 3594 1849 3669">
    <p class='ocr_par' dir='ltr' id='par_1_68' title="bbox 179 3594 1849 3669">
     <span class='ocr_line' id='line_1_68' title="bbox 179 3594 1849 3669; baseline -0.001 -15"><span class='ocrx_word' id='word_1_465' title='bbox 179 3599 412 3662; x_wconf 88' lang='lat' dir='ltr'>nimus,</span> <span class='ocrx_word' id='word_1_466' title='bbox 450 3595 688 3669; x_wconf 88' lang='lat' dir='ltr'>quodin</span> <span class='ocrx_word' id='word_1_467' title='bbox 705 3595 883 3651; x_wconf 90' lang='lat' dir='ltr'>rebus</span> <span class='ocrx_word' id='word_1_468' title='bbox 911 3611 1067 3667; x_wconf 76' lang='lat' dir='ltr'>saepe</span> <span class='ocrx_word' id='word_1_469' title='bbox 1095 3594 1541 3650; x_wconf 90' lang='lat' dir='ltr'>insensibilibus</span> <span class='ocrx_word' id='word_1_470' title='bbox 1556 3594 1849 3652; x_wconf 89' lang='lat' dir='ltr'>videmus.</span> 
     </span>
    </p>
   </div>
   <div class='ocr_carea' id='block_1_69' title="bbox 176 3684 1851 3758">
    <p class='ocr_par' dir='ltr' id='par_1_69' title="bbox 176 3684 1851 3758">
     <span class='ocr_line' id='line_1_69' title="bbox 176 3684 1851 3758; baseline -0.001 -15"><span class='ocrx_word' id='word_1_471' title='bbox 176 3690 335 3743; x_wconf 83' lang='lat' dir='ltr'>Nam</span> <span class='ocrx_word' id='word_1_472' title='bbox 364 3686 717 3758; x_wconf 90' lang='lat' dir='ltr'>plerumque</span> <span class='ocrx_word' id='word_1_473' title='bbox 744 3692 799 3742; x_wconf 90' lang='lat' dir='ltr'>et</span> <span class='ocrx_word' id='word_1_474' title='bbox 821 3685 1316 3757; x_wconf 89' lang='lat' dir='ltr'>abundansaqua</span> <span class='ocrx_word' id='word_1_475' title='bbox 1339 3685 1416 3741; x_wconf 89' lang='lat' dir='ltr'>ab</span> <span class='ocrx_word' id='word_1_476' title='bbox 1436 3684 1659 3740; x_wconf 88' lang='lat' dir='ltr'>intimis</span> <span class='ocrx_word' id='word_1_477' title='bbox 1685 3686 1851 3742; x_wconf 88' lang='lat' dir='ltr'>duci-</span> 
     </span>
    </p>
   </div>
   <div class='ocr_carea' id='block_1_70' title="bbox 176 3774 1853 3847">
    <p class='ocr_par' dir='ltr' id='par_1_70' title="bbox 176 3774 1853 3847">
     <span class='ocr_line' id='line_1_70' title="bbox 176 3774 1853 3847; baseline 0.001 -16"><span class='ocrx_word' id='word_1_478' title='bbox 176 3784 271 3833; x_wconf 90' lang='lat' dir='ltr'>tur</span> <span class='ocrx_word' id='word_1_479' title='bbox 293 3782 360 3832; x_wconf 87' lang='lat' dir='ltr'>et</span> <span class='ocrx_word' id='word_1_480' title='bbox 389 3774 572 3845; x_wconf 88' lang='lat' dir='ltr'>largis</span> <span class='ocrx_word' id='word_1_481' title='bbox 593 3774 1043 3847; x_wconf 88' lang='lat' dir='ltr'>insuperﬁciem</span> <span class='ocrx_word' id='word_1_482' title='bbox 1075 3774 1370 3830; x_wconf 89' lang='lat' dir='ltr'>meatibus</span> <span class='ocrx_word' id='word_1_483' title='bbox 1397 3774 1853 3832; x_wconf 88' lang='lat' dir='ltr'>derivatur.Ple-</span> 
     </span>
    </p>
   </div>
   <div class='ocr_carea' id='block_1_71' title="bbox 177 3862 1855 3938">
    <p class='ocr_par' dir='ltr' id='par_1_71' title="bbox 177 3862 1855 3938">
     <span class='ocr_line' id='line_1_71' title="bbox 177 3862 1855 3938; baseline -0.001 -16"><span class='ocrx_word' id='word_1_484' title='bbox 177 3881 448 3938; x_wconf 88' lang='lat' dir='ltr'>rumque</span> <span class='ocrx_word' id='word_1_485' title='bbox 477 3869 734 3934; x_wconf 86' lang='lat' dir='ltr'>angusta</span> <span class='ocrx_word' id='word_1_486' title='bbox 761 3864 1057 3920; x_wconf 86' lang='lat' dir='ltr'>inintimis</span> <span class='ocrx_word' id='word_1_487' title='bbox 1085 3864 1244 3929; x_wconf 87' lang='lat' dir='ltr'>latet,</span> <span class='ocrx_word' id='word_1_488' title='bbox 1274 3869 1327 3920; x_wconf 87' lang='lat' dir='ltr'>et</span> <span class='ocrx_word' id='word_1_489' title='bbox 1349 3862 1855 3934; x_wconf 86' lang='lat' dir='ltr'>progrediendiri-</span> 
     </span>
    </p>
   </div>
   <div class='ocr_carea' id='block_1_72' title="bbox 178 3952 1849 4023">
    <p class='ocr_par' dir='ltr' id='par_1_72' title="bbox 178 3952 1849 4023">
     <span class='ocr_line' id='line_1_72' title="bbox 178 3952 1849 4023; baseline 0.002 -13"><span class='ocrx_word' id='word_1_490' title='bbox 178 3973 315 4013; x_wconf 84' lang='lat' dir='ltr'>mas</span> <span class='ocrx_word' id='word_1_491' title='bbox 337 3954 653 4009; x_wconf 74' lang='lat' dir='ltr'>difﬁculter</span> <span class='ocrx_word' id='word_1_492' title='bbox 678 3953 1171 4019; x_wconf 87' lang='lat' dir='ltr'>inveniens,foras</span> <span class='ocrx_word' id='word_1_493' title='bbox 1188 3953 1496 4023; x_wconf 89' lang='lat' dir='ltr'>angustior</span> <span class='ocrx_word' id='word_1_494' title='bbox 1526 3952 1552 3994; x_wconf 71' lang='grc' dir='ltr'>ι)</span> <span class='ocrx_word' id='word_1_495' title='bbox 1580 3956 1849 4013; x_wconf 83' lang='lat' dir='ltr'>exsudat.</span> 
     </span>
    </p>
   </div>
   <div class='ocr_carea' id='block_1_73' title="bbox 178 4043 1852 4120">
    <p class='ocr_par' dir='ltr' id='par_1_73' title="bbox 178 4043 1852 4120">
     <span class='ocr_line' id='line_1_73' title="bbox 178 4043 1852 4120; baseline 0.002 -20"><span class='ocrx_word' id='word_1_496' title='bbox 178 4046 548 4116; x_wconf 86' lang='lat' dir='ltr'>Plerumque</span> <span class='ocrx_word' id='word_1_497' title='bbox 585 4043 838 4100; x_wconf 86' lang='lat' dir='ltr'>minima</span> <span class='ocrx_word' id='word_1_498' title='bbox 863 4044 923 4099; x_wconf 91' lang='lat' dir='ltr'>in</span> <span class='ocrx_word' id='word_1_499' title='bbox 955 4044 1318 4100; x_wconf 88' lang='lat' dir='ltr'>absconditis</span> <span class='ocrx_word' id='word_1_500' title='bbox 1341 4048 1558 4113; x_wconf 89' lang='lat' dir='ltr'>oritur;</span> <span class='ocrx_word' id='word_1_501' title='bbox 1593 4064 1852 4120; x_wconf 87' lang='lat' dir='ltr'>cumque</span> 
     </span>
    </p>
   </div>
   <div class='ocr_carea' id='block_1_74' title="bbox 176 4134 1854 4209">
    <p class='ocr_par' dir='ltr' id='par_1_74' title="bbox 176 4134 1854 4209">
     <span class='ocr_line' id='line_1_74' title="bbox 176 4134 1854 4209; baseline 0.001 -18"><span class='ocrx_word' id='word_1_502' title='bbox 176 4141 459 4209; x_wconf 87' lang='lat' dir='ltr'>patenter</span> <span class='ocrx_word' id='word_1_503' title='bbox 482 4151 603 4207; x_wconf 88' lang='lat' dir='ltr'>qua</span> <span class='ocrx_word' id='word_1_504' title='bbox 617 4139 787 4191; x_wconf 86' lang='lat' dir='ltr'>exeat</span> <span class='ocrx_word' id='word_1_505' title='bbox 812 4135 1053 4202; x_wconf 90' lang='lat' dir='ltr'>invenit,</span> <span class='ocrx_word' id='word_1_506' title='bbox 1074 4151 1145 4191; x_wconf 83' lang='lat' dir='ltr'>cx</span> <span class='ocrx_word' id='word_1_507' title='bbox 1162 4134 1329 4205; x_wconf 85' lang='lat' dir='ltr'>largo</span> <span class='ocrx_word' id='word_1_508' title='bbox 1348 4136 1643 4193; x_wconf 85' lang='lat' dir='ltr'>foramine</span> <span class='ocrx_word' id='word_1_509' title='bbox 1658 4138 1854 4196; x_wconf 90' lang='lat' dir='ltr'>tenuis</span> 
     </span>
    </p>
   </div>
   <div class='ocr_carea' id='block_1_75' title="bbox 174 4225 1855 4298">
    <p class='ocr_par' dir='ltr' id='par_1_75' title="bbox 174 4225 1855 4298">
     <span class='ocr_line' id='line_1_75' title="bbox 174 4225 1855 4298; baseline 0.001 -17"><span class='ocrx_word' id='word_1_510' title='bbox 174 4225 481 4297; x_wconf 88' lang='lat' dir='ltr'>procedit,</span> <span class='ocrx_word' id='word_1_511' title='bbox 502 4225 829 4298; x_wconf 83' lang='lat' dir='ltr'>magnique</span> <span class='ocrx_word' id='word_1_512' title='bbox 849 4241 911 4279; x_wconf 91' lang='lat' dir='ltr'>se</span> <span class='ocrx_word' id='word_1_513' title='bbox 942 4230 1168 4281; x_wconf 89' lang='lat' dir='ltr'>meatus</span> <span class='ocrx_word' id='word_1_514' title='bbox 1192 4225 1464 4288; x_wconf 89' lang='lat' dir='ltr'>dilatant,</span> <span class='ocrx_word' id='word_1_515' title='bbox 1495 4227 1599 4282; x_wconf 92' lang='lat' dir='ltr'>sed</span> <span class='ocrx_word' id='word_1_516' title='bbox 1618 4244 1736 4283; x_wconf 90' lang='lat' dir='ltr'>non</span> <span class='ocrx_word' id='word_1_517' title='bbox 1768 4232 1855 4284; x_wconf 89' lang='lat' dir='ltr'>est</span> 
     </span>
    </p>
   </div>
   <div class='ocr_carea' id='block_1_76' title="bbox 176 4314 1853 4388">
    <p class='ocr_par' dir='ltr' id='par_1_76' title="bbox 176 4314 1853 4388">
     <span class='ocr_line' id='line_1_76' title="bbox 176 4314 1853 4388; baseline 0.002 -19"><span class='ocrx_word' id='word_1_518' title='bbox 176 4314 360 4388; x_wconf 91' lang='lat' dir='ltr'>quod</span> <span class='ocrx_word' id='word_1_519' title='bbox 374 4314 642 4370; x_wconf 87' lang='lat' dir='ltr'>fundant.</span> <span class='ocrx_word' id='word_1_520' title='bbox 667 4314 1017 4387; x_wconf 83' lang='lat' dir='ltr'>Plerumque</span> <span class='ocrx_word' id='word_1_521' title='bbox 1037 4330 1175 4370; x_wconf 89' lang='lat' dir='ltr'>vero</span> <span class='ocrx_word' id='word_1_522' title='bbox 1190 4315 1392 4386; x_wconf 89' lang='lat' dir='ltr'>ampla</span> <span class='ocrx_word' id='word_1_523' title='bbox 1409 4316 1467 4370; x_wconf 90' lang='lat' dir='ltr'>in</span> <span class='ocrx_word' id='word_1_524' title='bbox 1486 4316 1853 4372; x_wconf 87' lang='lat' dir='ltr'>absconditis</span> 
     </span>
    </p>
   </div>
   <div class='ocr_carea' id='block_1_77' title="bbox 174 4404 1931 4492">
    <p class='ocr_par' dir='ltr' id='par_1_77' title="bbox 174 4404 1931 4492">
     <span class='ocr_line' id='line_1_77' title="bbox 174 4404 1931 4492; baseline 0.002 -33"><span class='ocrx_word' id='word_1_525' title='bbox 174 4404 400 4477; x_wconf 85' lang='lat' dir='ltr'>surgit,</span> <span class='ocrx_word' id='word_1_526' title='bbox 415 4404 518 4459; x_wconf 90' lang='lat' dir='ltr'>sed</span> <span class='ocrx_word' id='word_1_527' title='bbox 536 4404 807 4474; x_wconf 88' lang='lat' dir='ltr'>angustis</span> <span class='ocrx_word' id='word_1_528' title='bbox 825 4420 1032 4475; x_wconf 91' lang='lat' dir='ltr'>pressa</span> <span class='ocrx_word' id='word_1_529' title='bbox 1050 4404 1342 4460; x_wconf 88' lang='lat' dir='ltr'>meatibus</span> <span class='ocrx_word' id='word_1_530' title='bbox 1361 4410 1453 4460; x_wconf 89' lang='lat' dir='ltr'>ten</span> <span class='ocrx_word' id='word_1_531' title='bbox 1464 4404 1702 4461; x_wconf 82' lang='lat' dir='ltr'>nissime</span> <span class='ocrx_word' id='word_1_532' title='bbox 1721 4423 1854 4478; x_wconf 89' lang='lat' dir='ltr'>pro-</span> <span class='ocrx_word' id='word_1_533' title='bbox 1888 4437 1931 4492; x_wconf 69' lang='grc' dir='ltr'>ο</span> 
     </span>
    </p>
   </div>
   <div class='ocr_carea' id='block_1_78' title="bbox 173 4492 1853 4566">
    <p class='ocr_par' dir='ltr' id='par_1_78' title="bbox 173 4492 1853 4566">
     <span class='ocr_line' id='line_1_78' title="bbox 173 4492 1853 4566; baseline 0.002 -18"><span class='ocrx_word' id='word_1_534' title='bbox 173 4494 338 4550; x_wconf 87' lang='lat' dir='ltr'>ﬂuit.</span> <span class='ocrx_word' id='word_1_535' title='bbox 373 4493 468 4548; x_wconf 91' lang='lat' dir='ltr'>Sic</span> <span class='ocrx_word' id='word_1_536' title='bbox 489 4494 684 4565; x_wconf 90' lang='lat' dir='ltr'>itaque</span> <span class='ocrx_word' id='word_1_537' title='bbox 702 4493 761 4548; x_wconf 92' lang='lat' dir='ltr'>in</span> <span class='ocrx_word' id='word_1_538' title='bbox 793 4492 924 4548; x_wconf 90' lang='lat' dir='ltr'>aliis</span> <span class='ocrx_word' id='word_1_539' title='bbox 943 4510 1010 4549; x_wconf 85' lang='lat' dir='ltr'>os</span> <span class='ocrx_word' id='word_1_540' title='bbox 1033 4500 1241 4565; x_wconf 89' lang='lat' dir='ltr'>patens</span> <span class='ocrx_word' id='word_1_541' title='bbox 1263 4500 1524 4560; x_wconf 87' lang='lat' dir='ltr'>emanat,</span> <span class='ocrx_word' id='word_1_542' title='bbox 1548 4496 1713 4566; x_wconf 87' lang='lat' dir='ltr'>quod</span> <span class='ocrx_word' id='word_1_543' title='bbox 1737 4496 1853 4552; x_wconf 90' lang='lat' dir='ltr'>lar-</span> 
     </span>
    </p>
   </div>
   <div class='ocr_carea' id='block_1_79' title="bbox 174 4583 1852 4655">
    <p class='ocr_par' dir='ltr' id='par_1_79' title="bbox 174 4583 1852 4655">
     <span class='ocr_line' id='line_1_79' title="bbox 174 4583 1852 4655; baseline 0.001 -16"><span class='ocrx_word' id='word_1_544' title='bbox 174 4600 294 4655; x_wconf 87' lang='lat' dir='ltr'>gus</span> <span class='ocrx_word' id='word_1_545' title='bbox 334 4583 559 4653; x_wconf 85' lang='lat' dir='ltr'>ingenii</span> <span class='ocrx_word' id='word_1_546' title='bbox 584 4583 715 4638; x_wconf 90' lang='lat' dir='ltr'>fons</span> <span class='ocrx_word' id='word_1_547' title='bbox 742 4584 1058 4640; x_wconf 89' lang='lat' dir='ltr'>ministrat.</span> <span class='ocrx_word' id='word_1_548' title='bbox 1093 4588 1152 4639; x_wconf 85' lang='lat' dir='ltr'>lu</span> <span class='ocrx_word' id='word_1_549' title='bbox 1193 4584 1323 4639; x_wconf 91' lang='lat' dir='ltr'>aliis</span> <span class='ocrx_word' id='word_1_550' title='bbox 1349 4584 1710 4640; x_wconf 89' lang='lat' dir='ltr'>intellectum</span> <span class='ocrx_word' id='word_1_551' title='bbox 1742 4601 1852 4642; x_wconf 88' lang='lat' dir='ltr'>nec</span> 
     </span>
    </p>
   </div>
   <div class='ocr_carea' id='block_1_80' title="bbox 176 4671 1851 4745">
    <p class='ocr_par' dir='ltr' id='par_1_80' title="bbox 176 4671 1851 4745">
     <span class='ocr_line' id='line_1_80' title="bbox 176 4671 1851 4745; baseline 0.002 -19"><span class='ocrx_word' id='word_1_552' title='bbox 176 4689 409 4729; x_wconf 87' lang='lat' dir='ltr'>sensus</span> <span class='ocrx_word' id='word_1_553' title='bbox 424 4673 686 4745; x_wconf 89' lang='lat' dir='ltr'>porrigit,</span> <span class='ocrx_word' id='word_1_554' title='bbox 710 4671 1039 4741; x_wconf 86' lang='lat' dir='ltr'>neclingua</span> <span class='ocrx_word' id='word_1_555' title='bbox 1056 4672 1267 4727; x_wconf 89' lang='lat' dir='ltr'>fundit.</span> <span class='ocrx_word' id='word_1_556' title='bbox 1301 4676 1362 4728; x_wconf 88' lang='lat' dir='ltr'><strong>In</strong></span> <span class='ocrx_word' id='word_1_557' title='bbox 1376 4673 1503 4729; x_wconf 90' lang='lat' dir='ltr'>aliis</span> <span class='ocrx_word' id='word_1_558' title='bbox 1518 4690 1583 4728; x_wconf 92' lang='lat' dir='ltr'>os</span> <span class='ocrx_word' id='word_1_559' title='bbox 1606 4674 1851 4745; x_wconf 88' lang='lat' dir='ltr'>quidem</span> 
     </span>
    </p>
   </div>
   <div class='ocr_carea' id='block_1_81' title="bbox 174 4762 1853 4835">
    <p class='ocr_par' dir='ltr' id='par_1_81' title="bbox 174 4762 1853 4835">
     <span class='ocr_line' id='line_1_81' title="bbox 174 4762 1853 4835; baseline 0.001 -17"><span class='ocrx_word' id='word_1_560' title='bbox 174 4763 258 4818; x_wconf 90' lang='lat' dir='ltr'>ad</span> <span class='ocrx_word' id='word_1_561' title='bbox 288 4762 672 4834; x_wconf 79' lang='lat' dir='ltr'>loquendum</span> <span class='ocrx_word' id='word_1_562' title='bbox 723 4767 900 4834; x_wconf 87' lang='lat' dir='ltr'>patet,</span> <span class='ocrx_word' id='word_1_563' title='bbox 936 4762 1042 4817; x_wconf 90' lang='lat' dir='ltr'>sed</span> <span class='ocrx_word' id='word_1_564' title='bbox 1068 4762 1146 4818; x_wconf 88' lang='lat' dir='ltr'>ad</span> <span class='ocrx_word' id='word_1_565' title='bbox 1178 4762 1549 4819; x_wconf 89' lang='lat' dir='ltr'>reddendum</span> <span class='ocrx_word' id='word_1_566' title='bbox 1584 4770 1788 4835; x_wconf 89' lang='lat' dir='ltr'>parata</span> <span class='ocrx_word' id='word_1_567' title='bbox 1817 4778 1853 4820; x_wconf 89' lang='lat' dir='ltr'>a</span> 
     </span>
    </p>
   </div>
   <div class='ocr_carea' id='block_1_82' title="bbox 174 4851 1854 4925">
    <p class='ocr_par' dir='ltr' id='par_1_82' title="bbox 174 4851 1854 4925">
     <span class='ocr_line' id='line_1_82' title="bbox 174 4851 1854 4925; baseline 0.001 -18"><span class='ocrx_word' id='word_1_568' title='bbox 174 4868 375 4908; x_wconf 89' lang='lat' dir='ltr'>sensu</span> <span class='ocrx_word' id='word_1_569' title='bbox 406 4851 609 4921; x_wconf 87' lang='lat' dir='ltr'>lingua</span> <span class='ocrx_word' id='word_1_570' title='bbox 639 4852 785 4907; x_wconf 89' lang='lat' dir='ltr'>nihil</span> <span class='ocrx_word' id='word_1_571' title='bbox 808 4852 1043 4925; x_wconf 89' lang='lat' dir='ltr'>accipit.</span> <span class='ocrx_word' id='word_1_572' title='bbox 1069 4852 1131 4906; x_wconf 91' lang='lat' dir='ltr'><strong>In</strong></span> <span class='ocrx_word' id='word_1_573' title='bbox 1164 4852 1289 4907; x_wconf 89' lang='lat' dir='ltr'>aliis</span> <span class='ocrx_word' id='word_1_574' title='bbox 1320 4869 1460 4908; x_wconf 91' lang='lat' dir='ltr'>vero</span> <span class='ocrx_word' id='word_1_575' title='bbox 1488 4853 1688 4922; x_wconf 88' lang='lat' dir='ltr'>largus</span> <span class='ocrx_word' id='word_1_576' title='bbox 1719 4870 1854 4908; x_wconf 88' lang='lat' dir='ltr'>sen-</span> 
     </span>
    </p>
   </div>
   <div class='ocr_carea' id='block_1_83' title="bbox 181 4941 1852 5014">
    <p class='ocr_par' dir='ltr' id='par_1_83' title="bbox 181 4941 1852 5014">
     <span class='ocr_line' id='line_1_83' title="bbox 181 4941 1852 5014; baseline -0.001 -15"><span class='ocrx_word' id='word_1_577' title='bbox 181 4942 380 4999; x_wconf 85' lang='lat' dir='ltr'>tiendi</span> <span class='ocrx_word' id='word_1_578' title='bbox 395 4941 574 4997; x_wconf 88' lang='lat' dir='ltr'>fonsa</span> <span class='ocrx_word' id='word_1_579' title='bbox 604 4942 781 4997; x_wconf 86' lang='lat' dir='ltr'>corde</span> <span class='ocrx_word' id='word_1_580' title='bbox 803 4942 1108 5007; x_wconf 80' lang='lat' dir='ltr'>exuberat,</span> <span class='ocrx_word' id='word_1_581' title='bbox 1126 4942 1230 4998; x_wconf 91' lang='lat' dir='ltr'>sed</span> <span class='ocrx_word' id='word_1_582' title='bbox 1250 4942 1410 4998; x_wconf 91' lang='lat' dir='ltr'>hunc</span> <span class='ocrx_word' id='word_1_583' title='bbox 1425 4942 1601 5014; x_wconf 89' lang='lat' dir='ltr'>quasi</span> <span class='ocrx_word' id='word_1_584' title='bbox 1625 4948 1852 4999; x_wconf 84' lang='lat' dir='ltr'>meatus</span> 
     </span>
    </p>
   </div>
   <div class='ocr_carea' id='block_1_84' title="bbox 179 5030 1852 5103">
    <p class='ocr_par' dir='ltr' id='par_1_84' title="bbox 179 5030 1852 5103">
     <span class='ocr_line' id='line_1_84' title="bbox 179 5030 1852 5103; baseline 0 -16"><span class='ocrx_word' id='word_1_585' title='bbox 179 5030 387 5088; x_wconf 85' lang='lat' dir='ltr'>tenuis</span> <span class='ocrx_word' id='word_1_586' title='bbox 405 5031 600 5103; x_wconf 90' lang='lat' dir='ltr'>impar</span> <span class='ocrx_word' id='word_1_587' title='bbox 622 5031 825 5101; x_wconf 87' lang='lat' dir='ltr'>lingua</span> <span class='ocrx_word' id='word_1_588' title='bbox 842 5036 1213 5101; x_wconf 90' lang='lat' dir='ltr'>coangustat.</span> <span class='ocrx_word' id='word_1_589' title='bbox 1240 5032 1302 5087; x_wconf 90' lang='lat' dir='ltr'><strong>In</strong></span> <span class='ocrx_word' id='word_1_590' title='bbox 1324 5031 1544 5103; x_wconf 87' lang='lat' dir='ltr'>quibus</span> <span class='ocrx_word' id='word_1_591' title='bbox 1566 5032 1852 5087; x_wconf 90' lang='lat' dir='ltr'>nimirum</span> 
     </span>
    </p>
   </div>
   <div class='ocr_carea' id='block_1_85' title="bbox 175 5120 1855 5195">
    <p class='ocr_par' dir='ltr' id='par_1_85' title="bbox 175 5120 1855 5195">
     <span class='ocr_line' id='line_1_85' title="bbox 175 5120 1855 5195; baseline -0.001 -17"><span class='ocrx_word' id='word_1_592' title='bbox 175 5120 704 5195; x_wconf 85' lang='lat' dir='ltr'>quatuordicendi</span> <span class='ocrx_word' id='word_1_593' title='bbox 719 5120 1263 5193; x_wconf 88' lang='lat' dir='ltr'>qualitatibus,sola</span> <span class='ocrx_word' id='word_1_594' title='bbox 1280 5120 1512 5176; x_wconf 89' lang='lat' dir='ltr'>crimini</span> <span class='ocrx_word' id='word_1_595' title='bbox 1529 5121 1693 5177; x_wconf 88' lang='lat' dir='ltr'>tertia</span> <span class='ocrx_word' id='word_1_596' title='bbox 1716 5121 1855 5177; x_wconf 86' lang='lat' dir='ltr'>sub-</span> 
     </span>
    </p>
   </div>
   <div class='ocr_carea' id='block_1_86' title="bbox 171 5210 1852 5283">
    <p class='ocr_par' dir='ltr' id='par_1_86' title="bbox 171 5210 1852 5283">
     <span class='ocr_line' id='line_1_86' title="bbox 171 5210 1852 5283; baseline 0 -16"><span class='ocrx_word' id='word_1_597' title='bbox 171 5212 368 5280; x_wconf 83' lang='lat' dir='ltr'>jacet,</span> <span class='ocrx_word' id='word_1_598' title='bbox 401 5227 535 5283; x_wconf 69' lang='lat' dir='ltr'>qum</span> <span class='ocrx_word' id='word_1_599' title='bbox 562 5210 673 5266; x_wconf 88' lang='lat' dir='ltr'>hoc</span> <span class='ocrx_word' id='word_1_600' title='bbox 694 5211 800 5265; x_wconf 91' lang='lat' dir='ltr'>sibi</span> <span class='ocrx_word' id='word_1_601' title='bbox 828 5227 932 5283; x_wconf 92' lang='lat' dir='ltr'>per</span> <span class='ocrx_word' id='word_1_602' title='bbox 956 5211 1317 5267; x_wconf 89' lang='lat' dir='ltr'>locutionem</span> <span class='ocrx_word' id='word_1_603' title='bbox 1337 5210 1559 5282; x_wconf 87' lang='lat' dir='ltr'>arripit,</span> <span class='ocrx_word' id='word_1_604' title='bbox 1592 5212 1665 5267; x_wconf 90' lang='lat' dir='ltr'>ad</span> <span class='ocrx_word' id='word_1_605' title='bbox 1689 5211 1852 5283; x_wconf 91' lang='lat' dir='ltr'>quod</span> 
     </span>
    </p>
   </div>
   <div class='ocr_carea' id='block_1_87' title="bbox 258 5378 1852 5452">
    <p class='ocr_par' dir='ltr' id='par_1_87' title="bbox 258 5378 1852 5452">
     <span class='ocr_line' id='line_1_87' title="bbox 258 5378 1852 5452; baseline 0.002 -19"><span class='ocrx_word' id='word_1_606' title='bbox 258 5393 287 5423; x_wconf 67' lang='grc' dir='ltr'><strong><em>ε</em></strong></span> <span class='ocrx_word' id='word_1_607' title='bbox 320 5378 391 5433; x_wconf 91' lang='lat' dir='ltr'><strong>In</strong></span> <span class='ocrx_word' id='word_1_608' title='bbox 422 5382 642 5435; x_wconf 90' lang='lat' dir='ltr'>Gemet.</span> <span class='ocrx_word' id='word_1_609' title='bbox 676 5386 730 5435; x_wconf 91' lang='lat' dir='ltr'>et</span> <span class='ocrx_word' id='word_1_610' title='bbox 762 5380 905 5436; x_wconf 89' lang='lat' dir='ltr'>Utic.</span> <span class='ocrx_word' id='word_1_611' title='bbox 948 5379 1194 5452; x_wconf 88' lang='lat' dir='ltr'>aliisque</span> <span class='ocrx_word' id='word_1_612' title='bbox 1226 5381 1358 5434; x_wconf 85' lang='lat' dir='ltr'>Mss.</span> <span class='ocrx_word' id='word_1_613' title='bbox 1383 5384 1457 5452; x_wconf 87' lang='lat' dir='ltr'>et</span> <span class='ocrx_word' id='word_1_614' title='bbox 1491 5380 1635 5437; x_wconf 82' lang='lat' dir='ltr'>Edit.</span> <span class='ocrx_word' id='word_1_615' title='bbox 1668 5380 1749 5436; x_wconf 89' lang='lat' dir='ltr'>sic</span> <span class='ocrx_word' id='word_1_616' title='bbox 1778 5380 1852 5436; x_wconf 90' lang='lat' dir='ltr'>le-</span> 
     </span>
    </p>
   </div>
   <div class='ocr_carea' id='block_1_88' title="bbox 176 5451 1852 5578">
    <p class='ocr_par' dir='ltr' id='par_1_88' title="bbox 176 5451 1852 5578">
     <span class='ocr_line' id='line_1_88' title="bbox 176 5451 1852 5578; baseline 0.001 -72"><span class='ocrx_word' id='word_1_617' title='bbox 176 5452 420 5522; x_wconf 86' lang='lat' dir='ltr'>gimus,</span> <span class='ocrx_word' id='word_1_618' title='bbox 449 5457 849 5578; x_wconf 61' lang='lat' dir='ltr'>praeterquam</span> <span class='ocrx_word' id='word_1_619' title='bbox 878 5452 934 5507; x_wconf 91' lang='lat' dir='ltr'>in</span> <span class='ocrx_word' id='word_1_620' title='bbox 968 5451 1255 5508; x_wconf 68' lang='lat' dir='ltr'>Guséanv.</span> <span class='ocrx_word' id='word_1_621' title='bbox 1293 5451 1393 5507; x_wconf 89' lang='lat' dir='ltr'>ubi</span> <span class='ocrx_word' id='word_1_622' title='bbox 1420 5467 1713 5509; x_wconf 86' lang='lat' dir='ltr'>sermones</span> <span class='ocrx_word' id='word_1_623' title='bbox 1746 5469 1852 5525; x_wconf 90' lang='lat' dir='ltr'>pro</span> 
     </span>
     <span class='ocr_line' id='line_1_89' title="bbox 176 5522 1852 5578; baseline 0 0"><span class='ocrx_word' id='word_1_624' title='bbox 176 5523 485 5578; x_wconf 83' lang='lat' dir='ltr'>sermonis</span> <span class='ocrx_word' id='word_1_625' title='bbox 510 5539 524 5578; x_wconf 85' lang='lat'><strong>:</strong></span> <span class='ocrx_word' id='word_1_626' title='bbox 555 5524 649 5578; x_wconf 92' lang='lat' dir='ltr'>cui</span> <span class='ocrx_word' id='word_1_627' title='bbox 703 5541 875 5578; x_wconf 89' lang='lat' dir='ltr'>avere</span> <span class='ocrx_word' id='word_1_628' title='bbox 900 5525 1129 5578; x_wconf 88' lang='lat' dir='ltr'>videtur</span> <span class='ocrx_word' id='word_1_629' title='bbox 1158 5530 1280 5578; x_wconf 91' lang='lat' dir='ltr'>tum</span> <span class='ocrx_word' id='word_1_630' title='bbox 1304 5522 1464 5578; x_wconf 90' lang='lat' dir='ltr'>hebr.</span> <span class='ocrx_word' id='word_1_631' title='bbox 1489 5531 1698 5578; x_wconf 86' lang='lat' dir='ltr'>textus.</span> <span class='ocrx_word' id='word_1_632' title='bbox 1729 5532 1852 5578; x_wconf 91' lang='lat' dir='ltr'>tum</span> 
     </span>
    </p>
   </div>
   <div class='ocr_carea' id='block_1_89' title="bbox 172 5522 1853 5592">
    <p class='ocr_par' dir='ltr' id='par_1_89' title="bbox 172 5522 1853 5592">
     <span class='ocr_line' id='line_1_90' title="bbox 172 5522 1853 5592; baseline -0.001 -11"><span class='ocrx_word' id='word_1_633' title='bbox 172 5523 485 5581; x_wconf 79' lang='lat' dir='ltr'>sermonis</span> <span class='ocrx_word' id='word_1_634' title='bbox 510 5539 524 5589; x_wconf 90' lang='lat'><strong>;</strong></span> <span class='ocrx_word' id='word_1_635' title='bbox 555 5524 649 5579; x_wconf 92' lang='lat' dir='ltr'>cui</span> <span class='ocrx_word' id='word_1_636' title='bbox 678 5522 875 5579; x_wconf 89' lang='lat' dir='ltr'>favere</span> <span class='ocrx_word' id='word_1_637' title='bbox 900 5525 1129 5580; x_wconf 88' lang='lat' dir='ltr'>videtur</span> <span class='ocrx_word' id='word_1_638' title='bbox 1158 5530 1280 5580; x_wconf 92' lang='lat' dir='ltr'>tum</span> <span class='ocrx_word' id='word_1_639' title='bbox 1304 5522 1464 5580; x_wconf 90' lang='lat' dir='ltr'>hebr.</span> <span class='ocrx_word' id='word_1_640' title='bbox 1489 5531 1698 5592; x_wconf 89' lang='lat' dir='ltr'>textus,</span> <span class='ocrx_word' id='word_1_641' title='bbox 1729 5522 1853 5580; x_wconf 74' lang='lat' dir='ltr'>tum</span> 
     </span>
    </p>
   </div>
   <div class='ocr_carea' id='block_1_90' title="bbox 172 5593 814 5669">
    <p class='ocr_par' dir='ltr' id='par_1_90' title="bbox 172 5593 814 5669">
     <span class='ocr_line' id='line_1_91' title="bbox 172 5593 814 5669; baseline 0.002 -19"><span class='ocrx_word' id='word_1_642' title='bbox 172 5593 587 5669; x_wconf 66' lang='lat' dir='ltr'>paraphrasis</span> <span class='ocrx_word' id='word_1_643' title='bbox 613 5595 814 5651; x_wconf 89' lang='lat' dir='ltr'>chald.</span> 
     </span>
    </p>
   </div>
   <div class='ocr_carea' id='block_1_91' title="bbox 252 5664 1855 5738">
    <p class='ocr_par' dir='ltr' id='par_1_91' title="bbox 252 5664 1855 5738">
     <span class='ocr_line' id='line_1_92' title="bbox 252 5664 1855 5738; baseline 0.004 -21"><span class='ocrx_word' id='word_1_644' title='bbox 252 5667 287 5708; x_wconf 79' lang='grc' dir='ltr'>ι)</span> <span class='ocrx_word' id='word_1_645' title='bbox 324 5664 413 5722; x_wconf 87' lang='lat' dir='ltr'>Ita</span> <span class='ocrx_word' id='word_1_646' title='bbox 432 5667 571 5723; x_wconf 90' lang='lat' dir='ltr'>Mss.</span> <span class='ocrx_word' id='word_1_647' title='bbox 596 5683 745 5733; x_wconf 89' lang='lat' dir='ltr'>;non</span> <span class='ocrx_word' id='word_1_648' title='bbox 774 5666 1133 5735; x_wconf 71' lang='lat' dir='ltr'>exundat,ut</span> <span class='ocrx_word' id='word_1_649' title='bbox 1158 5668 1448 5738; x_wconf 88' lang='lat' dir='ltr'>legiturin</span> <span class='ocrx_word' id='word_1_650' title='bbox 1477 5666 1623 5723; x_wconf 91' lang='lat' dir='ltr'>Edit.</span> <span class='ocrx_word' id='word_1_651' title='bbox 1658 5670 1855 5723; x_wconf 88' lang='lat' dir='ltr'>Coc.et</span> 
     </span>
    </p>
   </div>
   <div class='ocr_carea' id='block_1_92' title="bbox 1959 3156 3632 3229">
    <p class='ocr_par' dir='ltr' id='par_1_92' title="bbox 1959 3156 3632 3229">
     <span class='ocr_line' id='line_1_93' title="bbox 1959 3156 3632 3229; baseline 0.001 -17"><span class='ocrx_word' id='word_1_652' title='bbox 1959 3158 2093 3223; x_wconf 88' lang='lat' dir='ltr'>frui,</span> <span class='ocrx_word' id='word_1_653' title='bbox 2123 3157 2271 3212; x_wconf 92' lang='lat' dir='ltr'>alios</span> <span class='ocrx_word' id='word_1_654' title='bbox 2310 3157 2666 3213; x_wconf 88' lang='lat' dir='ltr'>adversitate</span> <span class='ocrx_word' id='word_1_655' title='bbox 2693 3156 2952 3227; x_wconf 87' lang='lat' dir='ltr'>fatigari.</span> <span class='ocrx_word' id='word_1_656' title='bbox 2996 3159 3147 3212; x_wconf 89' lang='lat' dir='ltr'>Nam</span> <span class='ocrx_word' id='word_1_657' title='bbox 3179 3158 3326 3213; x_wconf 90' lang='lat' dir='ltr'>dum</span> <span class='ocrx_word' id='word_1_658' title='bbox 3353 3174 3632 3229; x_wconf 88' lang='lat' dir='ltr'>perverse</span> 
     </span>
    </p>
   </div>
   <div class='ocr_carea' id='block_1_93' title="bbox 1959 3246 3634 3319">
    <p class='ocr_par' dir='ltr' id='par_1_93' title="bbox 1959 3246 3634 3319">
     <span class='ocr_line' id='line_1_94' title="bbox 1959 3246 3634 3319; baseline 0.001 -18"><span class='ocrx_word' id='word_1_659' title='bbox 1959 3250 2168 3317; x_wconf 89' lang='lat' dir='ltr'>agunt,</span> <span class='ocrx_word' id='word_1_660' title='bbox 2204 3247 2309 3302; x_wconf 87' lang='lat' dir='ltr'>sed</span> <span class='ocrx_word' id='word_1_661' title='bbox 2344 3251 2543 3301; x_wconf 88' lang='lat' dir='ltr'>tamen</span> <span class='ocrx_word' id='word_1_662' title='bbox 2564 3261 2624 3301; x_wconf 88' lang='lat' dir='ltr'>se</span> <span class='ocrx_word' id='word_1_663' title='bbox 2663 3251 2857 3302; x_wconf 86' lang='lat' dir='ltr'>rectos</span> <span class='ocrx_word' id='word_1_664' title='bbox 2889 3246 3279 3313; x_wconf 88' lang='lat' dir='ltr'>arbitrantur,</span> <span class='ocrx_word' id='word_1_665' title='bbox 3309 3247 3425 3303; x_wconf 91' lang='lat' dir='ltr'>hoc</span> <span class='ocrx_word' id='word_1_666' title='bbox 3465 3247 3634 3319; x_wconf 86' lang='lat' dir='ltr'>quod</span> 
     </span>
    </p>
   </div>
   <div class='ocr_carea' id='block_1_94' title="bbox 1960 3335 3632 3408">
    <p class='ocr_par' dir='ltr' id='par_1_94' title="bbox 1960 3335 3632 3408">
     <span class='ocr_line' id='line_1_95' title="bbox 1960 3335 3632 3408; baseline 0.001 -18"><span class='ocrx_word' id='word_1_667' title='bbox 1960 3336 2070 3391; x_wconf 91' lang='lat' dir='ltr'>sibi</span> <span class='ocrx_word' id='word_1_668' title='bbox 2090 3336 2955 3408; x_wconf 85' lang='lat' dir='ltr'>prosperasuppetunt,deberi</span> <span class='ocrx_word' id='word_1_669' title='bbox 2977 3335 3338 3391; x_wconf 90' lang='lat' dir='ltr'>suismeritis</span> <span class='ocrx_word' id='word_1_670' title='bbox 3352 3337 3632 3403; x_wconf 90' lang='lat' dir='ltr'>credunt;</span> 
     </span>
    </p>
   </div>
   <div class='ocr_carea' id='block_1_95' title="bbox 1960 3424 3634 3498">
    <p class='ocr_par' dir='ltr' id='par_1_95' title="bbox 1960 3424 3634 3498">
     <span class='ocr_line' id='line_1_96' title="bbox 1960 3424 3634 3498; baseline 0 -17"><span class='ocrx_word' id='word_1_671' title='bbox 1960 3441 2151 3497; x_wconf 89' lang='lat' dir='ltr'>eoque</span> <span class='ocrx_word' id='word_1_672' title='bbox 2174 3425 2637 3497; x_wconf 90' lang='lat' dir='ltr'>colliguntquod</span> <span class='ocrx_word' id='word_1_673' title='bbox 2666 3427 2821 3480; x_wconf 90' lang='lat' dir='ltr'>Deus</span> <span class='ocrx_word' id='word_1_674' title='bbox 2857 3424 3078 3496; x_wconf 89' lang='lat' dir='ltr'>injuste</span> <span class='ocrx_word' id='word_1_675' title='bbox 3102 3425 3487 3497; x_wconf 88' lang='lat' dir='ltr'>nonjudicat,</span> <span class='ocrx_word' id='word_1_676' title='bbox 3512 3441 3634 3498; x_wconf 91' lang='lat' dir='ltr'>quo</span> 
     </span>
    </p>
   </div>
   <div class='ocr_carea' id='block_1_96' title="bbox 1959 3514 3636 3587">
    <p class='ocr_par' dir='ltr' id='par_1_96' title="bbox 1959 3514 3636 3587">
     <span class='ocr_line' id='line_1_97' title="bbox 1959 3514 3636 3587; baseline 0.001 -17"><span class='ocrx_word' id='word_1_677' title='bbox 1959 3514 2336 3587; x_wconf 89' lang='lat' dir='ltr'>quasijustos</span> <span class='ocrx_word' id='word_1_678' title='bbox 2356 3531 2416 3569; x_wconf 90' lang='lat' dir='ltr'>se</span> <span class='ocrx_word' id='word_1_679' title='bbox 2435 3514 2769 3569; x_wconf 87' lang='lat' dir='ltr'>adversitas</span> <span class='ocrx_word' id='word_1_680' title='bbox 2800 3514 2965 3570; x_wconf 89' lang='lat' dir='ltr'>nulla</span> <span class='ocrx_word' id='word_1_681' title='bbox 2985 3515 3316 3570; x_wconf 88' lang='lat' dir='ltr'>contristat.</span> <span class='ocrx_word' id='word_1_682' title='bbox 3348 3517 3458 3571; x_wconf 87' lang='lat' dir='ltr'>Sed</span> <span class='ocrx_word' id='word_1_683' title='bbox 3478 3516 3525 3570; x_wconf 88' lang='lat' dir='ltr'>si</span> <span class='ocrx_word' id='word_1_684' title='bbox 3540 3530 3636 3571; x_wconf 90' lang='lat' dir='ltr'>eo-</span> 
     </span>
    </p>
   </div>
   <div class='ocr_carea' id='block_1_97' title="bbox 1961 3602 3633 3675">
    <p class='ocr_par' dir='ltr' id='par_1_97' title="bbox 1961 3602 3633 3675">
     <span class='ocr_line' id='line_1_98' title="bbox 1961 3602 3633 3675; baseline 0.001 -17"><span class='ocrx_word' id='word_1_685' title='bbox 1961 3620 2085 3658; x_wconf 87' lang='lat' dir='ltr'>rum</span> <span class='ocrx_word' id='word_1_686' title='bbox 2104 3603 2287 3658; x_wconf 91' lang='lat' dir='ltr'>vitam</span> <span class='ocrx_word' id='word_1_687' title='bbox 2301 3602 2623 3674; x_wconf 88' lang='lat' dir='ltr'>quamlibet</span> <span class='ocrx_word' id='word_1_688' title='bbox 2637 3603 2892 3657; x_wconf 91' lang='lat' dir='ltr'>breviter</span> <span class='ocrx_word' id='word_1_689' title='bbox 2908 3604 2992 3657; x_wconf 86' lang='lat' dir='ltr'>vis</span> <span class='ocrx_word' id='word_1_690' title='bbox 3016 3620 3294 3675; x_wconf 71' lang='lat' dir='ltr'>supernas</span> <span class='ocrx_word' id='word_1_691' title='bbox 3309 3604 3633 3675; x_wconf 81' lang='lat' dir='ltr'>correptio-</span> 
     </span>
    </p>
   </div>
   <div class='ocr_carea' id='block_1_98' title="bbox 1962 3689 3636 3762">
    <p class='ocr_par' dir='ltr' id='par_1_98' title="bbox 1962 3689 3636 3762">
     <span class='ocr_line' id='line_1_99' title="bbox 1962 3689 3636 3762; baseline 0.001 -15"><span class='ocrx_word' id='word_1_692' title='bbox 1962 3692 2053 3747; x_wconf 90' lang='lat' dir='ltr'>nis</span> <span class='ocrx_word' id='word_1_693' title='bbox 2085 3689 2585 3762; x_wconf 87' lang='lat' dir='ltr'>attigerit,pulsati</span> <span class='ocrx_word' id='word_1_694' title='bbox 2615 3690 2882 3762; x_wconf 88' lang='lat' dir='ltr'>protinus</span> <span class='ocrx_word' id='word_1_695' title='bbox 2913 3692 3243 3748; x_wconf 90' lang='lat' dir='ltr'>consilium</span> <span class='ocrx_word' id='word_1_696' title='bbox 3272 3693 3458 3748; x_wconf 90' lang='lat' dir='ltr'>divini</span> <span class='ocrx_word' id='word_1_697' title='bbox 3495 3708 3636 3749; x_wconf 87' lang='lat' dir='ltr'>exa-</span> 
     </span>
    </p>
   </div>
   <div class='ocr_carea' id='block_1_99' title="bbox 1964 3780 3635 3851">
    <p class='ocr_par' dir='ltr' id='par_1_99' title="bbox 1964 3780 3635 3851">
     <span class='ocr_line' id='line_1_100' title="bbox 1964 3780 3635 3851; baseline 0.001 -16"><span class='ocrx_word' id='word_1_698' title='bbox 1964 3782 2140 3836; x_wconf 91' lang='lat' dir='ltr'>minis</span> <span class='ocrx_word' id='word_1_699' title='bbox 2170 3781 2500 3850; x_wconf 82' lang='lat' dir='ltr'>increpant,</span> <span class='ocrx_word' id='word_1_700' title='bbox 2537 3780 2701 3850; x_wconf 90' lang='lat' dir='ltr'>quod</span> <span class='ocrx_word' id='word_1_701' title='bbox 2725 3781 2906 3851; x_wconf 89' lang='lat' dir='ltr'>paulo</span> <span class='ocrx_word' id='word_1_702' title='bbox 2920 3786 3057 3836; x_wconf 89' lang='lat' dir='ltr'>ante</span> <span class='ocrx_word' id='word_1_703' title='bbox 3080 3781 3414 3837; x_wconf 89' lang='lat' dir='ltr'>incolumes</span> <span class='ocrx_word' id='word_1_704' title='bbox 3446 3782 3635 3837; x_wconf 82' lang='lat' dir='ltr'>admi-</span> 
     </span>
    </p>
   </div>
   <div class='ocr_carea' id='block_1_100' title="bbox 1961 3868 3634 3941">
    <p class='ocr_par' dir='ltr' id='par_1_100' title="bbox 1961 3868 3634 3941">
     <span class='ocr_line' id='line_1_101' title="bbox 1961 3868 3634 3941; baseline 0 -15"><span class='ocrx_word' id='word_1_705' title='bbox 1961 3869 2153 3926; x_wconf 90' lang='lat' dir='ltr'>rando</span> <span class='ocrx_word' id='word_1_706' title='bbox 2174 3868 2588 3941; x_wconf 72' lang='lat' dir='ltr'>prteferebant,</span> <span class='ocrx_word' id='word_1_707' title='bbox 2608 3869 2960 3940; x_wconf 89' lang='lat' dir='ltr'>justumque</span> <span class='ocrx_word' id='word_1_708' title='bbox 2980 3885 3109 3924; x_wconf 89' lang='lat' dir='ltr'>esse</span> <span class='ocrx_word' id='word_1_709' title='bbox 3132 3869 3449 3941; x_wconf 82' lang='lat' dir='ltr'>judicium,</span> <span class='ocrx_word' id='word_1_710' title='bbox 3469 3870 3634 3941; x_wconf 90' lang='lat' dir='ltr'>quod</span> 
     </span>
    </p>
   </div>
   <div class='ocr_carea' id='block_1_101' title="bbox 1962 3957 3634 4029">
    <p class='ocr_par' dir='ltr' id='par_1_101' title="bbox 1962 3957 3634 4029">
     <span class='ocr_line' id='line_1_102' title="bbox 1962 3957 3634 4029; baseline -0.001 -15"><span class='ocrx_word' id='word_1_711' title='bbox 1962 3960 2085 4014; x_wconf 89' lang='lat' dir='ltr'>suis</span> <span class='ocrx_word' id='word_1_712' title='bbox 2098 3957 2362 4015; x_wconf 90' lang='lat' dir='ltr'>moribus</span> <span class='ocrx_word' id='word_1_713' title='bbox 2379 3957 2754 4023; x_wconf 89' lang='lat' dir='ltr'>adversatur,</span> <span class='ocrx_word' id='word_1_714' title='bbox 2774 3963 3014 4029; x_wconf 87' lang='lat' dir='ltr'>negant,</span> <span class='ocrx_word' id='word_1_715' title='bbox 3035 3957 3109 4014; x_wconf 90' lang='lat' dir='ltr'>de</span> <span class='ocrx_word' id='word_1_716' title='bbox 3127 3958 3337 4013; x_wconf 90' lang='lat' dir='ltr'>divina</span> <span class='ocrx_word' id='word_1_717' title='bbox 3360 3959 3634 4029; x_wconf 78' lang='lat' dir='ltr'>aequitate</span> 
     </span>
    </p>
   </div>
   <div class='ocr_carea' id='block_1_102' title="bbox 1963 4047 3635 4120">
    <p class='ocr_par' dir='ltr' id='par_1_102' title="bbox 1963 4047 3635 4120">
     <span class='ocr_line' id='line_1_103' title="bbox 1963 4047 3635 4120; baseline 0 -17"><span class='ocrx_word' id='word_1_718' title='bbox 1963 4049 2289 4120; x_wconf 87' lang='lat' dir='ltr'>disputant,</span> <span class='ocrx_word' id='word_1_719' title='bbox 2324 4048 2401 4104; x_wconf 91' lang='lat' dir='ltr'>ad</span> <span class='ocrx_word' id='word_1_720' title='bbox 2427 4047 2825 4104; x_wconf 87' lang='lat' dir='ltr'>resultationis</span> <span class='ocrx_word' id='word_1_721' title='bbox 2848 4049 3032 4105; x_wconf 90' lang='lat' dir='ltr'>verba</span> <span class='ocrx_word' id='word_1_722' title='bbox 3064 4047 3410 4120; x_wconf 89' lang='lat' dir='ltr'>prosiliunt,</span> <span class='ocrx_word' id='word_1_723' title='bbox 3434 4054 3490 4105; x_wconf 92' lang='lat' dir='ltr'>et</span> <span class='ocrx_word' id='word_1_724' title='bbox 3510 4064 3635 4105; x_wconf 88' lang='lat' dir='ltr'>cor-</span> 
     </span>
    </p>
   </div>
   <div class='ocr_carea' id='block_1_103' title="bbox 1961 4136 3634 4212">
    <p class='ocr_par' dir='ltr' id='par_1_103' title="bbox 1961 4136 3634 4212">
     <span class='ocr_line' id='line_1_104' title="bbox 1961 4136 3634 4212; baseline -0.001 -17"><span class='ocrx_word' id='word_1_725' title='bbox 1961 4140 2114 4212; x_wconf 89' lang='lat' dir='ltr'>repti</span> <span class='ocrx_word' id='word_1_726' title='bbox 2160 4138 2307 4211; x_wconf 90' lang='lat' dir='ltr'>quia</span> <span class='ocrx_word' id='word_1_727' title='bbox 2349 4136 2729 4211; x_wconf 88' lang='lat' dir='ltr'>deliquerint,</span> <span class='ocrx_word' id='word_1_728' title='bbox 2764 4136 3004 4207; x_wconf 89' lang='lat' dir='ltr'>gravius</span> <span class='ocrx_word' id='word_1_729' title='bbox 3056 4138 3435 4210; x_wconf 86' lang='lat' dir='ltr'>delinquunt.</span> <span class='ocrx_word' id='word_1_730' title='bbox 3472 4138 3634 4194; x_wconf 90' lang='lat' dir='ltr'>Unde</span> 
     </span>
    </p>
   </div>
   <div class='ocr_carea' id='block_1_104' title="bbox 1962 4227 3632 4300">
    <p class='ocr_par' dir='ltr' id='par_1_104' title="bbox 1962 4227 3632 4300">
     <span class='ocr_line' id='line_1_105' title="bbox 1962 4227 3632 4300; baseline -0.001 -16"><span class='ocrx_word' id='word_1_731' title='bbox 1962 4228 2114 4285; x_wconf 90' lang='lat' dir='ltr'>bene</span> <span class='ocrx_word' id='word_1_732' title='bbox 2140 4230 2316 4284; x_wconf 90' lang='lat' dir='ltr'>etiam</span> <span class='ocrx_word' id='word_1_733' title='bbox 2345 4244 2449 4300; x_wconf 90' lang='lat' dir='ltr'>per</span> <span class='ocrx_word' id='word_1_734' title='bbox 2477 4227 2857 4283; x_wconf 87' lang='lat' dir='ltr'>Psalmistam</span> <span class='ocrx_word' id='word_1_735' title='bbox 2889 4234 3104 4283; x_wconf 89' lang='lat' dir='ltr'>contra</span> <span class='ocrx_word' id='word_1_736' title='bbox 3136 4228 3460 4299; x_wconf 87' lang='lat' dir='ltr'>peccatoris</span> <span class='ocrx_word' id='word_1_737' title='bbox 3499 4243 3632 4283; x_wconf 87' lang='lat' dir='ltr'>con-</span> 
     </span>
    </p>
   </div>
   <div class='ocr_carea' id='block_1_105' title="bbox 1962 4316 3634 4388">
    <p class='ocr_par' dir='ltr' id='par_1_105' title="bbox 1962 4316 3634 4388">
     <span class='ocr_line' id='line_1_106' title="bbox 1962 4316 3634 4388; baseline 0 -15"><span class='ocrx_word' id='word_1_738' title='bbox 1962 4318 2508 4375; x_wconf 86' lang='lat' dir='ltr'>fessionemdicitur</span> <span class='ocrx_word' id='word_1_739' title='bbox 2527 4338 2540 4373; x_wconf 89' lang='lat'><strong>:</strong></span> <span class='ocrx_word' id='word_1_740' title='bbox 2560 4316 2953 4385; x_wconf 83' lang='lat' dir='ltr'>Conﬁtebitur</span> <span class='ocrx_word' id='word_1_741' title='bbox 2974 4317 3097 4386; x_wconf 87' lang='lat' dir='ltr'>tibi,</span> <span class='ocrx_word' id='word_1_742' title='bbox 3119 4333 3249 4374; x_wconf 89' lang='lat' dir='ltr'>cum</span> <span class='ocrx_word' id='word_1_743' title='bbox 3267 4318 3408 4374; x_wconf 89' lang='lat' dir='ltr'>bene</span> <span class='ocrx_word' id='word_1_744' title='bbox 3416 4318 3634 4388; x_wconf 84' lang='lat' dir='ltr'>feceris</span> 
     </span>
    </p>
   </div>
   <div class='ocr_carea' id='block_1_106' title="bbox 1961 4407 3636 4480">
    <p class='ocr_par' dir='ltr' id='par_1_106' title="bbox 1961 4407 3636 4480">
     <span class='ocr_line' id='line_1_107' title="bbox 1961 4407 3636 4480; baseline -0.001 -16"><span class='ocrx_word' id='word_1_745' title='bbox 1961 4410 2015 4464; x_wconf 92' lang='lat' dir='ltr'>ei</span> <span class='ocrx_word' id='word_1_746' title='bbox 2035 4409 2223 4480; x_wconf 82' lang='lat' dir='ltr'>(Psal.</span> <span class='ocrx_word' id='word_1_747' title='bbox 2260 4424 2447 4471; x_wconf 84' lang='lat' dir='ltr'>vam,</span> <span class='ocrx_word' id='word_1_748' title='bbox 2494 4412 2597 4477; x_wconf 82' lang='lat' dir='ltr'>t9).</span> <span class='ocrx_word' id='word_1_749' title='bbox 2646 4409 2933 4478; x_wconf 89' lang='lat' dir='ltr'>Despecta</span> <span class='ocrx_word' id='word_1_750' title='bbox 2968 4407 3199 4480; x_wconf 90' lang='lat' dir='ltr'>quippe</span> <span class='ocrx_word' id='word_1_751' title='bbox 3239 4423 3356 4463; x_wconf 85' lang='lat' dir='ltr'>vox</span> <span class='ocrx_word' id='word_1_752' title='bbox 3405 4408 3636 4465; x_wconf 85' lang='lat' dir='ltr'>confes-</span> 
     </span>
    </p>
   </div>
   <div class='ocr_carea' id='block_1_107' title="bbox 1963 4495 3637 4568">
    <p class='ocr_par' dir='ltr' id='par_1_107' title="bbox 1963 4495 3637 4568">
     <span class='ocr_line' id='line_1_108' title="bbox 1963 4495 3637 4568; baseline 0 -16"><span class='ocrx_word' id='word_1_753' title='bbox 1963 4496 2144 4552; x_wconf 89' lang='lat' dir='ltr'>sionis</span> <span class='ocrx_word' id='word_1_754' title='bbox 2161 4501 2460 4568; x_wconf 87' lang='lat' dir='ltr'>est,quam</span> <span class='ocrx_word' id='word_1_755' title='bbox 2475 4496 2692 4551; x_wconf 83' lang='lat' dir='ltr'>format</span> <span class='ocrx_word' id='word_1_756' title='bbox 2698 4495 2717 4565; x_wconf 90' lang='lat' dir='ltr'><strong>j</strong></span> <span class='ocrx_word' id='word_1_757' title='bbox 2732 4495 3045 4552; x_wconf 88' lang='lat' dir='ltr'>ucunditas</span> <span class='ocrx_word' id='word_1_758' title='bbox 3061 4496 3637 4568; x_wconf 87' lang='lat' dir='ltr'>prosperitatis.Sola</span> 
     </span>
    </p>
   </div>
   <div class='ocr_carea' id='block_1_108' title="bbox 1964 4585 3630 4660">
    <p class='ocr_par' dir='ltr' id='par_1_108' title="bbox 1964 4585 3630 4660">
     <span class='ocr_line' id='line_1_109' title="bbox 1964 4585 3630 4660; baseline -0.001 -17"><span class='ocrx_word' id='word_1_759' title='bbox 1964 4592 2163 4643; x_wconf 91' lang='lat' dir='ltr'>autem</span> <span class='ocrx_word' id='word_1_760' title='bbox 2205 4586 2498 4642; x_wconf 88' lang='lat' dir='ltr'>confessio</span> <span class='ocrx_word' id='word_1_761' title='bbox 2537 4585 2719 4641; x_wconf 89' lang='lat' dir='ltr'>habet</span> <span class='ocrx_word' id='word_1_762' title='bbox 2760 4586 2965 4656; x_wconf 88' lang='lat' dir='ltr'>magni</span> <span class='ocrx_word' id='word_1_763' title='bbox 3010 4586 3286 4642; x_wconf 88' lang='lat' dir='ltr'>meritum</span> <span class='ocrx_word' id='word_1_764' title='bbox 3328 4587 3630 4660; x_wconf 89' lang='lat' dir='ltr'>ponderis,</span> 
     </span>
    </p>
   </div>
   <div class='ocr_carea' id='block_1_109' title="bbox 1962 4675 3633 4749">
    <p class='ocr_par' dir='ltr' id='par_1_109' title="bbox 1962 4675 3633 4749">
     <span class='ocr_line' id='line_1_110' title="bbox 1962 4675 3633 4749; baseline 0.001 -18"><span class='ocrx_word' id='word_1_765' title='bbox 1962 4687 2245 4749; x_wconf 70' lang='lat' dir='ltr'>quamea</span> <span class='ocrx_word' id='word_1_766' title='bbox 2276 4676 2514 4730; x_wconf 88' lang='lat' dir='ltr'>veritate</span> <span class='ocrx_word' id='word_1_767' title='bbox 2562 4675 2933 4731; x_wconf 90' lang='lat' dir='ltr'>rectitudinis</span> <span class='ocrx_word' id='word_1_768' title='bbox 2976 4692 3359 4749; x_wconf 88' lang='lat' dir='ltr'>nequaquam</span> <span class='ocrx_word' id='word_1_769' title='bbox 3394 4681 3633 4748; x_wconf 88' lang='lat' dir='ltr'>separat</span> 
     </span>
    </p>
   </div>
   <div class='ocr_carea' id='block_1_110' title="bbox 1964 4764 3635 4837">
    <p class='ocr_par' dir='ltr' id='par_1_110' title="bbox 1964 4764 3635 4837">
     <span class='ocr_line' id='line_1_111' title="bbox 1964 4764 3635 4837; baseline 0.001 -18"><span class='ocrx_word' id='word_1_770' title='bbox 1964 4767 2051 4820; x_wconf 87' lang='lat' dir='ltr'>vis</span> <span class='ocrx_word' id='word_1_771' title='bbox 2071 4764 2315 4835; x_wconf 87' lang='lat' dir='ltr'>doloris,</span> <span class='ocrx_word' id='word_1_772' title='bbox 2350 4780 2533 4836; x_wconf 88' lang='lat' dir='ltr'>quam</span> <span class='ocrx_word' id='word_1_773' title='bbox 2565 4780 2752 4837; x_wconf 91' lang='lat' dir='ltr'>usque</span> <span class='ocrx_word' id='word_1_774' title='bbox 2783 4764 2859 4821; x_wconf 92' lang='lat' dir='ltr'>ad</span> <span class='ocrx_word' id='word_1_775' title='bbox 2885 4766 3182 4837; x_wconf 86' lang='lat' dir='ltr'>judicium</span> <span class='ocrx_word' id='word_1_776' title='bbox 3215 4768 3379 4822; x_wconf 87' lang='lat' dir='ltr'>vocis</span> <span class='ocrx_word' id='word_1_777' title='bbox 3397 4766 3635 4821; x_wconf 83' lang='lat' dir='ltr'>exacuit</span> 
     </span>
    </p>
   </div>
   <div class='ocr_carea' id='block_1_111' title="bbox 1962 4853 3631 4925">
    <p class='ocr_par' dir='ltr' id='par_1_111' title="bbox 1962 4853 3631 4925">
     <span class='ocr_line' id='line_1_112' title="bbox 1962 4853 3631 4925; baseline -0.003 -14"><span class='ocrx_word' id='word_1_778' title='bbox 1962 4854 2295 4911; x_wconf 89' lang='lat' dir='ltr'>adversitas</span> <span class='ocrx_word' id='word_1_779' title='bbox 2327 4855 2491 4909; x_wconf 89' lang='lat' dir='ltr'>testis</span> <span class='ocrx_word' id='word_1_780' title='bbox 2506 4855 2723 4910; x_wconf 88' lang='lat' dir='ltr'>cordis.</span> <span class='ocrx_word' id='word_1_781' title='bbox 2749 4857 2875 4910; x_wconf 88' lang='lat' dir='ltr'>Non</span> <span class='ocrx_word' id='word_1_782' title='bbox 2897 4871 3042 4925; x_wconf 88' lang='lat' dir='ltr'>ergo</span> <span class='ocrx_word' id='word_1_783' title='bbox 3077 4857 3303 4910; x_wconf 90' lang='lat' dir='ltr'>mirum</span> <span class='ocrx_word' id='word_1_784' title='bbox 3327 4853 3489 4925; x_wconf 92' lang='lat' dir='ltr'>quod</span> <span class='ocrx_word' id='word_1_785' title='bbox 3507 4853 3631 4908; x_wconf 87' lang='lat' dir='ltr'>Bal—</span> 
     </span>
    </p>
   </div>
   <div class='ocr_carea' id='block_1_112' title="bbox 1962 4940 3627 5017">
    <p class='ocr_par' dir='ltr' id='par_1_112' title="bbox 1962 4940 3627 5017">
     <span class='ocr_line' id='line_1_113' title="bbox 1962 4940 3627 5017; baseline -0.002 -17"><span class='ocrx_word' id='word_1_786' title='bbox 1962 4943 2365 5000; x_wconf 70' lang='lat' dir='ltr'>daidivinam</span> <span class='ocrx_word' id='word_1_787' title='bbox 2392 4943 2687 5015; x_wconf 89' lang='lat' dir='ltr'>justitiam</span> <span class='ocrx_word' id='word_1_788' title='bbox 2712 4944 2937 5009; x_wconf 90' lang='lat' dir='ltr'>laudat,</span> <span class='ocrx_word' id='word_1_789' title='bbox 2962 4945 3063 5017; x_wconf 88' lang='lat' dir='ltr'>qui</span> <span class='ocrx_word' id='word_1_790' title='bbox 3096 4943 3240 4999; x_wconf 90' lang='lat' dir='ltr'>nihil</span> <span class='ocrx_word' id='word_1_791' title='bbox 3273 4941 3511 4999; x_wconf 88' lang='lat' dir='ltr'>adversi</span> <span class='ocrx_word' id='word_1_792' title='bbox 3549 4940 3627 4997; x_wconf 87' lang='lat' dir='ltr'>ab</span> 
     </span>
    </p>
   </div>
   <div class='ocr_carea' id='block_1_113' title="bbox 1962 5033 2699 5103">
    <p class='ocr_par' dir='ltr' id='par_1_113' title="bbox 1962 5033 2699 5103">
     <span class='ocr_line' id='line_1_114' title="bbox 1962 5033 2699 5103; baseline -0.001 -14"><span class='ocrx_word' id='word_1_793' title='bbox 1962 5033 2173 5089; x_wconf 88' lang='lat' dir='ltr'>eadem</span> <span class='ocrx_word' id='word_1_794' title='bbox 2200 5033 2431 5103; x_wconf 89' lang='lat' dir='ltr'>justitia</span> <span class='ocrx_word' id='word_1_795' title='bbox 2472 5033 2699 5089; x_wconf 90' lang='lat' dir='ltr'>tolerat.</span> 
     </span>
    </p>
   </div>
   <div class='ocr_carea' id='block_1_114' title="bbox 2034 5117 3630 5186">
    <p class='ocr_par' dir='ltr' id='par_1_114' title="bbox 2034 5117 3630 5186">
     <span class='ocr_line' id='line_1_115' title="bbox 2034 5117 3630 5186; baseline -0.002 -8"><span class='ocrx_word' id='word_1_796' title='bbox 2034 5127 2120 5179; x_wconf 91' lang='lat'>60.</span> <span class='ocrx_word' id='word_1_797' title='bbox 2132 5123 2554 5179; x_wconf 74' lang='lat' dir='ltr'>ereticorum</span> <span class='ocrx_word' id='word_1_798' title='bbox 2566 5122 2628 5177; x_wconf 89' lang='lat' dir='ltr'>in</span> <span class='ocrx_word' id='word_1_799' title='bbox 2644 5122 2967 5177; x_wconf 79' lang='lat' dir='ltr'>Ecclesium</span> <span class='ocrx_word' id='word_1_800' title='bbox 2984 5119 3246 5176; x_wconf 84' lang='lat' dir='ltr'>adversis</span> <span class='ocrx_word' id='word_1_801' title='bbox 3264 5133 3527 5186; x_wconf 81' lang='lat' dir='ltr'>pressam</span> <span class='ocrx_word' id='word_1_802' title='bbox 3540 5117 3630 5175; x_wconf 84' lang='lat' dir='ltr'>in-</span> 
     </span>
    </p>
   </div>
   <div class='ocr_carea' id='block_1_115' title="bbox 1961 5207 3627 5283">
    <p class='ocr_par' dir='ltr' id='par_1_115' title="bbox 1961 5207 3627 5283">
     <span class='ocr_line' id='line_1_116' title="bbox 1961 5207 3627 5283; baseline -0.004 -14"><span class='ocrx_word' id='word_1_803' title='bbox 1961 5214 2154 5269; x_wconf 89' lang='lat' dir='ltr'>sania.</span> <span class='ocrx_word' id='word_1_804' title='bbox 2186 5244 2254 5252; x_wconf 86' lang='lat'>-—</span> <span class='ocrx_word' id='word_1_805' title='bbox 2286 5212 2399 5269; x_wconf 89' lang='lat' dir='ltr'>Sed</span> <span class='ocrx_word' id='word_1_806' title='bbox 2426 5211 2565 5283; x_wconf 86' lang='lat' dir='ltr'>quia</span> <span class='ocrx_word' id='word_1_807' title='bbox 2600 5212 2826 5266; x_wconf 89' lang='lat' dir='ltr'>amicos</span> <span class='ocrx_word' id='word_1_808' title='bbox 2868 5208 3025 5264; x_wconf 87' lang='lat' dir='ltr'>beati</span> <span class='ocrx_word' id='word_1_809' title='bbox 3059 5208 3170 5263; x_wconf 91' lang='lat' dir='ltr'>Job</span> <span class='ocrx_word' id='word_1_810' title='bbox 3209 5207 3627 5264; x_wconf 70' lang='lat' dir='ltr'>hmreticorum</span> 
     </span>
    </p>
   </div>
   <div class='ocr_carea' id='block_1_116' title="bbox 1964 5377 3235 5452">
    <p class='ocr_par' dir='ltr' id='par_1_116' title="bbox 1964 5377 3235 5452">
     <span class='ocr_line' id='line_1_117' title="bbox 1964 5377 3235 5452; baseline -0.003 -15"><span class='ocrx_word' id='word_1_811' title='bbox 1964 5382 2040 5437; x_wconf 90' lang='lat' dir='ltr'>al.</span> <span class='ocrx_word' id='word_1_812' title='bbox 2072 5385 2271 5452; x_wconf 89' lang='lat' dir='ltr'>poster</span> <span class='ocrx_word' id='word_1_813' title='bbox 2300 5421 2334 5443; x_wconf 87' lang='lat'>.,</span> <span class='ocrx_word' id='word_1_814' title='bbox 2371 5395 2499 5450; x_wconf 66' lang='lat' dir='ltr'>quae</span> <span class='ocrx_word' id='word_1_815' title='bbox 2530 5378 2701 5433; x_wconf 91' lang='lat' dir='ltr'>lectio</span> <span class='ocrx_word' id='word_1_816' title='bbox 2736 5392 2976 5452; x_wconf 72' lang='lat' dir='ltr'>sensum</span> <span class='ocrx_word' id='word_1_817' title='bbox 3001 5377 3235 5452; x_wconf 75' lang='lat' dir='ltr'>evertit.</span> 
     </span>
    </p>
   </div>
   <div class='ocr_carea' id='block_1_117' title="bbox 2034 5447 3615 5522">
    <p class='ocr_par' dir='ltr' id='par_1_117' title="bbox 2034 5447 3615 5522">
     <span class='ocr_line' id='line_1_118' title="bbox 2034 5447 3615 5522; baseline 0 -15"><span class='ocrx_word' id='word_1_818' title='bbox 2034 5447 2170 5507; x_wconf 62' lang='lat' dir='ltr'>c&#39;lta</span> <span class='ocrx_word' id='word_1_819' title='bbox 2201 5447 2443 5522; x_wconf 83' lang='lat' dir='ltr'>quoque</span> <span class='ocrx_word' id='word_1_820' title='bbox 2466 5465 2676 5522; x_wconf 74' lang='lat' dir='ltr'>omnes</span> <span class='ocrx_word' id='word_1_821' title='bbox 2708 5448 2909 5522; x_wconf 78' lang='lat' dir='ltr'>Mss.ln</span> <span class='ocrx_word' id='word_1_822' title='bbox 2940 5447 3277 5521; x_wconf 85' lang='lat' dir='ltr'>Edit.,quod</span> <span class='ocrx_word' id='word_1_823' title='bbox 3301 5466 3461 5507; x_wconf 84' lang='lat' dir='ltr'>nunc</span> <span class='ocrx_word' id='word_1_824' title='bbox 3482 5451 3615 5507; x_wconf 81' lang='lat' dir='ltr'>Bal-</span> 
     </span>
    </p>
   </div>
   <div class='ocr_carea' id='block_1_118' title="bbox 1962 5520 3050 5590">
    <p class='ocr_par' dir='ltr' id='par_1_118' title="bbox 1962 5520 3050 5590">
     <span class='ocr_line' id='line_1_119' title="bbox 1962 5520 3050 5590; baseline -0.003 -12"><span class='ocrx_word' id='word_1_825' title='bbox 1962 5524 2085 5578; x_wconf 88' lang='lat' dir='ltr'>dad</span> <span class='ocrx_word' id='word_1_826' title='bbox 2125 5520 2289 5577; x_wconf 84' lang='lat' dir='ltr'>beato</span> <span class='ocrx_word' id='word_1_827' title='bbox 2319 5520 2430 5576; x_wconf 83' lang='lat' dir='ltr'>Job</span> <span class='ocrx_word' id='word_1_828' title='bbox 2470 5520 2695 5576; x_wconf 76' lang='lat' dir='ltr'>crimen</span> <span class='ocrx_word' id='word_1_829' title='bbox 2733 5520 3050 5590; x_wconf 84' lang='lat' dir='ltr'>intorquet.</span> 
     </span>
    </p>
   </div>
   <div class='ocr_carea' id='block_1_119' title="bbox 2035 5591 3235 5657">
    <p class='ocr_par' dir='ltr' id='par_1_119' title="bbox 2035 5591 3235 5657">
     <span class='ocr_line' id='line_1_120' title="bbox 2035 5591 3235 5657; baseline -0.003 -8"><span class='ocrx_word' id='word_1_830' title='bbox 2035 5593 2063 5636; x_wconf 86' lang='lat' dir='ltr'>d</span> <span class='ocrx_word' id='word_1_831' title='bbox 2089 5597 2239 5649; x_wconf 85' lang='lat' dir='ltr'>Pene</span> <span class='ocrx_word' id='word_1_832' title='bbox 2270 5608 2501 5657; x_wconf 88' lang='lat' dir='ltr'>omnes,</span> <span class='ocrx_word' id='word_1_833' title='bbox 2528 5592 2814 5648; x_wconf 85' lang='lat' dir='ltr'>sermonis</span> <span class='ocrx_word' id='word_1_834' title='bbox 2844 5591 2964 5648; x_wconf 87' lang='lat' dir='ltr'>oris</span> <span class='ocrx_word' id='word_1_835' title='bbox 3004 5592 3235 5650; x_wconf 86' lang='lat' dir='ltr'>tribuit.</span> 
     </span>
    </p>
   </div>
   <div class='ocr_carea' id='block_1_120' title="bbox 2034 5662 3031 5731">
    <p class='ocr_par' dir='ltr' id='par_1_120' title="bbox 2034 5662 3031 5731">
     <span class='ocr_line' id='line_1_121' title="bbox 2034 5662 3031 5731; baseline -0.002 -11"><span class='ocrx_word' id='word_1_836' title='bbox 2034 5674 2057 5703; x_wconf 81' lang='grc' dir='ltr'><strong>ο</strong></span> <span class='ocrx_word' id='word_1_837' title='bbox 2088 5663 2261 5731; x_wconf 89' lang='lat' dir='ltr'>Editi,</span> <span class='ocrx_word' id='word_1_838' title='bbox 2298 5678 2335 5721; x_wconf 92' lang='lat' dir='ltr'>a</span> <span class='ocrx_word' id='word_1_839' title='bbox 2358 5662 2627 5722; x_wconf 81' lang='lat' dir='ltr'>veritatis</span> <span class='ocrx_word' id='word_1_840' title='bbox 2658 5662 3031 5721; x_wconf 87' lang='lat' dir='ltr'>rectitudine.</span> 
     </span>
    </p>
   </div>
  </div>
