4108 6184
582 240 688 295 839

578 370 777 420 tenere
806 361 1065 434 speciem
1095 360 1382 426 diximus,
1411 359 1554 415 libet
1584 362 1646 414 ut
1676 359 1884 431 paucis
1925 358 2237 431 quomodo
2279 361 2319 414 A

580 453 798 509 Baldad
818 450 996 507 verba
1008 451 1403 507 hmreticorum
1425 447 1892 521 subreptionibus
1910 453 2243 516 congruant

580 543 1087 599 demonstremus.
1122 542 1183 595 Hi
1202 539 1421 611 quippe
1452 538 1597 593 dum
1625 541 1893 593 sanctam
1917 536 2235 593 Ecclesiam

582 632 893 708 temporali
922 628 1133 701 corripi
1160 625 1682 684 animadversione
1721 628 2098 697 conspiciunt
2123 638 2148 667 ιι
2174 626 2235 681 in

582 718 1229 794 semetipsis,audacius
1260 717 1318 771 in
1345 715 2005 788 jactantiamperversw
2025 714 2235 787 praedi-

580 814 829 871 cationis
867 810 1294 873 intumescunt;
1328 812 1383 861 et
1412 806 1654 877 superni
1684 804 1975 859 examinis
2005 807 2237 860 rectitu-

582 904 782 958 dinem
819 893 1619 970 praetendentes,prosperari
1652 909 1715 948 se
1732 910 1803 949 ex
1832 893 2055 949 meritis
2072 909 2233 949 asse-

579 997 735 1055 runt,
765 990 925 1045 illam
959 1002 1098 1042 vero
1138 984 1321 1053 afﬂigi
1348 983 1544 1053 dignis
1576 983 2063 1039 retributionibus
2094 989 2234 1039 atte-

578 1085 829 1143 stantur,
854 1075 1117 1133 etverbis
1138 1074 1576 1129 blandientibus
1592 1072 1984 1144 subreptionis
2007 1072 2231 1127 aditum

580 1172 849 1242 protinus
874 1169 1015 1222 inter
1045 1166 1283 1220 dolores
1325 1168 1622 1235 quaerunt,
1662 1168 1841 1234 atque
1870 1162 2123 1218 aliorum
2152 1161 2231 1216 vi-

580 1265 722 1324 tam,
760 1259 786 1299 ι)
809 1254 1177 1328 exprobratis
1203 1252 1461 1308 aliorum
1488 1252 1802 1318 mortibus,
1839 1251 2073 1315 feriunt,
2099 1268 2169 1307 ac
2185 1251 2234 1306 si

578 1348 970 1419 illijamjuste
988 1344 1252 1400 defuncti
1285 1342 1519 1413 sintqui
1550 1342 1622 1396 de
1653 1344 1769 1397 Deo
1794 1342 2033 1397 credere
2054 1340 2235 1411 digna

580 1434 1093 1492 noluerunt.Unde
1114 1432 1336 1488 Baldad
1358 1430 1609 1496 Suhites,
1625 1436 1951 1503 postquam
1966 1430 2231 1486 divinam

573 1525 865 1596 justitiam
889 1523 1146 1596 protulit,
1174 1521 1330 1577 illico
1362 1519 1454 1591 adj
1468 1520 1632 1589 ungit
1658 1538 1671 1572 :

1153 1666 1379 1721 CAPUT
1407 1662 1664 1718 XXXVII.

651 1812 815 1867 Veas.
841 1814 890 1874 4,
911 1810 964 1870 5,
985 1815 1035 1865 6.
1059 1839 1121 1849 -—
1148 1808 1403 1863 Etiamsi
1422 1804 1536 1874 ﬁlii
1559 1806 1646 1859 tui
1663 1810 2060 1870 peccaverunt
2082 1806 2153 1869 ei,
2177 1811 2233 1862 et

577 1902 904 1957 dimisitcos
926 1900 988 1954 in
1002 1914 1183 1955 manu
1198 1896 1532 1966 iniquitatis
1550 1910 1689 1955 suae.
1712 1903 1774 1949 tu
1798 1902 1993 1951 tamen
2010 1894 2058 1949 si
2082 1895 2235 1950 dilu-

579 1993 711 2047 culo
731 1989 1064 2045 surrexeris
1082 1988 1161 2042 ad
1184 1988 1445 2053 Deum,et
1463 1986 1920 2055 Omnipotentem
1934 1986 2128 2055 fueris
2140 1984 2231 2041 de-

575 2078 927 2151 precatus,si
940 2076 1197 2132 mundus
1210 2082 1263 2132 et
1288 2083 1481 2132 rectus
1494 2075 1819 2139 incesseris,
1835 2075 2035 2130 statim
2058 2073 2234 2143 evigi-

581 2170 726 2225 labit
753 2169 834 2224 ad
865 2176 933 2234 te,
958 2174 1009 2222 et
1030 2172 1313 2234 pacatum
1336 2165 1533 2221 reddet
1549 2164 1957 2220 habitaculum
1967 2164 2227 2232 justitiw.

649 2258 738 2311 61.
758 2257 1119 2325 Papularum
1147 2254 1220 2309 ab
1243 2255 1509 2310 Ecclesia
1530 2253 1924 2309 discissionem
1945 2259 2232 2323 tanquam

579 2347 800 2404 erroris
830 2352 1241 2417 argumentum
1268 2345 1889 2413 exprobrarant—Ac
1922 2342 1970 2397 si
2001 2341 2233 2398 afﬂictis

578 2436 885 2497 catholicis
908 2450 1176 2490 errorum
1191 2433 1610 2506 praedicatores
1632 2433 2002 2488 dicantzVitaa
2023 2438 2231 2488 vestras

581 2525 909 2599 providete,
942 2529 996 2578 et
1022 2538 1206 2593 quam
1240 2538 1517 2594 perversa
1550 2522 1725 2592 272
1761 2522 2121 2588 teneatis,ex
2143 2537 2235 2577 eo-

575 2631 711 2673 rum
752 2614 851 2686 qui
895 2612 1046 2668 inter
1077 2628 1182 2667 vos
1232 2611 1493 2668 defuncti
1523 2618 1662 2666 sunt
1689 2611 2078 2667 damnatione
2129 2627 2231 2666 co-

576 2704 860 2776 gnoscite,
879 2702 1018 2774 quia
1040 2701 1333 2757 conditori
1350 2701 1617 2757 omnium
1640 2700 1754 2755 nisi
1771 2699 2020 2772 perfidia
2040 2704 2234 2756 vestra

574 2794 932 2866 displiceret,
966 2808 1357 2864 nequaquam
1374 2808 1409 2847 a
1437 2790 1601 2847 vobis
1625 2796 1744 2846 tam
1761 2806 2114 2846 numerosos
2126 2806 2235 2861 po—

573 2884 745 2955 pulos
762 2882 995 2937 interitu
1014 2880 1291 2936 saeviente
1304 2879 1697 2935 subtraheret.
1718 2881 1807 2934 Ait
1824 2881 1981 2934 enim
2003 2896 2015 2934 :
2034 2880 2232 2936 Etiam

573 2972 625 3028 si
641 2973 757 3040 ﬁlii
787 2972 876 3027 tui
888 2976 1283 3039 peccaverunt
1315 2969 1384 3033 ei,
1410 2976 1466 3024 et
1484 2968 1701 3023 dimisit
1722 2984 1815 3025 eos
1832 2968 1894 3024 in
1913 2983 2095 3025 manu
2124 2969 2235 3024 ini-

1837 232 2087 289 SANCTI
2127 231 2480 289 GREGORII
2520 232 2747 291 MAGNI
3836 249 3923 304 840

2907 361 3133 416 CAPUT
3178 361 3448 417 XXXVIII.

2428 449 2586 502 Vens.
2609 454 2660 502 7.
2678 479 2733 489 -
2751 450 2815 502 In
2839 455 3158 514 tantum,ut
3173 450 3922 527 siprioratuafuezintparva,

2348 545 2402 594 el
2435 538 2752 594 novissima
2779 542 2878 594 tua
2906 539 3382 608 multiplicemur
3409 542 3595 599 nimis.

2418 627 2665 693 62.0uid
2682 629 2803 683 suis
2828 629 3171 699 sequacibus
3200 631 3623 700 promittant.—
3654 633 3702 690 Si
3725 651 3838 691 vero
3851 636 3927 692 lia-

2346 717 2672 773 bitaculum
2697 717 3289 787 justitiaa,consilium
3311 722 3516 776 mentis
3540 728 3713 793 vocat,
3744 723 3927 779 afﬂictis

2345 806 2649 862 catholicis
2675 823 2945 863 errorum
2978 808 3247 877 magistri
3281 816 3550 881 pacatum
3583 812 3927 869 habitaculum

2339 895 2577 966 justitiae
2606 897 2978 967 promittunt,
3015 898 3161 970 quia
3181 898 3227 953 si
3255 915 3355 955 eos
3376 899 3453 954 ad
3485 918 3589 956 sua
3620 903 3925 973 pertrahunt,

2344 985 2607 1056 profecto
2630 1002 2665 1041 a
2692 987 3067 1042 contentione
3093 989 3513 1045 conticescunt.
3533 990 3770 1063 Namque
3792 990 3929 1063 hiqui

2346 1075 2495 1129 trahi
2522 1075 2600 1130 ad
2629 1091 2909 1147 perversa
2926 1082 3262 1148 potuerunt,
3289 1084 3448 1135 tanto
3470 1080 3591 1151 jam
3621 1080 3928 1152 tranquillius

2346 1164 2655 1236 temporali
2673 1181 2815 1235 pace
2830 1166 3012 1237 quieti
3027 1170 3421 1240 sunt,quanto
3438 1169 3662 1241 longius
3677 1168 3745 1225 ab
3756 1174 3929 1225 aeterna

2345 1259 2717 1325 separantur.
2744 1256 2898 1326 Opes
2926 1271 3167 1328 quoque
3194 1257 3592 1328 intelligentia:
3610 1274 3665 1313 se
3690 1260 3927 1331 sequenti-

2345 1342 2460 1397 bus
2488 1358 2750 1398 crescere
2777 1343 3924 1414 spondent.Undeetsubditurzlntantum,

2344 1437 2407 1487 ut
2425 1447 2470 1486 ετ
2489 1432 2799 1502 prioratua
2813 1434 3065 1501 fuerunt
3075 1440 3351 1503 parva,et
3365 1436 3673 1492 novissima
3689 1443 3775 1491 tua
3788 1436 3925 1491 mutti-

2342 1521 2648 1590 plicenlur
2674 1521 2867 1577 nimis.
2904 1522 3017 1578 Sed
3042 1523 3188 1594 quia
3213 1540 3422 1580 eorum
3450 1526 3638 1581 verbis
3664 1541 3768 1581 non
3796 1525 3921 1580 facile

2344 1610 2915 1682 creditur,quoniam
2940 1628 3092 1683 saepe
3126 1612 3243 1668 vita
3268 1614 3715 1686 contemptibilis
3736 1614 3926 1669 demon-

2268 1713 2313 1769 Β
2345 1703 2585 1763 stratur,
2616 1700 3000 1771 antiquorum
3038 1705 3279 1771 patrum
3310 1703 3629 1759 sententias
3664 1702 3925 1774 proferunt,

2343 1803 2672 1860 earumque
2729 1787 3145 1844 rectitudinem
3178 1790 3237 1844 in
3278 1798 3690 1860 argumentum
3718 1791 3795 1847 sui
3813 1806 3927 1847 erro

2344 1877 2425 1933 ris
2456 1876 2785 1932 inﬂectunt.
2824 1878 2989 1933 Unde
3014 1884 3068 1933 et
3111 1878 3393 1936 subditur
3422 1897 3434 1936 :

2725 1974 2957 2031 CAPUT
2984 1978 3181 2032 χχχιχ
3217 1978 3374 2051 [Rec.
3401 1978 3639 2052 XXIII].

2416 2075 2961 2145 Vens.8.lnterroga
2978 2078 3132 2132 enim
3158 2078 3594 2147 generationem
3606 2078 3924 2146 pristinam!

2342 2162 2657 2232 diligenter
2681 2164 2973 2234 investiga
3007 2172 3246 2234 patrum
3277 2183 3643 2223 memoriam.

2414 2254 2900 2324 63.Antiquorum
2913 2265 3159 2323 patrum
3188 2259 3548 2313 auctoritate
3568 2256 3921 2312 abutuntur.—

2342 2341 2795 2398 Generationem
2817 2343 3147 2414 pristinam,
3175 2360 3243 2400 ac
3266 2352 3507 2417 patrum
3530 2344 3841 2402 memoriam
3855 2358 3923 2397 ne-

2340 2447 2647 2504 quaquam
2688 2432 2895 2495 videri,
2949 2433 3048 2488 sed
3080 2432 3418 2507 investigari
3462 2435 3796 2492 admonent:
3821 2431 3923 2503 quia

2340 2521 2527 2576 hocin
2542 2537 2613 2577 ea
2645 2520 2854 2576 nolunt
2878 2522 3163 2592 conspici,
3191 2523 3360 2596 quod
3384 2524 3608 2597 liquido
3633 2521 3829 2579 cunctis
3849 2534 3925 2592 pa-

2342 2614 2442 2664 tet.
2474 2612 2913 2679 Nonnunquam
2947 2627 3102 2680 vero,
3156 2627 3322 2667 more
3354 2613 3665 2679 bonorum,
3708 2610 3921 2683 quaedam

2341 2699 2640 2755 moraliter
2665 2699 2900 2765 docent,
2935 2700 3334 2772 etqualiterex
3352 2703 3651 2774 praeteritis
3676 2696 3926 2773 praesentia

2340 2788 2696 2859 colligantur
2711 2788 3036 2854 insinuant,
3058 2796 3235 2862 atque
3249 2806 3319 2846 ex
3336 2792 3428 2847 his
3445 2792 3702 2864 quzejam
3717 2807 3749 2845 a
3762 2785 3926 2844 nostris

2339 2877 2526 2934 oculis
2542 2878 3015 2948 pertranseundo
3031 2878 3338 2935 subtracta
3357 2887 3493 2936 sunt
3506 2895 3681 2952 quam
3700 2876 3836 2933 nulla
3847 2875 3927 2928 sint

2340 2984 2475 3039 quae
2493 2967 2770 3023 videntur
2788 2967 2861 3022 de
2872 2970 3397 3025 monstrant.Unde
3410 2976 3466 3025 et
3486 2970 3669 3025 adhuc
3684 2966 3924 3022 subditur:

575 3061 972 3133 quilatissuae.
994 3059 1387 3129 Quasiaperte
1404 3058 1608 3113 dicens
1635 3072 1647 3112 :
1676 3056 2078 3129 lniniquitatis
2106 3074 2230 3114 sua».
2270 3075 2309 3130 ς
2414 3058 2575 3111 Vens.
2601 3061 2653 3111 9.
2682 3088 2746 3096 —
2767 3057 3043 3112 Hesterni
3083 3058 3301 3128 quippe
3326 3075 3543 3123 sumus,
3572 3064 3623 3115 et
3652 3060 3927 3127 ignoramus

573 3166 759 3205 manu
790 3150 1015 3204 dimissi
1049 3152 1205 3211 sunt,
1248 3146 1351 3218 qui
1382 3146 1559 3201 vitam
1590 3152 1804 3201 nostrae
1862 3147 2228 3203 rectitudinis

570 3237 789 3293 imitari
810 3238 1123 3293 noluerint.
1144 3238 1227 3290 Tu
1246 3242 1441 3290 tamen
1459 3234 1509 3289 si
1523 3235 1787 3289 diluculo
1808 3237 2231 3293 surrexerisad

571 3326 777 3391 Deum,
820 3332 871 3381 et
912 3323 1377 3391 Omnipotentem
1414 3321 1603 3391 fueris
1633 3322 2007 3392 deprecatus.
2048 3323 2136 3397 [V
2174 3332 2228 3382 et

570 3414 779 3470 XXVI.
800 3413 976 3487 ]Quia
990 3413 1147 3468 enim
1164 3429 1227 3467 se
1258 3411 1514 3467 haeretici
1537 3417 1733 3466 tenere
1756 3410 1950 3468 lucem
1972 3414 2229 3471 veritatis

570 3506 890 3567 aestimant,
921 3509 1189 3558 sanctam
1211 3501 1532 3557 Ecclesiam
1552 3501 1724 3573 quasi
1740 3501 1796 3555 in
1818 3503 2030 3557 erroris
2058 3508 2227 3561 nocte

568 3594 849 3666 positam,
870 3593 946 3648 ad
968 3591 1299 3647 diluculum
1319 3590 1574 3646 veritatis
1590 3596 1823 3657 vocant,
1851 3598 2150 3664 quatenus
2172 3600 2228 3650 et

567 3700 673 3757 per
687 3682 1087 3752 cognitionem
1112 3682 1229 3747 Dei,
1253 3680 1427 3753 quasi
1447 3696 1549 3750 per
1580 3679 1910 3735 diluculum
1940 3689 2227 3752 surgat,et

566 3789 674 3845 per
701 3788 937 3844 precem
960 3771 1315 3843 paenitentia:
1345 3770 1634 3841 praeterita
1659 3768 1865 3825 diluat.
1898 3771 1968 3825 Si
1980 3772 2224 3829 mundus

566 3870 617 3920 et
648 3868 829 3919 rectus
862 3859 1432 3917 incesseris.Mundus
1457 3858 1728 3913 videlicet
1758 3858 1817 3914 in
1839 3862 2219 3930 cogitatione,

564 3957 760 4009 rectus
791 3952 849 4007 in
866 3967 1063 4024 opere.
1098 3950 1296 4005 Statim
1326 3949 1604 4021 evigilabit
1624 3948 1695 4002 ad
1725 3956 1798 4004 te.
1831 3955 1911 4005 Ac
1940 3952 1987 4006 si
2019 3958 2220 4022 aperte

564 4043 750 4100 dicat:
783 4043 932 4108 Quia
957 4041 1006 4095 is
1038 4040 1144 4112 q-ii
1175 4055 1333 4095 nunc
1378 4038 1856 4093 tribulationibus
1886 4038 2003 4094 tuis
2046 4040 2221 4097 virtu-

563 4136 684 4190 tem
710 4148 833 4187 suae
852 4129 1227 4202 protectionis
1257 4143 1378 4183 non
1410 4127 1610 4191 exerit,
1629 4141 1652 4170 ο
1677 4127 1849 4198 quasi
1882 4129 1959 4183 ab
1993 4129 2090 4201 adj
2103 4134 2224 4186 uto-

561 4222 650 4277 rio
672 4220 922 4276 errantis
939 4219 1175 4276 dormit.
1204 4219 1276 4273 Et
1288 4222 1570 4286 pacatum
1593 4216 1792 4273 reddet
1816 4216 2222 4277 habitaculum

557 4311 819 4378 justitiae
851 4318 988 4365 tuae.
1032 4309 1091 4363 Id
1129 4312 1237 4375 est,
1274 4307 1580 4378 praesentis
1616 4306 1745 4361 vita:
1775 4307 2223 4365 contrarietates

2341 3145 2617 3216 quoniam
2630 3147 2779 3202 sicut
2796 3146 3022 3202 umbrae
3046 3147 3167 3202 dies
3188 3148 3381 3203 nostri
3399 3155 3531 3204 sunt
3547 3162 3713 3217 super
3737 3152 3925 3201 terram-

2413 3238 2500 3289 64.
2519 3235 2661 3302 Quae
2662 3237 2790 3304 jam
2817 3242 3119 3292 transacta
3140 3242 3281 3292 sunt
3305 3254 3412 3293 nos
3431 3239 3629 3294 docent
3651 3250 3805 3307 quam
3823 3230 3924 3286 cete-

2340 3326 2486 3380 riter
2505 3333 2722 3381 caetera
2745 3326 2863 3380 sint
2880 3326 3230 3382 transitura.
3252 3358 3315 3367 --
3333 3328 3637 3383 Generatio
3660 3327 3826 3395 itaque
3843 3318 3926 3391 pri—

2340 3415 2497 3468 stina
2536 3415 2960 3483 interroganda
2992 3415 3363 3487 proponitur,
3401 3422 3463 3473 ut
3491 3416 3719 3472 transire
3749 3418 3925 3479 tempus

2339 3503 2471 3558 vitae
2500 3503 2803 3573 praesentis
2836 3504 3215 3560 sicutumbra
3243 3503 3757 3576 monstretur;quia
3772 3494 3924 3553 videli-

2337 3598 2429 3647 cet
2458 3592 2504 3647 si
2536 3608 2609 3647 ea
2630 3608 2765 3663 quas
2797 3599 2986 3659 erant,
3016 3596 3073 3647 et
3097 3593 3225 3663 jam
3255 3598 3559 3650 transacta
3582 3597 3722 3657 sunt,
3745 3588 3810 3645 ad
3835 3599 3921 3639 me-

2339 3680 2593 3736 moriam
2612 3680 2973 3747 reducimus,
2995 3688 3264 3753 patenter
3291 3684 3676 3753 agnoscimus
3695 3690 3847 3752 quam
3861 3686 3921 3727 ce-

2336 3768 2529 3824 leriter
2552 3769 2919 3841 hocquoque
2935 3769 3120 3838 fugiat
3138 3772 3306 3842 quod
3350 3777 3637 3828 tenemus.
3667 3771 3809 3838 Saepe
3825 3774 3921 3815 vero

2336 3857 2595 3913 haeretici
2613 3858 2860 3914 eosdem
2885 3859 3058 3931 273
3087 3860 3400 3917 nobiscum
3422 3862 3921 3934 patres,quosvene-

2334 3962 2544 4002 ramur
2569 3947 2836 4013 laudant,
2870 3949 2971 4004 sed
3005 3948 3303 4005 intellectu
3339 3951 3674 4023 depravato,
3705 3944 3825 4017 ipsis
3846 3952 3923 3994 nos

2337 4036 2842 4092 eorumlaudibus
2868 4037 3421 4110 impugnant.Unde
3444 4038 3694 4095 etadbuc
3707 4029 3921 4088 subditur

2974 4138 3197 4192 CAPUT
3236 4138 3357 4193 XL.

2406 4233 2575 4287 Vens.
2614 4233 2771 4287 10.-
2803 4232 2925 4301 Ipsi
2938 4234 3228 4290 docebunt
3262 4242 3320 4292 te
3341 4248 3363 4305 ,'
3390 4236 3419 4279 (ι
3450 4236 3743 4307 loquentur
3766 4224 3866 4287 tibi,
3886 4225 3920 4275 ει

2335 4321 2406 4376 de
2432 4320 2609 4376 corde
2632 4336 2737 4375 suo
2766 4322 3075 4391 proferent
3100 4324 3356 4395 eloquia.

564 4402 824 4487 amovet,
848 4396 1357 4487 ettranquillitatis
1385 4396 1653 4468 protinus
1680 4397 2055 4487 securitatem
2078 4414 2223 4487 praa-
2254 4434 2298 4487 Β
2406 4413 2492 4464 65.
2515 4409 2701 4465 Pravi
2722 4409 2873 4466 bona
2892 4412 3196 4469 interdum
3210 4413 3551 4482 proferunt,
3572 4410 3668 4466 sed
3682 4422 3778 4463 non
3799 4402 3917 4457 bene.

563 4483 683 4541 bet.
703 4485 852 4549 Quia
868 4487 1026 4540 enim
1058 4486 1317 4556 perversi
1338 4487 1561 4557 quique
1587 4485 1910 4555 temporale
1932 4486 2221 4556 gaudium

564 4572 866 4642 singulare
892 4574 1185 4628 mstimant
1205 4573 1425 4628 divinae
1444 4574 1939 4629 remunerationis
1971 4575 2222 4646 bonum,

562 4678 693 4735 quae
721 4661 831 4733 ipsi
863 4663 1036 4717 anxie
1065 4662 1489 4727 ambiunt,heec
1521 4662 1654 4717 aliis
1678 4678 1786 4734 pro
1802 4680 2022 4733 magno
2054 4666 2221 4735 polli-

564 4758 789 4811 centur.
821 4750 985 4808 Unde
1016 4751 1369 4823 plerumque
1400 4753 1483 4817 fit,
1514 4758 1575 4807 ut
1599 4756 1702 4809 aut
1726 4754 1947 4810 amissa
1977 4771 2222 4828 recupe-

560 4844 677 4901 rari
739 4841 1092 4914 spondeant,
1151 4844 1253 4895 aut
1307 4840 1383 4895 ad
1414 4842 1640 4911 majora
1690 4843 1887 4899 adhuc
1918 4848 2224 4915 praesentis

560 4936 695 4990 vita:
716 4930 967 5005 praemia
993 4928 1333 4986 auditorum
1362 4945 1606 4984 suorum
1621 4932 1854 4987 animos
1876 4933 2219 4991 extendant.

563 5023 735 5091 Quod
766 5026 1034 5094 patenter
1072 5017 1299 5075 Baldad
1322 5017 1617 5089 exprimit,
1652 5034 1787 5074 cum
1817 5021 2091 5090 protinus
2120 5024 2223 5082 ad-

558 5112 797 5185 jungﬂ:

633 5336 657 5364 ιι
691 5324 981 5395 Expunxit
1025 5322 1290 5395 Goccius,
1332 5322 1393 5377 in
1432 5322 1761 5391 semetipsis,
1788 5323 1917 5378 aliis
1951 5325 2095 5381 Edit.
2130 5343 2216 5382 er-

558 5394 786 5449 ranteui
822 5394 1207 5454 sequentibus
1232 5399 1291 5448 et.
1322 5407 1446 5449 tum
1488 5396 1620 5449 Mss.
1646 5400 1770 5449 tum
1806 5402 1920 5451 vet.
1943 5397 2217 5454 Edit.mi-

558 5481 672 5521 nus
721 5465 1193 5545 consulentibus.
1224 5467 1499 5521 German.
1535 5465 1713 5521 habet
1752 5468 2076 5538 semetipsos
2108 5487 2215 5542 pro

564 5544 1062 5670 sergitdftsitsuitam
1082 5608 1523 5672 exprobrantes.
1551 5609 1864 5680 Sequimur
1885 5613 2015 5668 Mss.
2038 5613 2210 5669 Corb.

2334 4498 2445 4554 Suo
2472 4505 2596 4555 tum
2626 4513 2687 4555 se
2700 4515 2981 4556 mucrone
3006 4501 3252 4570 feriunt.
3275 4501 3674 4558 —Nolandum
3695 4490 3831 4567 quod
3849 4502 3918 4541 su-

2333 4588 2533 4660 perius
2545 4588 2774 4643 dixerat
2794 4605 2807 4641 :
2832 4589 3091 4657 Spiritus
3111 4591 3435 4660 multiplex
3446 4588 3711 4647 sermonis
3726 4574 3917 4638 orislui;

2334 4693 2494 4733 nunc
2521 4692 2681 4741 vero,
2709 4677 2966 4733 reductis
2993 4679 3071 4734 ad
3101 4682 3455 4737 memoriam
3488 4677 3751 4752 patribus,
3773 4664 3911 4724 dicit:

2333 4766 2415 4822 De
2440 4766 2611 4822 corde
2641 4782 2745 4822 suo
2768 4768 3074 4835 proferent
3098 4769 3437 4841 eloquia.Ac
3470 4769 3511 4823 si
3554 4766 3719 4821 vitam
3744 4758 3912 4813 5300183

2333 4855 2613 4911 Ecclesiae
2642 4855 2901 4911 haeretici
2919 4857 3298 4926 detestantes,
3331 4859 3567 4914 dicant:
3600 4843 3912 4920 Multiplicita-

2334 4949 2450 5000 tem
2493 4944 2807 5016 spiritusin
2822 4961 2952 5001 ores
2973 4946 3247 5017 habes,in
3278 4948 3454 5004 corde
3477 4961 3590 5002 non
3620 4940 3799 4998 habes.
3826 4926 3907 4985 Sed

2332 5034 2635 5090 illicontra
2667 5038 2719 5090 te
2732 5035 3015 5091 audiendi
3043 5042 3199 5109 sunt,
3225 5037 3326 5110 qui
3354 5036 3533 5093 verba
3549 5050 3613 5090 ex
3644 5025 3797 5087 corde
3812 5032 3909 5093 pre“

2332 5123 2606 5189 ferentes,
2641 5128 2800 5179 recta
2827 5125 3081 5182 vivendo
3095 5126 3614 5198 docuerunt._Stepe
3626 5123 3794 5177 autem
3814 5120 3908 5181 ΡΨ

2330 5329 2523 5384 Germ.
2556 5329 2861 5402 ac_Norm.
2895 5332 3067 5402 Apud
3124 5331 3375 5388 Barthol.
3409 5336 3463 5386 et
3492 5321 3770 5402 Rembold.
3809 5309 3902 5370 1518

2328 5406 2604 5475 corr_upte
2636 5399 2848 5469 legitur
2878 5399 3188 5475 morsibus,
3222 5418 3328 5475 pro
3356 5400 3647 5458 mortibus.

2399 5472 2687 5546 sGemeL,
2720 5473 2894 5546 quasi
2921 5475 3002 5529 ad
3028 5472 3415 5545 adjutorium.
3624 5540 3633 5546 _
3703 5534 3711 5546 ε

2397 5541 2425 5583 ά
2453 5543 2513 5596 In
2544 5528 2686 5597 Mss:
2728 5528 2889 5615 Reg,
2920 5528 3140 5613 demi,
3166 5528 3339 5603 Corb.
3369 5547 3576 5607 Germ.,
3600 5528 3897 5595 desiderata!

2327 5616 2646 5689 loquentur
2671 5614 2797 5671 tibi.
