  <div class='ocr_page' id='page_1' title='image "/cluster/home/n/w/nwhite01/storage/ocr_20150623/75/hvd.32044054758800/426.png"; bbox 0 0 4108 6184; ppageno 0'>
   <div class='ocr_carea' id='block_1_1' title="bbox 181 306 278 359">
    <p class='ocr_par' dir='ltr' id='par_1_1' title="bbox 181 306 278 359">
     <span class='ocr_line' id='line_1_1' title="bbox 181 306 278 359; baseline 0 0"><span class='ocrx_word' id='word_1_1' title='bbox 181 306 278 359; x_wconf 68' lang='grc'>841</span> 
     </span>
    </p>
   </div>
   <div class='ocr_carea' id='block_1_2' title="bbox 1099 304 2704 363">
    <p class='ocr_par' dir='ltr' id='par_1_2' title="bbox 1099 304 2704 363">
     <span class='ocr_line' id='line_1_2' title="bbox 1099 304 2704 363; baseline 0.002 -5"><span class='ocrx_word' id='word_1_2' title='bbox 1099 304 1480 361; x_wconf 82' lang='lat' dir='ltr'>MORALIUM</span> <span class='ocrx_word' id='word_1_3' title='bbox 1523 306 1653 360; x_wconf 88' lang='lat' dir='ltr'>LIB.</span> <span class='ocrx_word' id='word_1_4' title='bbox 1696 304 1840 361; x_wconf 92' lang='lat' dir='ltr'><strong>VIII.</strong></span> <span class='ocrx_word' id='word_1_5' title='bbox 1882 336 1950 345; x_wconf 98' lang='lat'><strong>—</strong></span> <span class='ocrx_word' id='word_1_6' title='bbox 1990 304 2063 360; x_wconf 88' lang='lat' dir='ltr'>IN</span> <span class='ocrx_word' id='word_1_7' title='bbox 2104 305 2260 362; x_wconf 84' lang='lat' dir='ltr'>CAP.</span> <span class='ocrx_word' id='word_1_8' title='bbox 2306 306 2404 361; x_wconf 86' lang='lat' dir='ltr'>VII</span> <span class='ocrx_word' id='word_1_9' title='bbox 2450 307 2516 362; x_wconf 90' lang='lat' dir='ltr'>B.</span> <span class='ocrx_word' id='word_1_10' title='bbox 2558 307 2704 363; x_wconf 88' lang='lat' dir='ltr'>JOB.</span> 
     </span>
    </p>
   </div>
   <div class='ocr_carea' id='block_1_3' title="bbox 3498 318 3605 374">
    <p class='ocr_par' dir='ltr' id='par_1_3' title="bbox 3498 318 3605 374">
     <span class='ocr_line' id='line_1_3' title="bbox 3498 318 3605 374; baseline 0 -1"><span class='ocrx_word' id='word_1_11' title='bbox 3498 318 3605 374; x_wconf 77' lang='grc'>842</span> 
     </span>
    </p>
   </div>
   <div class='ocr_carea' id='block_1_4' title="bbox 186 432 3602 515">
    <p class='ocr_par' dir='ltr' id='par_1_4' title="bbox 186 432 3602 515">
     <span class='ocr_line' id='line_1_4' title="bbox 186 432 3602 515; baseline 0.003 -28"><span class='ocrx_word' id='word_1_12' title='bbox 186 433 261 501; x_wconf 89' lang='lat' dir='ltr'>vi,</span> <span class='ocrx_word' id='word_1_13' title='bbox 286 433 432 488; x_wconf 92' lang='lat' dir='ltr'>dum</span> <span class='ocrx_word' id='word_1_14' title='bbox 464 449 586 487; x_wconf 66' lang='lat' dir='ltr'>suae</span> <span class='ocrx_word' id='word_1_15' title='bbox 618 432 825 488; x_wconf 83' lang='lat' dir='ltr'>vitium</span> <span class='ocrx_word' id='word_1_16' title='bbox 850 432 1519 503; x_wconf 84' lang='lat' dir='ltr'>fortitudinisignorant,</span> <span class='ocrx_word' id='word_1_17' title='bbox 1547 432 1832 489; x_wconf 81' lang='lat' dir='ltr'>audenter</span> <span class='ocrx_word' id='word_1_18' title='bbox 1872 438 1919 493; x_wconf 85' lang='grc' dir='ltr'><strong>Α</strong></span> <span class='ocrx_word' id='word_1_19' title='bbox 1952 448 2135 503; x_wconf 86' lang='lat' dir='ltr'>perna</span> <span class='ocrx_word' id='word_1_20' title='bbox 2159 433 2394 489; x_wconf 82' lang='lat' dir='ltr'>bonitas</span> <span class='ocrx_word' id='word_1_21' title='bbox 2416 438 2473 488; x_wconf 91' lang='lat' dir='ltr'>et</span> <span class='ocrx_word' id='word_1_22' title='bbox 2492 434 2990 505; x_wconf 88' lang='lat' dir='ltr'>iugratoslargius</span> <span class='ocrx_word' id='word_1_23' title='bbox 3012 435 3494 515; x_wconf 85' lang='lat' dir='ltr'>infundit.Fitque</span> <span class='ocrx_word' id='word_1_24' title='bbox 3517 444 3602 500; x_wconf 84' lang='lat' dir='ltr'>eis</span> 
     </span>
    </p>
   </div>
   <div class='ocr_carea' id='block_1_5' title="bbox 187 522 1837 595">
    <p class='ocr_par' dir='ltr' id='par_1_5' title="bbox 187 522 1837 595">
     <span class='ocr_line' id='line_1_5' title="bbox 187 522 1837 595; baseline 0 -18"><span class='ocrx_word' id='word_1_25' title='bbox 187 522 439 577; x_wconf 90' lang='lat' dir='ltr'>aliorum</span> <span class='ocrx_word' id='word_1_26' title='bbox 463 522 873 577; x_wconf 89' lang='lat' dir='ltr'>rectitudinem</span> <span class='ocrx_word' id='word_1_27' title='bbox 903 523 1167 579; x_wconf 87' lang='lat' dir='ltr'>lacerant</span> <span class='ocrx_word' id='word_1_28' title='bbox 1193 544 1204 588; x_wconf 84' lang='lat'><strong>;</strong></span> <span class='ocrx_word' id='word_1_29' title='bbox 1226 540 1484 595; x_wconf 91' lang='lat' dir='ltr'>cumque</span> <span class='ocrx_word' id='word_1_30' title='bbox 1504 528 1712 578; x_wconf 89' lang='lat' dir='ltr'>contra</span> <span class='ocrx_word' id='word_1_31' title='bbox 1732 522 1837 577; x_wconf 91' lang='lat' dir='ltr'>bo-</span> 
     </span>
    </p>
   </div>
   <div class='ocr_carea' id='block_1_6' title="bbox 184 610 1837 683">
    <p class='ocr_par' dir='ltr' id='par_1_6' title="bbox 184 610 1837 683">
     <span class='ocr_line' id='line_1_6' title="bbox 184 610 1837 683; baseline 0 -17"><span class='ocrx_word' id='word_1_32' title='bbox 184 627 293 666; x_wconf 91' lang='lat' dir='ltr'>nos</span> <span class='ocrx_word' id='word_1_33' title='bbox 312 610 423 666; x_wconf 89' lang='lat' dir='ltr'>sibi</span> <span class='ocrx_word' id='word_1_34' title='bbox 449 610 860 666; x_wconf 91' lang='lat' dir='ltr'>auctoritatem</span> <span class='ocrx_word' id='word_1_35' title='bbox 882 612 1304 683; x_wconf 85' lang='lat' dir='ltr'>increpationis</span> <span class='ocrx_word' id='word_1_36' title='bbox 1328 611 1747 683; x_wconf 87' lang='lat' dir='ltr'>arripiunt,aut</span> <span class='ocrx_word' id='word_1_37' title='bbox 1767 627 1837 666; x_wconf 90' lang='lat' dir='ltr'>ea</span> 
     </span>
    </p>
   </div>
   <div class='ocr_carea' id='block_1_7' title="bbox 184 699 1837 773">
    <p class='ocr_par' dir='ltr' id='par_1_7' title="bbox 184 699 1837 773">
     <span class='ocr_line' id='line_1_7' title="bbox 184 699 1837 773; baseline -0.001 -17"><span class='ocrx_word' id='word_1_38' title='bbox 184 700 344 756; x_wconf 92' lang='lat' dir='ltr'>bona</span> <span class='ocrx_word' id='word_1_39' title='bbox 366 700 690 773; x_wconf 88' lang='lat' dir='ltr'>proferunt,</span> <span class='ocrx_word' id='word_1_40' title='bbox 712 717 848 773; x_wconf 69' lang='lat' dir='ltr'>quae</span> <span class='ocrx_word' id='word_1_41' title='bbox 868 717 985 757; x_wconf 90' lang='lat' dir='ltr'>non</span> <span class='ocrx_word' id='word_1_42' title='bbox 1008 702 1401 766; x_wconf 89' lang='lat' dir='ltr'>videndo,sed</span> <span class='ocrx_word' id='word_1_43' title='bbox 1433 700 1733 756; x_wconf 86' lang='lat' dir='ltr'>audiendo</span> <span class='ocrx_word' id='word_1_44' title='bbox 1755 699 1837 755; x_wconf 91' lang='lat' dir='ltr'>di-</span> 
     </span>
    </p>
   </div>
   <div class='ocr_carea' id='block_1_8' title="bbox 183 790 1831 861">
    <p class='ocr_par' dir='ltr' id='par_1_8' title="bbox 183 790 1831 861">
     <span class='ocr_line' id='line_1_8' title="bbox 183 790 1831 861; baseline -0.001 -16"><span class='ocrx_word' id='word_1_45' title='bbox 183 791 451 846; x_wconf 89' lang='lat' dir='ltr'>dicerunt</span> <span class='ocrx_word' id='word_1_46' title='bbox 485 806 499 856; x_wconf 91' lang='lat'>;</span> <span class='ocrx_word' id='word_1_47' title='bbox 528 796 629 845; x_wconf 91' lang='lat' dir='ltr'>aut</span> <span class='ocrx_word' id='word_1_48' title='bbox 658 807 728 845; x_wconf 91' lang='lat' dir='ltr'>ea</span> <span class='ocrx_word' id='word_1_49' title='bbox 776 790 903 846; x_wconf 89' lang='lat' dir='ltr'>aliis</span> <span class='ocrx_word' id='word_1_50' title='bbox 938 791 1095 846; x_wconf 91' lang='lat' dir='ltr'>mala</span> <span class='ocrx_word' id='word_1_51' title='bbox 1151 791 1501 846; x_wconf 86' lang='lat' dir='ltr'>mentientes</span> <span class='ocrx_word' id='word_1_52' title='bbox 1539 791 1831 861; x_wconf 81' lang='lat' dir='ltr'>ingerunt,</span> 
     </span>
    </p>
   </div>
   <div class='ocr_carea' id='block_1_9' title="bbox 183 878 1835 952">
    <p class='ocr_par' dir='ltr' id='par_1_9' title="bbox 183 878 1835 952">
     <span class='ocr_line' id='line_1_9' title="bbox 183 878 1835 952; baseline -0.001 -18"><span class='ocrx_word' id='word_1_53' title='bbox 183 895 319 951; x_wconf 77' lang='lat' dir='ltr'>quae</span> <span class='ocrx_word' id='word_1_54' title='bbox 350 878 461 951; x_wconf 84' lang='lat' dir='ltr'>ipsi</span> <span class='ocrx_word' id='word_1_55' title='bbox 495 879 897 936; x_wconf 88' lang='lat' dir='ltr'>committunt.</span> <span class='ocrx_word' id='word_1_56' title='bbox 932 880 1043 937; x_wconf 90' lang='lat' dir='ltr'>Scd</span> <span class='ocrx_word' id='word_1_57' title='bbox 1076 897 1213 936; x_wconf 91' lang='lat' dir='ltr'>cum</span> <span class='ocrx_word' id='word_1_58' title='bbox 1244 897 1315 936; x_wconf 90' lang='lat' dir='ltr'>ea</span> <span class='ocrx_word' id='word_1_59' title='bbox 1346 880 1506 935; x_wconf 89' lang='lat' dir='ltr'>bona</span> <span class='ocrx_word' id='word_1_60' title='bbox 1530 879 1835 952; x_wconf 89' lang='lat' dir='ltr'>proferunt</span> 
     </span>
    </p>
   </div>
   <div class='ocr_carea' id='block_1_10' title="bbox 179 969 1833 1041">
    <p class='ocr_par' dir='ltr' id='par_1_10' title="bbox 179 969 1833 1041">
     <span class='ocr_line' id='line_1_10' title="bbox 179 969 1833 1041; baseline -0.001 -17"><span class='ocrx_word' id='word_1_61' title='bbox 179 985 315 1040; x_wconf 70' lang='lat' dir='ltr'>quae</span> <span class='ocrx_word' id='word_1_62' title='bbox 327 984 565 1025; x_wconf 89' lang='lat' dir='ltr'>servare</span> <span class='ocrx_word' id='word_1_63' title='bbox 582 970 1309 1035; x_wconf 87' lang='lat' dir='ltr'>contemnunt,sciendum</span> <span class='ocrx_word' id='word_1_64' title='bbox 1322 970 1560 1041; x_wconf 90' lang='lat' dir='ltr'>estquia</span> <span class='ocrx_word' id='word_1_65' title='bbox 1573 969 1833 1040; x_wconf 86' lang='lat' dir='ltr'>plerum-</span> 
     </span>
    </p>
   </div>
   <div class='ocr_carea' id='block_1_11' title="bbox 180 1060 1836 1132">
    <p class='ocr_par' dir='ltr' id='par_1_11' title="bbox 180 1060 1836 1132">
     <span class='ocr_line' id='line_1_11' title="bbox 180 1060 1836 1132; baseline 0 -19"><span class='ocrx_word' id='word_1_66' title='bbox 180 1075 298 1132; x_wconf 89' lang='lat' dir='ltr'>que</span> <span class='ocrx_word' id='word_1_67' title='bbox 320 1060 535 1115; x_wconf 87' lang='lat' dir='ltr'>veritas</span> <span class='ocrx_word' id='word_1_68' title='bbox 558 1060 639 1114; x_wconf 91' lang='lat' dir='ltr'>sic</span> <span class='ocrx_word' id='word_1_69' title='bbox 662 1076 767 1131; x_wconf 91' lang='lat' dir='ltr'>per</span> <span class='ocrx_word' id='word_1_70' title='bbox 796 1076 902 1115; x_wconf 89' lang='lat' dir='ltr'>ora</span> <span class='ocrx_word' id='word_1_71' title='bbox 924 1060 1406 1116; x_wconf 79' lang='lat' dir='ltr'>adversariorum</span> <span class='ocrx_word' id='word_1_72' title='bbox 1436 1066 1628 1124; x_wconf 89' lang='lat' dir='ltr'>sonat,</span> <span class='ocrx_word' id='word_1_73' title='bbox 1659 1064 1718 1115; x_wconf 91' lang='lat' dir='ltr'>ut</span> <span class='ocrx_word' id='word_1_74' title='bbox 1735 1074 1836 1114; x_wconf 91' lang='lat' dir='ltr'>eo-</span> 
     </span>
    </p>
   </div>
   <div class='ocr_carea' id='block_1_12' title="bbox 179 1148 1833 1221">
    <p class='ocr_par' dir='ltr' id='par_1_12' title="bbox 179 1148 1833 1221">
     <span class='ocr_line' id='line_1_12' title="bbox 179 1148 1833 1221; baseline 0 -17"><span class='ocrx_word' id='word_1_75' title='bbox 179 1148 595 1218; x_wconf 89' lang='lat' dir='ltr'>rumlinguam</span> <span class='ocrx_word' id='word_1_76' title='bbox 626 1165 873 1204; x_wconf 90' lang='lat' dir='ltr'>movens</span> <span class='ocrx_word' id='word_1_77' title='bbox 887 1149 1069 1205; x_wconf 90' lang='lat' dir='ltr'>vitam</span> <span class='ocrx_word' id='word_1_78' title='bbox 1093 1150 1583 1221; x_wconf 89' lang='lat' dir='ltr'>feriat,quatenus</span> <span class='ocrx_word' id='word_1_79' title='bbox 1598 1148 1833 1205; x_wconf 87' lang='lat' dir='ltr'>culmen</span> 
     </span>
    </p>
   </div>
   <div class='ocr_carea' id='block_1_13' title="bbox 178 1238 1834 1311">
    <p class='ocr_par' dir='ltr' id='par_1_13' title="bbox 178 1238 1834 1311">
     <span class='ocr_line' id='line_1_13' title="bbox 178 1238 1834 1311; baseline 0 -18"><span class='ocrx_word' id='word_1_80' title='bbox 178 1238 547 1293; x_wconf 85' lang='lat' dir='ltr'>rectitudinis</span> <span class='ocrx_word' id='word_1_81' title='bbox 584 1238 892 1310; x_wconf 85' lang='lat' dir='ltr'>loquentes</span> <span class='ocrx_word' id='word_1_82' title='bbox 918 1246 974 1293; x_wconf 91' lang='lat' dir='ltr'>et</span> <span class='ocrx_word' id='word_1_83' title='bbox 998 1239 1358 1311; x_wconf 83' lang='lat' dir='ltr'>ignorantes,</span> <span class='ocrx_word' id='word_1_84' title='bbox 1395 1239 1505 1310; x_wconf 83' lang='lat' dir='ltr'>ipsi</span> <span class='ocrx_word' id='word_1_85' title='bbox 1546 1243 1601 1292; x_wconf 93' lang='lat' dir='ltr'>et</span> <span class='ocrx_word' id='word_1_86' title='bbox 1638 1238 1834 1293; x_wconf 84' lang='lat' dir='ltr'>verbis</span> 
     </span>
    </p>
   </div>
   <div class='ocr_carea' id='block_1_14' title="bbox 175 1327 1834 1398">
    <p class='ocr_par' dir='ltr' id='par_1_14' title="bbox 175 1327 1834 1398">
     <span class='ocr_line' id='line_1_14' title="bbox 175 1327 1834 1398; baseline -0.001 -16"><span class='ocrx_word' id='word_1_87' title='bbox 175 1327 429 1398; x_wconf 86' lang='lat' dir='ltr'>judices,</span> <span class='ocrx_word' id='word_1_88' title='bbox 465 1332 521 1383; x_wconf 94' lang='lat' dir='ltr'>et</span> <span class='ocrx_word' id='word_1_89' title='bbox 563 1327 731 1383; x_wconf 90' lang='lat' dir='ltr'>factis</span> <span class='ocrx_word' id='word_1_90' title='bbox 786 1334 1164 1383; x_wconf 86' lang='lat' dir='ltr'>accusatores</span> <span class='ocrx_word' id='word_1_91' title='bbox 1198 1328 1361 1383; x_wconf 83' lang='lat' dir='ltr'>ﬁant.</span> <span class='ocrx_word' id='word_1_92' title='bbox 1416 1328 1579 1384; x_wconf 91' lang='lat' dir='ltr'>Unde</span> <span class='ocrx_word' id='word_1_93' title='bbox 1610 1327 1834 1382; x_wconf 89' lang='lat' dir='ltr'>Baldad</span> 
     </span>
    </p>
   </div>
   <div class='ocr_carea' id='block_1_15' title="bbox 179 1417 1834 1489">
    <p class='ocr_par' dir='ltr' id='par_1_15' title="bbox 179 1417 1834 1489">
     <span class='ocr_line' id='line_1_15' title="bbox 179 1417 1834 1489; baseline 0 -18"><span class='ocrx_word' id='word_1_94' title='bbox 179 1418 333 1472; x_wconf 85' lang='lat' dir='ltr'>mira</span> <span class='ocrx_word' id='word_1_95' title='bbox 351 1417 593 1489; x_wconf 88' lang='lat' dir='ltr'>quidem</span> <span class='ocrx_word' id='word_1_96' title='bbox 610 1424 815 1473; x_wconf 89' lang='lat' dir='ltr'>contra</span> <span class='ocrx_word' id='word_1_97' title='bbox 832 1417 1177 1489; x_wconf 83' lang='lat' dir='ltr'>hypocritas</span> <span class='ocrx_word' id='word_1_98' title='bbox 1195 1417 1527 1482; x_wconf 88' lang='lat' dir='ltr'>subdit,sed</span> <span class='ocrx_word' id='word_1_99' title='bbox 1551 1431 1834 1472; x_wconf 89' lang='lat' dir='ltr'>mucrone</span> 
     </span>
    </p>
   </div>
   <div class='ocr_carea' id='block_1_16' title="bbox 175 1506 1834 1579">
    <p class='ocr_par' dir='ltr' id='par_1_16' title="bbox 175 1506 1834 1579">
     <span class='ocr_line' id='line_1_16' title="bbox 175 1506 1834 1579; baseline 0.001 -19"><span class='ocrx_word' id='word_1_100' title='bbox 175 1506 344 1561; x_wconf 88' lang='lat' dir='ltr'>verbi</span> <span class='ocrx_word' id='word_1_101' title='bbox 386 1522 445 1561; x_wconf 91' lang='lat' dir='ltr'>se</span> <span class='ocrx_word' id='word_1_102' title='bbox 485 1507 731 1578; x_wconf 87' lang='lat' dir='ltr'>impetit,</span> <span class='ocrx_word' id='word_1_103' title='bbox 763 1506 906 1579; x_wconf 86' lang='lat' dir='ltr'>quia</span> <span class='ocrx_word' id='word_1_104' title='bbox 937 1507 1266 1562; x_wconf 88' lang='lat' dir='ltr'>simulatori</span> <span class='ocrx_word' id='word_1_105' title='bbox 1301 1507 1569 1579; x_wconf 69' lang='lat' dir='ltr'>justitiaa,</span> <span class='ocrx_word' id='word_1_106' title='bbox 1612 1506 1723 1561; x_wconf 91' lang='lat' dir='ltr'>nisi</span> <span class='ocrx_word' id='word_1_107' title='bbox 1763 1522 1834 1562; x_wconf 83' lang='lat' dir='ltr'>ex</span> 
     </span>
    </p>
   </div>
   <div class='ocr_carea' id='block_1_17' title="bbox 179 1595 1832 1668">
    <p class='ocr_par' dir='ltr' id='par_1_17' title="bbox 179 1595 1832 1668">
     <span class='ocr_line' id='line_1_17' title="bbox 179 1595 1832 1668; baseline 0 -17"><span class='ocrx_word' id='word_1_108' title='bbox 179 1595 555 1667; x_wconf 87' lang='lat' dir='ltr'>aliquantulo</span> <span class='ocrx_word' id='word_1_109' title='bbox 585 1597 711 1668; x_wconf 90' lang='lat' dir='ltr'>ipse</span> <span class='ocrx_word' id='word_1_110' title='bbox 742 1602 916 1661; x_wconf 87' lang='lat' dir='ltr'>esset,</span> <span class='ocrx_word' id='word_1_111' title='bbox 948 1596 1160 1651; x_wconf 85' lang='lat' dir='ltr'>docere</span> <span class='ocrx_word' id='word_1_112' title='bbox 1184 1597 1414 1666; x_wconf 90' lang='lat' dir='ltr'>justum</span> <span class='ocrx_word' id='word_1_113' title='bbox 1446 1611 1832 1668; x_wconf 88' lang='lat' dir='ltr'>nequaquam</span> 
     </span>
    </p>
   </div>
   <div class='ocr_carea' id='block_1_18' title="bbox 177 1684 1832 1757">
    <p class='ocr_par' dir='ltr' id='par_1_18' title="bbox 177 1684 1832 1757">
     <span class='ocr_line' id='line_1_18' title="bbox 177 1684 1832 1757; baseline 0.001 -18"><span class='ocrx_word' id='word_1_114' title='bbox 177 1689 347 1739; x_wconf 90' lang='lat' dir='ltr'>tanta</span> <span class='ocrx_word' id='word_1_115' title='bbox 377 1686 699 1740; x_wconf 87' lang='lat' dir='ltr'>temeritate</span> <span class='ocrx_word' id='word_1_116' title='bbox 724 1690 1127 1756; x_wconf 67' lang='lat' dir='ltr'>praesumeret.</span> <span class='ocrx_word' id='word_1_117' title='bbox 1156 1687 1220 1740; x_wconf 89' lang='lat' dir='ltr'>Et</span> <span class='ocrx_word' id='word_1_118' title='bbox 1240 1685 1483 1757; x_wconf 92' lang='lat' dir='ltr'>quidem</span> <span class='ocrx_word' id='word_1_119' title='bbox 1504 1684 1673 1740; x_wconf 87' lang='lat' dir='ltr'>fortia</span> <span class='ocrx_word' id='word_1_120' title='bbox 1698 1689 1832 1740; x_wconf 92' lang='lat' dir='ltr'>sunt</span> 
     </span>
    </p>
   </div>
   <div class='ocr_carea' id='block_1_19' title="bbox 1946 521 3602 596">
    <p class='ocr_par' dir='ltr' id='par_1_19' title="bbox 1946 521 3602 596">
     <span class='ocr_line' id='line_1_19' title="bbox 1946 521 3602 596; baseline 0.007 -18"><span class='ocrx_word' id='word_1_121' title='bbox 1946 521 2281 593; x_wconf 82' lang='lat' dir='ltr'>amplitudo</span> <span class='ocrx_word' id='word_1_122' title='bbox 2297 523 2550 578; x_wconf 90' lang='lat' dir='ltr'>muneris</span> <span class='ocrx_word' id='word_1_123' title='bbox 2568 525 2676 594; x_wconf 79' lang='lat'><strong>27</strong></span> <span class='ocrx_word' id='word_1_124' title='bbox 2690 523 2745 596; x_wconf 70' lang='grc'><strong>4</strong></span> <span class='ocrx_word' id='word_1_125' title='bbox 2764 525 3190 583; x_wconf 88' lang='lat' dir='ltr'>incrementum</span> <span class='ocrx_word' id='word_1_126' title='bbox 3203 529 3602 590; x_wconf 87' lang='lat' dir='ltr'>damnationis</span> 
     </span>
    </p>
   </div>
   <div class='ocr_carea' id='block_1_20' title="bbox 1945 611 3603 683">
    <p class='ocr_par' dir='ltr' id='par_1_20' title="bbox 1945 611 3603 683">
     <span class='ocr_line' id='line_1_20' title="bbox 1945 611 3603 683; baseline 0.01 -19"><span class='ocrx_word' id='word_1_127' title='bbox 1945 611 2325 683; x_wconf 87' lang='lat' dir='ltr'>quiairrigati</span> <span class='ocrx_word' id='word_1_128' title='bbox 2351 612 2609 669; x_wconf 84' lang='lat' dir='ltr'>fructum</span> <span class='ocrx_word' id='word_1_129' title='bbox 2643 629 2762 669; x_wconf 92' lang='lat' dir='ltr'>non</span> <span class='ocrx_word' id='word_1_130' title='bbox 2786 614 3116 680; x_wconf 88' lang='lat' dir='ltr'>ferunt,sed</span> <span class='ocrx_word' id='word_1_131' title='bbox 3152 620 3267 676; x_wconf 87' lang='lat' dir='ltr'>sub</span> <span class='ocrx_word' id='word_1_132' title='bbox 3291 620 3603 680; x_wconf 88' lang='lat' dir='ltr'>viriditatis</span> 
     </span>
    </p>
   </div>
   <div class='ocr_carea' id='block_1_21' title="bbox 1947 700 3604 782">
    <p class='ocr_par' dir='ltr' id='par_1_21' title="bbox 1947 700 3604 782">
     <span class='ocr_line' id='line_1_21' title="bbox 1947 700 3604 782; baseline 0.01 -28"><span class='ocrx_word' id='word_1_133' title='bbox 1947 700 2142 756; x_wconf 91' lang='lat' dir='ltr'>colore</span> <span class='ocrx_word' id='word_1_134' title='bbox 2158 702 2398 757; x_wconf 89' lang='lat' dir='ltr'>vacuiin</span> <span class='ocrx_word' id='word_1_135' title='bbox 2416 702 2599 758; x_wconf 91' lang='lat' dir='ltr'>altum</span> <span class='ocrx_word' id='word_1_136' title='bbox 2623 704 3092 773; x_wconf 88' lang='lat' dir='ltr'>crescunt.Quos</span> <span class='ocrx_word' id='word_1_137' title='bbox 3104 707 3259 766; x_wconf 84' lang='lat' dir='ltr'>bene</span> <span class='ocrx_word' id='word_1_138' title='bbox 3288 726 3395 782; x_wconf 90' lang='lat' dir='ltr'>per</span> <span class='ocrx_word' id='word_1_139' title='bbox 3415 714 3604 770; x_wconf 89' lang='lat' dir='ltr'>Evan-</span> 
     </span>
    </p>
   </div>
   <div class='ocr_carea' id='block_1_22' title="bbox 1945 788 3605 863">
    <p class='ocr_par' dir='ltr' id='par_1_22' title="bbox 1945 788 3605 863">
     <span class='ocr_line' id='line_1_22' title="bbox 1945 788 3605 863; baseline 0.01 -20"><span class='ocrx_word' id='word_1_140' title='bbox 1945 788 2166 859; x_wconf 87' lang='lat' dir='ltr'>gelium</span> <span class='ocrx_word' id='word_1_141' title='bbox 2199 791 2743 863; x_wconf 65' lang='lat' dir='ltr'>Veritas;exprimit,</span> <span class='ocrx_word' id='word_1_142' title='bbox 2772 792 2974 849; x_wconf 91' lang='lat' dir='ltr'>dicens</span> <span class='ocrx_word' id='word_1_143' title='bbox 3005 796 3216 852; x_wconf 78' lang='lat' dir='ltr'>:Multi</span> <span class='ocrx_word' id='word_1_144' title='bbox 3233 798 3431 857; x_wconf 91' lang='lat' dir='ltr'>dicent</span> <span class='ocrx_word' id='word_1_145' title='bbox 3454 803 3605 860; x_wconf 88' lang='lat' dir='ltr'>mihi</span> 
     </span>
    </p>
   </div>
   <div class='ocr_carea' id='block_1_23' title="bbox 1944 879 3600 951">
    <p class='ocr_par' dir='ltr' id='par_1_23' title="bbox 1944 879 3600 951">
     <span class='ocr_line' id='line_1_23' title="bbox 1944 879 3600 951; baseline 0.01 -18"><span class='ocrx_word' id='word_1_146' title='bbox 1944 879 2005 934; x_wconf 89' lang='lat' dir='ltr'>in</span> <span class='ocrx_word' id='word_1_147' title='bbox 2036 879 2148 934; x_wconf 80' lang='lat' dir='ltr'>illa</span> <span class='ocrx_word' id='word_1_148' title='bbox 2175 880 2269 936; x_wconf 86' lang='lat' dir='ltr'>die</span> <span class='ocrx_word' id='word_1_149' title='bbox 2300 898 2310 936; x_wconf 95' lang='lat'>:</span> <span class='ocrx_word' id='word_1_150' title='bbox 2354 882 2614 945; x_wconf 80' lang='lat' dir='ltr'>Domine,</span> <span class='ocrx_word' id='word_1_151' title='bbox 2644 882 2905 948; x_wconf 80' lang='lat' dir='ltr'>Domine,</span> <span class='ocrx_word' id='word_1_152' title='bbox 2926 899 3124 941; x_wconf 84' lang='lat' dir='ltr'>nonne</span> <span class='ocrx_word' id='word_1_153' title='bbox 3146 886 3209 942; x_wconf 89' lang='lat' dir='ltr'>in</span> <span class='ocrx_word' id='word_1_154' title='bbox 3235 892 3474 948; x_wconf 83' lang='lat' dir='ltr'>nomine</span> <span class='ocrx_word' id='word_1_155' title='bbox 3499 898 3600 951; x_wconf 90' lang='lat' dir='ltr'>tuo</span> 
     </span>
    </p>
   </div>
   <div class='ocr_carea' id='block_1_24' title="bbox 1941 967 3600 1051">
    <p class='ocr_par' dir='ltr' id='par_1_24' title="bbox 1941 967 3600 1051">
     <span class='ocr_line' id='line_1_24' title="bbox 1941 967 3600 1051; baseline 0.011 -30"><span class='ocrx_word' id='word_1_156' title='bbox 1941 967 2448 1038; x_wconf 84' lang='lat' dir='ltr'>prophetavimus,</span> <span class='ocrx_word' id='word_1_157' title='bbox 2475 979 2528 1025; x_wconf 89' lang='lat' dir='ltr'>et</span> <span class='ocrx_word' id='word_1_158' title='bbox 2548 971 2609 1024; x_wconf 84' lang='lat' dir='ltr'>in</span> <span class='ocrx_word' id='word_1_159' title='bbox 2631 971 2866 1028; x_wconf 80' lang='lat' dir='ltr'>nomine</span> <span class='ocrx_word' id='word_1_160' title='bbox 2893 979 2990 1028; x_wconf 89' lang='lat' dir='ltr'>tuo</span> <span class='ocrx_word' id='word_1_161' title='bbox 3016 974 3306 1034; x_wconf 72' lang='lat' dir='ltr'>diemonia</span> <span class='ocrx_word' id='word_1_162' title='bbox 3331 981 3600 1051; x_wconf 86' lang='lat' dir='ltr'>ejecimus</span> 
     </span>
    </p>
   </div>
   <div class='ocr_carea' id='block_1_25' title="bbox 1942 1058 3600 1133">
    <p class='ocr_par' dir='ltr' id='par_1_25' title="bbox 1942 1058 3600 1133">
     <span class='ocr_line' id='line_1_25' title="bbox 1942 1058 3600 1133; baseline 0.011 -21"><span class='ocrx_word' id='word_1_163' title='bbox 1942 1064 1995 1113; x_wconf 90' lang='lat' dir='ltr'>et</span> <span class='ocrx_word' id='word_1_164' title='bbox 2009 1058 2067 1112; x_wconf 87' lang='lat' dir='ltr'>in</span> <span class='ocrx_word' id='word_1_165' title='bbox 2086 1060 2329 1117; x_wconf 84' lang='lat' dir='ltr'>nomine</span> <span class='ocrx_word' id='word_1_166' title='bbox 2342 1068 2441 1115; x_wconf 84' lang='lat' dir='ltr'>tuo</span> <span class='ocrx_word' id='word_1_167' title='bbox 2456 1060 2700 1117; x_wconf 81' lang='lat' dir='ltr'>virtutes</span> <span class='ocrx_word' id='word_1_168' title='bbox 2714 1063 2930 1119; x_wconf 77' lang='lat' dir='ltr'>multus</span> <span class='ocrx_word' id='word_1_169' title='bbox 2940 1065 3295 1133; x_wconf 69' lang='lat' dir='ltr'>fecimust’Et</span> <span class='ocrx_word' id='word_1_170' title='bbox 3310 1076 3453 1127; x_wconf 88' lang='lat' dir='ltr'>tunc</span> <span class='ocrx_word' id='word_1_171' title='bbox 3466 1087 3600 1129; x_wconf 85' lang='lat' dir='ltr'>con-</span> 
     </span>
    </p>
   </div>
   <div class='ocr_carea' id='block_1_26' title="bbox 1940 1148 3599 1222">
    <p class='ocr_par' dir='ltr' id='par_1_26' title="bbox 1940 1148 3599 1222">
     <span class='ocr_line' id='line_1_26' title="bbox 1940 1148 3599 1222; baseline 0.011 -21"><span class='ocrx_word' id='word_1_172' title='bbox 1940 1148 2149 1215; x_wconf 86' lang='lat' dir='ltr'>ﬁtebor</span> <span class='ocrx_word' id='word_1_173' title='bbox 2170 1148 2311 1213; x_wconf 82' lang='lat' dir='ltr'>illis,</span> <span class='ocrx_word' id='word_1_174' title='bbox 2344 1150 2487 1220; x_wconf 83' lang='lat' dir='ltr'>quia</span> <span class='ocrx_word' id='word_1_175' title='bbox 2509 1166 2814 1222; x_wconf 81' lang='lat' dir='ltr'>nunquam</span> <span class='ocrx_word' id='word_1_176' title='bbox 2850 1153 2987 1208; x_wconf 80' lang='lat' dir='ltr'>nari</span> <span class='ocrx_word' id='word_1_177' title='bbox 3000 1170 3115 1220; x_wconf 87' lang='lat' dir='ltr'>vos,</span> <span class='ocrx_word' id='word_1_178' title='bbox 3147 1155 3478 1217; x_wconf 80' lang='lat' dir='ltr'>disceditea</span> <span class='ocrx_word' id='word_1_179' title='bbox 3508 1176 3599 1219; x_wconf 89' lang='lat' dir='ltr'>me</span> 
     </span>
    </p>
   </div>
   <div class='ocr_carea' id='block_1_27' title="bbox 1943 1237 3597 1323">
    <p class='ocr_par' dir='ltr' id='par_1_27' title="bbox 1943 1237 3597 1323">
     <span class='ocr_line' id='line_1_27' title="bbox 1943 1237 3597 1323; baseline 0.01 -32"><span class='ocrx_word' id='word_1_180' title='bbox 1943 1237 2046 1309; x_wconf 87' lang='lat' dir='ltr'>qui</span> <span class='ocrx_word' id='word_1_181' title='bbox 2082 1240 2349 1306; x_wconf 86' lang='lat' dir='ltr'>operami</span> <span class='ocrx_word' id='word_1_182' title='bbox 2393 1238 2770 1310; x_wconf 82' lang='lat' dir='ltr'>iniquitatem</span> <span class='ocrx_word' id='word_1_183' title='bbox 2814 1242 3050 1313; x_wconf 79' lang='lat' dir='ltr'>(Matth.</span> <span class='ocrx_word' id='word_1_184' title='bbox 3085 1260 3182 1310; x_wconf 85' lang='lat' dir='ltr'>vn,</span> <span class='ocrx_word' id='word_1_185' title='bbox 3230 1249 3307 1317; x_wconf 86' lang='lat'>2).</span> <span class='ocrx_word' id='word_1_186' title='bbox 3358 1248 3597 1323; x_wconf 87' lang='lat' dir='ltr'>Scirpus</span> 
     </span>
    </p>
   </div>
   <div class='ocr_carea' id='block_1_28' title="bbox 1943 1325 3597 1408">
    <p class='ocr_par' dir='ltr' id='par_1_28' title="bbox 1943 1325 3597 1408">
     <span class='ocr_line' id='line_1_28' title="bbox 1943 1325 3597 1408; baseline 0.01 -29"><span class='ocrx_word' id='word_1_187' title='bbox 1943 1325 2119 1394; x_wconf 85' lang='lat' dir='ltr'>igitur</span> <span class='ocrx_word' id='word_1_188' title='bbox 2150 1326 2237 1381; x_wconf 89' lang='lat' dir='ltr'>vel</span> <span class='ocrx_word' id='word_1_189' title='bbox 2258 1333 2559 1383; x_wconf 90' lang='lat' dir='ltr'>carectum</span> <span class='ocrx_word' id='word_1_190' title='bbox 2593 1329 2718 1384; x_wconf 90' lang='lat' dir='ltr'>sine</span> <span class='ocrx_word' id='word_1_191' title='bbox 2744 1345 2900 1401; x_wconf 89' lang='lat' dir='ltr'>aqua</span> <span class='ocrx_word' id='word_1_192' title='bbox 2928 1347 3049 1387; x_wconf 92' lang='lat' dir='ltr'>non</span> <span class='ocrx_word' id='word_1_193' title='bbox 3073 1333 3231 1400; x_wconf 88' lang='lat' dir='ltr'>vivit,</span> <span class='ocrx_word' id='word_1_194' title='bbox 3260 1337 3401 1408; x_wconf 88' lang='lat' dir='ltr'>quia</span> <span class='ocrx_word' id='word_1_195' title='bbox 3427 1339 3597 1396; x_wconf 88' lang='lat' dir='ltr'>nimi-</span> 
     </span>
    </p>
   </div>
   <div class='ocr_carea' id='block_1_29' title="bbox 1942 1415 3595 1491">
    <p class='ocr_par' dir='ltr' id='par_1_29' title="bbox 1942 1415 3595 1491">
     <span class='ocr_line' id='line_1_29' title="bbox 1942 1415 3595 1491; baseline 0.01 -22"><span class='ocrx_word' id='word_1_196' title='bbox 1942 1431 2076 1471; x_wconf 90' lang='lat' dir='ltr'>rum</span> <span class='ocrx_word' id='word_1_197' title='bbox 2099 1415 2424 1487; x_wconf 80' lang='lat' dir='ltr'>hypocritae</span> <span class='ocrx_word' id='word_1_198' title='bbox 2456 1432 2577 1472; x_wconf 90' lang='lat' dir='ltr'>non</span> <span class='ocrx_word' id='word_1_199' title='bbox 2609 1419 2721 1473; x_wconf 91' lang='lat' dir='ltr'>nisi</span> <span class='ocrx_word' id='word_1_200' title='bbox 2747 1434 2814 1475; x_wconf 82' lang='lat' dir='ltr'>ex</span> <span class='ocrx_word' id='word_1_201' title='bbox 2837 1436 3101 1491; x_wconf 89' lang='lat' dir='ltr'>superno</span> <span class='ocrx_word' id='word_1_202' title='bbox 3125 1439 3371 1482; x_wconf 90' lang='lat' dir='ltr'>munere</span> <span class='ocrx_word' id='word_1_203' title='bbox 3397 1427 3595 1486; x_wconf 92' lang='lat' dir='ltr'>viridi-</span> 
     </span>
    </p>
   </div>
   <div class='ocr_carea' id='block_1_30' title="bbox 1943 1505 3594 1586">
    <p class='ocr_par' dir='ltr' id='par_1_30' title="bbox 1943 1505 3594 1586">
     <span class='ocr_line' id='line_1_30' title="bbox 1943 1505 3594 1586; baseline 0.009 -26"><span class='ocrx_word' id='word_1_204' title='bbox 1943 1509 2121 1560; x_wconf 85' lang='lat' dir='ltr'>tatem</span> <span class='ocrx_word' id='word_1_205' title='bbox 2153 1505 2328 1561; x_wconf 73' lang='lat' dir='ltr'>bonaa</span> <span class='ocrx_word' id='word_1_206' title='bbox 2370 1506 2731 1577; x_wconf 88' lang='lat' dir='ltr'>operationis</span> <span class='ocrx_word' id='word_1_207' title='bbox 2763 1508 3060 1580; x_wconf 90' lang='lat' dir='ltr'>accipiunt</span> <span class='ocrx_word' id='word_1_208' title='bbox 3090 1528 3104 1579; x_wconf 93' lang='lat'><strong>;</strong></span> <span class='ocrx_word' id='word_1_209' title='bbox 3140 1513 3247 1569; x_wconf 89' lang='lat' dir='ltr'>sed</span> <span class='ocrx_word' id='word_1_210' title='bbox 3269 1516 3412 1586; x_wconf 89' lang='lat' dir='ltr'>quia</span> <span class='ocrx_word' id='word_1_211' title='bbox 3436 1517 3594 1575; x_wconf 91' lang='lat' dir='ltr'>hanc</span> 
     </span>
    </p>
   </div>
   <div class='ocr_carea' id='block_1_31' title="bbox 1940 1593 3593 1679">
    <p class='ocr_par' dir='ltr' id='par_1_31' title="bbox 1940 1593 3593 1679">
     <span class='ocr_line' id='line_1_31' title="bbox 1940 1593 3593 1679; baseline 0.01 -30"><span class='ocrx_word' id='word_1_212' title='bbox 1940 1593 1997 1649; x_wconf 92' lang='lat' dir='ltr'>in</span> <span class='ocrx_word' id='word_1_213' title='bbox 2028 1610 2207 1649; x_wconf 90' lang='lat' dir='ltr'>usum</span> <span class='ocrx_word' id='word_1_214' title='bbox 2239 1596 2493 1666; x_wconf 73' lang='lat' dir='ltr'>propriae</span> <span class='ocrx_word' id='word_1_215' title='bbox 2524 1594 2721 1651; x_wconf 87' lang='lat' dir='ltr'>laudis</span> <span class='ocrx_word' id='word_1_216' title='bbox 2741 1597 3052 1669; x_wconf 90' lang='lat' dir='ltr'>arripiunt,</span> <span class='ocrx_word' id='word_1_217' title='bbox 3080 1601 3140 1657; x_wconf 90' lang='lat' dir='ltr'>in</span> <span class='ocrx_word' id='word_1_218' title='bbox 3172 1618 3333 1675; x_wconf 90' lang='lat' dir='ltr'>aqua</span> <span class='ocrx_word' id='word_1_219' title='bbox 3348 1605 3593 1679; x_wconf 87' lang='lat' dir='ltr'>quidem</span> 
     </span>
    </p>
   </div>
   <div class='ocr_carea' id='block_1_32' title="bbox 1940 1682 3106 1746">
    <p class='ocr_par' dir='ltr' id='par_1_32' title="bbox 1940 1682 3106 1746">
     <span class='ocr_line' id='line_1_32' title="bbox 1940 1682 3106 1746; baseline 0.005 -10"><span class='ocrx_word' id='word_1_220' title='bbox 1940 1682 2176 1746; x_wconf 89' lang='lat' dir='ltr'>virides,</span> <span class='ocrx_word' id='word_1_221' title='bbox 2209 1685 2314 1737; x_wconf 88' lang='lat' dir='ltr'>sed</span> <span class='ocrx_word' id='word_1_222' title='bbox 2346 1688 2545 1739; x_wconf 85' lang='lat' dir='ltr'>tamen</span> <span class='ocrx_word' id='word_1_223' title='bbox 2574 1684 2787 1741; x_wconf 89' lang='lat' dir='ltr'>inanes</span> <span class='ocrx_word' id='word_1_224' title='bbox 2815 1694 3106 1744; x_wconf 90' lang='lat' dir='ltr'>crescunt.</span> 
     </span>
    </p>
   </div>
   <div class='ocr_carea' id='block_1_33' title="bbox 175 1771 3595 1847">
    <p class='ocr_par' dir='ltr' id='par_1_33' title="bbox 175 1771 3595 1847">
     <span class='ocr_line' id='line_1_33' title="bbox 175 1771 3595 1847; baseline 0.002 -17"><span class='ocrx_word' id='word_1_225' title='bbox 175 1774 354 1830; x_wconf 88' lang='lat' dir='ltr'>valde</span> <span class='ocrx_word' id='word_1_226' title='bbox 376 1791 509 1845; x_wconf 63' lang='lat' dir='ltr'>quae</span> <span class='ocrx_word' id='word_1_227' title='bbox 530 1773 665 1829; x_wconf 90' lang='lat' dir='ltr'>dicit</span> <span class='ocrx_word' id='word_1_228' title='bbox 696 1791 709 1841; x_wconf 89' lang='lat'>;</span> <span class='ocrx_word' id='word_1_229' title='bbox 730 1775 832 1830; x_wconf 90' lang='lat' dir='ltr'>sed</span> <span class='ocrx_word' id='word_1_230' title='bbox 846 1775 975 1829; x_wconf 70' lang='lat' dir='ltr'>haec</span> <span class='ocrx_word' id='word_1_231' title='bbox 997 1774 1207 1839; x_wconf 84' lang='lat' dir='ltr'>stultis,</span> <span class='ocrx_word' id='word_1_232' title='bbox 1228 1790 1347 1829; x_wconf 90' lang='lat' dir='ltr'>non</span> <span class='ocrx_word' id='word_1_233' title='bbox 1372 1779 1569 1830; x_wconf 89' lang='lat' dir='ltr'>autem</span> <span class='ocrx_word' id='word_1_234' title='bbox 1594 1774 1831 1845; x_wconf 90' lang='lat' dir='ltr'>sapien-</span> <span class='ocrx_word' id='word_1_235' title='bbox 1866 1789 1907 1843; x_wconf 73' lang='grc' dir='ltr'><strong>Β</strong></span> <span class='ocrx_word' id='word_1_236' title='bbox 2011 1776 2098 1827; x_wconf 87' lang='grc'>67.</span> <span class='ocrx_word' id='word_1_237' title='bbox 2134 1771 2462 1841; x_wconf 85' lang='lat' dir='ltr'>Hypocrita</span> <span class='ocrx_word' id='word_1_238' title='bbox 2489 1775 2872 1843; x_wconf 80' lang='lat' dir='ltr'>correptionis</span> <span class='ocrx_word' id='word_1_239' title='bbox 2892 1783 2976 1832; x_wconf 89' lang='lat' dir='ltr'>est</span> <span class='ocrx_word' id='word_1_240' title='bbox 3002 1778 3337 1847; x_wconf 75' lang='lat' dir='ltr'>impatiens.</span> <span class='ocrx_word' id='word_1_241' title='bbox 3360 1812 3423 1823; x_wconf 82' lang='lat'><em>—</em></span> <span class='ocrx_word' id='word_1_242' title='bbox 3443 1785 3595 1841; x_wconf 83' lang='lat' dir='ltr'>Bene</span> 
     </span>
    </p>
   </div>
   <div class='ocr_carea' id='block_1_34' title="bbox 175 1863 1826 1935">
    <p class='ocr_par' dir='ltr' id='par_1_34' title="bbox 175 1863 1826 1935">
     <span class='ocr_line' id='line_1_34' title="bbox 175 1863 1826 1935; baseline 0.001 -16"><span class='ocrx_word' id='word_1_243' title='bbox 175 1864 236 1929; x_wconf 89' lang='lat' dir='ltr'>ti,</span> <span class='ocrx_word' id='word_1_244' title='bbox 264 1864 613 1935; x_wconf 87' lang='lat' dir='ltr'>pravis,non</span> <span class='ocrx_word' id='word_1_245' title='bbox 636 1864 1016 1927; x_wconf 86' lang='lat' dir='ltr'>recto.dicere</span> <span class='ocrx_word' id='word_1_246' title='bbox 1040 1863 1415 1935; x_wconf 84' lang='lat' dir='ltr'>debuit,quia</span> <span class='ocrx_word' id='word_1_247' title='bbox 1437 1869 1492 1919; x_wconf 92' lang='lat' dir='ltr'>et</span> <span class='ocrx_word' id='word_1_248' title='bbox 1516 1864 1826 1920; x_wconf 87' lang='lat' dir='ltr'>vecordem</span> 
     </span>
    </p>
   </div>
   <div class='ocr_carea' id='block_1_35' title="bbox 175 1952 1827 2025">
    <p class='ocr_par' dir='ltr' id='par_1_35' title="bbox 175 1952 1827 2025">
     <span class='ocr_line' id='line_1_35' title="bbox 175 1952 1827 2025; baseline 0.001 -18"><span class='ocrx_word' id='word_1_249' title='bbox 175 1969 238 2008; x_wconf 90' lang='lat' dir='ltr'>se</span> <span class='ocrx_word' id='word_1_250' title='bbox 272 1955 488 2009; x_wconf 90' lang='lat' dir='ltr'>asserit</span> <span class='ocrx_word' id='word_1_251' title='bbox 510 1954 633 2025; x_wconf 89' lang='lat' dir='ltr'>qui,</span> <span class='ocrx_word' id='word_1_252' title='bbox 662 1954 845 2009; x_wconf 91' lang='lat' dir='ltr'>hortis</span> <span class='ocrx_word' id='word_1_253' title='bbox 868 1953 1225 2019; x_wconf 87' lang='lat' dir='ltr'>sitientibus,</span> <span class='ocrx_word' id='word_1_254' title='bbox 1260 1952 1318 2007; x_wconf 93' lang='lat' dir='ltr'>in</span> <span class='ocrx_word' id='word_1_255' title='bbox 1348 1952 1570 2008; x_wconf 89' lang='lat' dir='ltr'>ﬂumen</span> <span class='ocrx_word' id='word_1_256' title='bbox 1604 1969 1827 2025; x_wconf 90' lang='lat' dir='ltr'>aquam</span> 
     </span>
    </p>
   </div>
   <div class='ocr_carea' id='block_1_36' title="bbox 172 2042 1828 2114">
    <p class='ocr_par' dir='ltr' id='par_1_36' title="bbox 172 2042 1828 2114">
     <span class='ocr_line' id='line_1_36' title="bbox 172 2042 1828 2114; baseline 0 -17"><span class='ocrx_word' id='word_1_257' title='bbox 172 2042 390 2097; x_wconf 85' lang='lat' dir='ltr'>fundit.</span> <span class='ocrx_word' id='word_1_258' title='bbox 424 2042 538 2097; x_wconf 90' lang='lat' dir='ltr'>Sed</span> <span class='ocrx_word' id='word_1_259' title='bbox 571 2042 803 2097; x_wconf 88' lang='lat' dir='ltr'>interim</span> <span class='ocrx_word' id='word_1_260' title='bbox 836 2047 1262 2113; x_wconf 88' lang='lat' dir='ltr'>postponentes</span> <span class='ocrx_word' id='word_1_261' title='bbox 1287 2043 1383 2097; x_wconf 90' lang='lat' dir='ltr'>cui</span> <span class='ocrx_word' id='word_1_262' title='bbox 1412 2042 1646 2107; x_wconf 89' lang='lat' dir='ltr'>dicitur,</span> <span class='ocrx_word' id='word_1_263' title='bbox 1681 2058 1828 2114; x_wconf 90' lang='lat' dir='ltr'>pen-</span> 
     </span>
    </p>
   </div>
   <div class='ocr_carea' id='block_1_37' title="bbox 172 2131 1828 2203">
    <p class='ocr_par' dir='ltr' id='par_1_37' title="bbox 172 2131 1828 2203">
     <span class='ocr_line' id='line_1_37' title="bbox 172 2131 1828 2203; baseline -0.001 -17"><span class='ocrx_word' id='word_1_264' title='bbox 172 2148 380 2187; x_wconf 89' lang='lat' dir='ltr'>semus</span> <span class='ocrx_word' id='word_1_265' title='bbox 426 2133 715 2188; x_wconf 87' lang='lat' dir='ltr'>subtiliter</span> <span class='ocrx_word' id='word_1_266' title='bbox 753 2131 893 2202; x_wconf 89' lang='lat' dir='ltr'>quid</span> <span class='ocrx_word' id='word_1_267' title='bbox 945 2132 1191 2195; x_wconf 88' lang='lat' dir='ltr'>dicatur,</span> <span class='ocrx_word' id='word_1_268' title='bbox 1240 2136 1300 2185; x_wconf 93' lang='lat' dir='ltr'>ut</span> <span class='ocrx_word' id='word_1_269' title='bbox 1333 2146 1442 2187; x_wconf 93' lang='lat' dir='ltr'>nos</span> <span class='ocrx_word' id='word_1_270' title='bbox 1484 2132 1716 2203; x_wconf 85' lang='lat' dir='ltr'>prolata</span> <span class='ocrx_word' id='word_1_271' title='bbox 1746 2132 1828 2186; x_wconf 90' lang='lat' dir='ltr'>in-</span> 
     </span>
    </p>
   </div>
   <div class='ocr_carea' id='block_1_38' title="bbox 170 2220 1825 2294">
    <p class='ocr_par' dir='ltr' id='par_1_38' title="bbox 170 2220 1825 2294">
     <span class='ocr_line' id='line_1_38' title="bbox 170 2220 1825 2294; baseline 0 -19"><span class='ocrx_word' id='word_1_272' title='bbox 170 2220 708 2294; x_wconf 88' lang='lat' dir='ltr'>struant,quamvis</span> <span class='ocrx_word' id='word_1_273' title='bbox 730 2222 986 2277; x_wconf 89' lang='lat' dir='ltr'>meritum</span> <span class='ocrx_word' id='word_1_274' title='bbox 1001 2221 1086 2275; x_wconf 91' lang='lat' dir='ltr'>sui</span> <span class='ocrx_word' id='word_1_275' title='bbox 1104 2221 1825 2292; x_wconf 86' lang='lat' dir='ltr'>auctorisimpugnent.Se</span> 
     </span>
    </p>
   </div>
   <div class='ocr_carea' id='block_1_39' title="bbox 168 2311 429 2383">
    <p class='ocr_par' dir='ltr' id='par_1_39' title="bbox 168 2311 429 2383">
     <span class='ocr_line' id='line_1_39' title="bbox 168 2311 429 2383; baseline 0.004 -18"><span class='ocrx_word' id='word_1_276' title='bbox 168 2311 376 2383; x_wconf 90' lang='lat' dir='ltr'>quitur</span> <span class='ocrx_word' id='word_1_277' title='bbox 416 2327 429 2366; x_wconf 75' lang='grc' dir='ltr'><strong>ε</strong></span> 
     </span>
    </p>
   </div>
   <div class='ocr_carea' id='block_1_40' title="bbox 242 2399 1827 2473">
    <p class='ocr_par' dir='ltr' id='par_1_40' title="bbox 242 2399 1827 2473">
     <span class='ocr_line' id='line_1_40' title="bbox 242 2399 1827 2473; baseline -0.001 -19"><span class='ocrx_word' id='word_1_278' title='bbox 242 2400 412 2455; x_wconf 71' lang='lat' dir='ltr'>Vens.</span> <span class='ocrx_word' id='word_1_279' title='bbox 474 2404 552 2454; x_wconf 86' lang='lat' dir='ltr'>ll.</span> <span class='ocrx_word' id='word_1_280' title='bbox 588 2431 652 2440; x_wconf 89' lang='lat'>—-</span> <span class='ocrx_word' id='word_1_281' title='bbox 692 2402 985 2473; x_wconf 86' lang='lat' dir='ltr'>Nunquid</span> <span class='ocrx_word' id='word_1_282' title='bbox 1012 2410 1037 2439; x_wconf 70' lang='grc' dir='ltr'>α</span> <span class='ocrx_word' id='word_1_283' title='bbox 1069 2401 1355 2457; x_wconf 77' lang='lat' dir='ltr'>virescere</span> <span class='ocrx_word' id='word_1_284' title='bbox 1377 2405 1565 2469; x_wconf 83' lang='lat' dir='ltr'>potest</span> <span class='ocrx_word' id='word_1_285' title='bbox 1596 2399 1827 2467; x_wconf 87' lang='lat' dir='ltr'>scirpus</span> 
     </span>
    </p>
   </div>
   <div class='ocr_carea' id='block_1_41' title="bbox 168 2487 1829 2560">
    <p class='ocr_par' dir='ltr' id='par_1_41' title="bbox 168 2487 1829 2560">
     <span class='ocr_line' id='line_1_41' title="bbox 168 2487 1829 2560; baseline -0.002 -14"><span class='ocrx_word' id='word_1_286' title='bbox 168 2490 394 2560; x_wconf 89' lang='lat' dir='ltr'>absque</span> <span class='ocrx_word' id='word_1_287' title='bbox 419 2490 684 2556; x_wconf 86' lang='lat' dir='ltr'>humore,</span> <span class='ocrx_word' id='word_1_288' title='bbox 718 2498 822 2546; x_wconf 87' lang='lat' dir='ltr'>aut</span> <span class='ocrx_word' id='word_1_289' title='bbox 844 2507 1103 2548; x_wconf 83' lang='lat' dir='ltr'>crescere</span> <span class='ocrx_word' id='word_1_290' title='bbox 1140 2496 1440 2548; x_wconf 88' lang='lat' dir='ltr'>carectum</span> <span class='ocrx_word' id='word_1_291' title='bbox 1471 2492 1599 2545; x_wconf 80' lang='lat' dir='ltr'>sine</span> <span class='ocrx_word' id='word_1_292' title='bbox 1627 2487 1829 2560; x_wconf 80' lang='lat' dir='ltr'>aqua?</span> 
     </span>
    </p>
   </div>
   <div class='ocr_carea' id='block_1_42' title="bbox 244 2578 1825 2653">
    <p class='ocr_par' dir='ltr' id='par_1_42' title="bbox 244 2578 1825 2653">
     <span class='ocr_line' id='line_1_42' title="bbox 244 2578 1825 2653; baseline -0.002 -18"><span class='ocrx_word' id='word_1_293' title='bbox 244 2580 406 2650; x_wconf 63' lang='lat' dir='ltr'>[Rea</span> <span class='ocrx_word' id='word_1_294' title='bbox 438 2578 680 2653; x_wconf 82' lang='lat' dir='ltr'>XXIV.]</span> <span class='ocrx_word' id='word_1_295' title='bbox 724 2580 827 2636; x_wconf 91' lang='lat' dir='ltr'>Cui</span> <span class='ocrx_word' id='word_1_296' title='bbox 852 2580 1073 2637; x_wconf 90' lang='lat' dir='ltr'>Baldad</span> <span class='ocrx_word' id='word_1_297' title='bbox 1099 2581 1384 2652; x_wconf 89' lang='lat' dir='ltr'>scirpum,</span> <span class='ocrx_word' id='word_1_298' title='bbox 1415 2579 1502 2635; x_wconf 88' lang='lat' dir='ltr'>vel</span> <span class='ocrx_word' id='word_1_299' title='bbox 1525 2583 1825 2635; x_wconf 90' lang='lat' dir='ltr'>carectum</span> 
     </span>
    </p>
   </div>
   <div class='ocr_carea' id='block_1_43' title="bbox 168 2667 1751 2743">
    <p class='ocr_par' dir='ltr' id='par_1_43' title="bbox 168 2667 1751 2743">
     <span class='ocr_line' id='line_1_43' title="bbox 168 2667 1751 2743; baseline 0 -20"><span class='ocrx_word' id='word_1_300' title='bbox 168 2674 505 2739; x_wconf 89' lang='lat' dir='ltr'>comparet,</span> <span class='ocrx_word' id='word_1_301' title='bbox 539 2670 666 2741; x_wconf 90' lang='lat' dir='ltr'>ipse</span> <span class='ocrx_word' id='word_1_302' title='bbox 698 2670 967 2742; x_wconf 89' lang='lat' dir='ltr'>protinus</span> <span class='ocrx_word' id='word_1_303' title='bbox 999 2672 1187 2743; x_wconf 91' lang='lat' dir='ltr'>aperit</span> <span class='ocrx_word' id='word_1_304' title='bbox 1216 2687 1353 2725; x_wconf 92' lang='lat' dir='ltr'>cum</span> <span class='ocrx_word' id='word_1_305' title='bbox 1397 2667 1708 2741; x_wconf 89' lang='lat' dir='ltr'>subjungit</span> <span class='ocrx_word' id='word_1_306' title='bbox 1738 2684 1751 2722; x_wconf 88' lang='lat'><strong>:</strong></span> 
     </span>
    </p>
   </div>
   <div class='ocr_carea' id='block_1_44' title="bbox 793 2797 1211 2852">
    <p class='ocr_par' dir='ltr' id='par_1_44' title="bbox 793 2797 1211 2852">
     <span class='ocr_line' id='line_1_44' title="bbox 793 2797 1211 2852; baseline -0.002 0"><span class='ocrx_word' id='word_1_307' title='bbox 793 2798 1015 2852; x_wconf 83' lang='lat' dir='ltr'>CAPUT</span> <span class='ocrx_word' id='word_1_308' title='bbox 1054 2797 1211 2851; x_wconf 85' lang='lat' dir='ltr'><strong>XLII.</strong></span> 
     </span>
    </p>
   </div>
   <div class='ocr_carea' id='block_1_45' title="bbox 242 2920 1825 2991">
    <p class='ocr_par' dir='ltr' id='par_1_45' title="bbox 242 2920 1825 2991">
     <span class='ocr_line' id='line_1_45' title="bbox 242 2920 1825 2991; baseline -0.001 -16"><span class='ocrx_word' id='word_1_309' title='bbox 242 2920 419 2976; x_wconf 76' lang='lat' dir='ltr'>Vens.</span> <span class='ocrx_word' id='word_1_310' title='bbox 459 2925 539 2986; x_wconf 84' lang='lat' dir='ltr'>t2,</span> <span class='ocrx_word' id='word_1_311' title='bbox 578 2925 660 2976; x_wconf 84' lang='lat' dir='ltr'>t3.</span> <span class='ocrx_word' id='word_1_312' title='bbox 688 2951 754 2962; x_wconf 90' lang='lat'>—</span> <span class='ocrx_word' id='word_1_313' title='bbox 779 2922 924 2976; x_wconf 85' lang='lat' dir='ltr'>Cum</span> <span class='ocrx_word' id='word_1_314' title='bbox 948 2921 1147 2977; x_wconf 88' lang='lat' dir='ltr'>adhuc</span> <span class='ocrx_word' id='word_1_315' title='bbox 1172 2922 1244 2976; x_wconf 87' lang='lat' dir='ltr'>sit</span> <span class='ocrx_word' id='word_1_316' title='bbox 1274 2922 1335 2977; x_wconf 88' lang='lat' dir='ltr'>in</span> <span class='ocrx_word' id='word_1_317' title='bbox 1357 2923 1526 2991; x_wconf 81' lang='lat' dir='ltr'>ﬂore,</span> <span class='ocrx_word' id='word_1_318' title='bbox 1568 2935 1674 2977; x_wconf 87' lang='lat' dir='ltr'>nec</span> <span class='ocrx_word' id='word_1_319' title='bbox 1696 2935 1825 2977; x_wconf 85' lang='lat' dir='ltr'>car-</span> 
     </span>
    </p>
   </div>
   <div class='ocr_carea' id='block_1_46' title="bbox 163 3008 1826 3082">
    <p class='ocr_par' dir='ltr' id='par_1_46' title="bbox 163 3008 1826 3082">
     <span class='ocr_line' id='line_1_46' title="bbox 163 3008 1826 3082; baseline -0.003 -14"><span class='ocrx_word' id='word_1_320' title='bbox 163 3018 359 3082; x_wconf 87' lang='lat' dir='ltr'>patur</span> <span class='ocrx_word' id='word_1_321' title='bbox 382 3026 587 3077; x_wconf 89' lang='lat' dir='ltr'>manu,</span> <span class='ocrx_word' id='word_1_322' title='bbox 618 3016 759 3067; x_wconf 87' lang='lat' dir='ltr'>ante</span> <span class='ocrx_word' id='word_1_323' title='bbox 794 3026 991 3066; x_wconf 87' lang='lat' dir='ltr'>omnes</span> <span class='ocrx_word' id='word_1_324' title='bbox 1018 3011 1231 3067; x_wconf 82' lang='lat' dir='ltr'>herbas</span> <span class='ocrx_word' id='word_1_325' title='bbox 1256 3012 1471 3067; x_wconf 84' lang='lat' dir='ltr'>arescit</span> <span class='ocrx_word' id='word_1_326' title='bbox 1509 3010 1634 3079; x_wconf 86' lang='lat' dir='ltr'>;sic</span> <span class='ocrx_word' id='word_1_327' title='bbox 1664 3011 1694 3053; x_wconf 81' lang='lat' dir='ltr'>b</span> <span class='ocrx_word' id='word_1_328' title='bbox 1726 3008 1826 3065; x_wconf 71' lang='lat' dir='ltr'>vite</span> 
     </span>
    </p>
   </div>
   <div class='ocr_carea' id='block_1_47' title="bbox 165 3099 1826 3170">
    <p class='ocr_par' dir='ltr' id='par_1_47' title="bbox 165 3099 1826 3170">
     <span class='ocr_line' id='line_1_47' title="bbox 165 3099 1826 3170; baseline -0.002 -13"><span class='ocrx_word' id='word_1_329' title='bbox 165 3100 437 3157; x_wconf 89' lang='lat' dir='ltr'>omnium</span> <span class='ocrx_word' id='word_1_330' title='bbox 464 3100 567 3170; x_wconf 84' lang='lat' dir='ltr'>qui</span> <span class='ocrx_word' id='word_1_331' title='bbox 587 3099 1023 3156; x_wconf 80' lang='lat' dir='ltr'>obliviscuntur</span> <span class='ocrx_word' id='word_1_332' title='bbox 1046 3100 1251 3165; x_wconf 89' lang='lat' dir='ltr'>Deum,</span> <span class='ocrx_word' id='word_1_333' title='bbox 1274 3107 1329 3156; x_wconf 91' lang='lat' dir='ltr'>et</span> <span class='ocrx_word' id='word_1_334' title='bbox 1352 3115 1480 3170; x_wconf 89' lang='lat' dir='ltr'>spes</span> <span class='ocrx_word' id='word_1_335' title='bbox 1504 3100 1826 3169; x_wconf 73' lang='lat' dir='ltr'>hypocrita:</span> 
     </span>
    </p>
   </div>
   <div class='ocr_carea' id='block_1_48' title="bbox 162 3190 413 3260">
    <p class='ocr_par' dir='ltr' id='par_1_48' title="bbox 162 3190 413 3260">
     <span class='ocr_line' id='line_1_48' title="bbox 162 3190 413 3260; baseline -0.008 -13"><span class='ocrx_word' id='word_1_336' title='bbox 162 3190 413 3260; x_wconf 82' lang='lat' dir='ltr'>peribit.</span> 
     </span>
    </p>
   </div>
   <div class='ocr_carea' id='block_1_49' title="bbox 234 3280 1824 3350">
    <p class='ocr_par' dir='ltr' id='par_1_49' title="bbox 234 3280 1824 3350">
     <span class='ocr_line' id='line_1_49' title="bbox 234 3280 1824 3350; baseline -0.001 -13"><span class='ocrx_word' id='word_1_337' title='bbox 234 3285 330 3337; x_wconf 82' lang='lat'>66.</span> <span class='ocrx_word' id='word_1_338' title='bbox 347 3280 676 3350; x_wconf 84' lang='lat' dir='ltr'>Hypocrita</span> <span class='ocrx_word' id='word_1_339' title='bbox 692 3280 976 3336; x_wconf 87' lang='lat' dir='ltr'>bonorum</span> <span class='ocrx_word' id='word_1_340' title='bbox 1002 3295 1245 3348; x_wconf 91' lang='lat' dir='ltr'>operum</span> <span class='ocrx_word' id='word_1_341' title='bbox 1262 3281 1531 3350; x_wconf 88' lang='lat' dir='ltr'>speciem,</span> <span class='ocrx_word' id='word_1_342' title='bbox 1559 3296 1675 3336; x_wconf 91' lang='lat' dir='ltr'>non</span> <span class='ocrx_word' id='word_1_343' title='bbox 1694 3280 1824 3349; x_wconf 83' lang='lat' dir='ltr'>fru-</span> 
     </span>
    </p>
   </div>
   <div class='ocr_carea' id='block_1_50' title="bbox 163 3369 1824 3428">
    <p class='ocr_par' dir='ltr' id='par_1_50' title="bbox 163 3369 1824 3428">
     <span class='ocr_line' id='line_1_50' title="bbox 163 3369 1824 3428; baseline -0.002 0"><span class='ocrx_word' id='word_1_344' title='bbox 163 3378 329 3428; x_wconf 85' lang='lat' dir='ltr'>ctum</span> <span class='ocrx_word' id='word_1_345' title='bbox 359 3369 553 3426; x_wconf 86' lang='lat' dir='ltr'>habet.</span> <span class='ocrx_word' id='word_1_346' title='bbox 580 3372 748 3425; x_wconf 90' lang='lat' dir='ltr'>Dona</span> <span class='ocrx_word' id='word_1_347' title='bbox 766 3370 868 3426; x_wconf 91' lang='lat' dir='ltr'>Dei</span> <span class='ocrx_word' id='word_1_348' title='bbox 883 3370 963 3425; x_wconf 88' lang='lat' dir='ltr'>ad</span> <span class='ocrx_word' id='word_1_349' title='bbox 982 3370 1409 3427; x_wconf 83' lang='lat' dir='ltr'>incrementum</span> <span class='ocrx_word' id='word_1_350' title='bbox 1422 3370 1824 3426; x_wconf 82' lang='lat' dir='ltr'>damnationis</span> 
     </span>
    </p>
   </div>
   <div class='ocr_carea' id='block_1_51' title="bbox 163 3458 1823 3530">
    <p class='ocr_par' dir='ltr' id='par_1_51' title="bbox 163 3458 1823 3530">
     <span class='ocr_line' id='line_1_51' title="bbox 163 3458 1823 3530; baseline -0.002 -12"><span class='ocrx_word' id='word_1_351' title='bbox 163 3461 367 3518; x_wconf 87' lang='lat' dir='ltr'>habet.</span> <span class='ocrx_word' id='word_1_352' title='bbox 387 3491 449 3499; x_wconf 90' lang='lat'>——</span> <span class='ocrx_word' id='word_1_353' title='bbox 481 3458 667 3530; x_wconf 89' lang='lat' dir='ltr'>Scirpi</span> <span class='ocrx_word' id='word_1_354' title='bbox 697 3473 840 3529; x_wconf 89' lang='lat' dir='ltr'>ergo</span> <span class='ocrx_word' id='word_1_355' title='bbox 864 3458 958 3514; x_wconf 92' lang='lat' dir='ltr'>vel</span> <span class='ocrx_word' id='word_1_356' title='bbox 983 3460 1197 3514; x_wconf 90' lang='lat' dir='ltr'>carecti</span> <span class='ocrx_word' id='word_1_357' title='bbox 1223 3461 1467 3514; x_wconf 91' lang='lat' dir='ltr'>nomine</span> <span class='ocrx_word' id='word_1_358' title='bbox 1496 3460 1823 3530; x_wconf 61' lang='lat' dir='ltr'>hypocrita:</span> 
     </span>
    </p>
   </div>
   <div class='ocr_carea' id='block_1_52' title="bbox 160 3548 1820 3620">
    <p class='ocr_par' dir='ltr' id='par_1_52' title="bbox 160 3548 1820 3620">
     <span class='ocr_line' id='line_1_52' title="bbox 160 3548 1820 3620; baseline -0.001 -15"><span class='ocrx_word' id='word_1_359' title='bbox 160 3552 357 3606; x_wconf 87' lang='lat' dir='ltr'>vitam</span> <span class='ocrx_word' id='word_1_360' title='bbox 371 3549 589 3617; x_wconf 87' lang='lat' dir='ltr'>signat,</span> <span class='ocrx_word' id='word_1_361' title='bbox 606 3563 739 3619; x_wconf 61' lang='lat' dir='ltr'>qua;</span> <span class='ocrx_word' id='word_1_362' title='bbox 757 3548 1013 3619; x_wconf 87' lang='lat' dir='ltr'>speciem</span> <span class='ocrx_word' id='word_1_363' title='bbox 1030 3548 1277 3620; x_wconf 89' lang='lat' dir='ltr'>quidem</span> <span class='ocrx_word' id='word_1_364' title='bbox 1299 3548 1609 3603; x_wconf 90' lang='lat' dir='ltr'>viriditatis</span> <span class='ocrx_word' id='word_1_365' title='bbox 1621 3548 1820 3612; x_wconf 90' lang='lat' dir='ltr'>habet,</span> 
     </span>
    </p>
   </div>
   <div class='ocr_carea' id='block_1_53' title="bbox 161 3636 1820 3705">
    <p class='ocr_par' dir='ltr' id='par_1_53' title="bbox 161 3636 1820 3705">
     <span class='ocr_line' id='line_1_53' title="bbox 161 3636 1820 3705; baseline -0.001 -9"><span class='ocrx_word' id='word_1_366' title='bbox 161 3641 271 3696; x_wconf 91' lang='lat' dir='ltr'>sed</span> <span class='ocrx_word' id='word_1_367' title='bbox 291 3639 373 3695; x_wconf 84' lang='lat' dir='ltr'>ad</span> <span class='ocrx_word' id='word_1_368' title='bbox 384 3637 685 3693; x_wconf 90' lang='lat' dir='ltr'>humanos</span> <span class='ocrx_word' id='word_1_369' title='bbox 699 3653 843 3692; x_wconf 90' lang='lat' dir='ltr'>usus</span> <span class='ocrx_word' id='word_1_370' title='bbox 860 3650 884 3679; x_wconf 81' lang='grc' dir='ltr'><strong>ο</strong></span> <span class='ocrx_word' id='word_1_371' title='bbox 912 3636 1170 3694; x_wconf 90' lang='lat' dir='ltr'>fructum</span> <span class='ocrx_word' id='word_1_372' title='bbox 1193 3636 1457 3693; x_wconf 86' lang='lat' dir='ltr'>utilitatis</span> <span class='ocrx_word' id='word_1_373' title='bbox 1478 3653 1599 3693; x_wconf 93' lang='lat' dir='ltr'>non</span> <span class='ocrx_word' id='word_1_374' title='bbox 1620 3638 1820 3705; x_wconf 91' lang='lat' dir='ltr'>habet,</span> 
     </span>
    </p>
   </div>
   <div class='ocr_carea' id='block_1_54' title="bbox 158 3726 1821 3803">
    <p class='ocr_par' dir='ltr' id='par_1_54' title="bbox 158 3726 1821 3803">
     <span class='ocr_line' id='line_1_54' title="bbox 158 3726 1821 3803; baseline -0.001 -18"><span class='ocrx_word' id='word_1_375' title='bbox 158 3745 324 3803; x_wconf 70' lang='lat' dir='ltr'>quae,</span> <span class='ocrx_word' id='word_1_376' title='bbox 359 3726 659 3783; x_wconf 88' lang='lat' dir='ltr'>sterilitate</span> <span class='ocrx_word' id='word_1_377' title='bbox 689 3727 885 3799; x_wconf 90' lang='lat' dir='ltr'>operis</span> <span class='ocrx_word' id='word_1_378' title='bbox 918 3727 1087 3782; x_wconf 90' lang='lat' dir='ltr'>arida</span> <span class='ocrx_word' id='word_1_379' title='bbox 1113 3742 1495 3797; x_wconf 88' lang='lat' dir='ltr'>permanens,</span> <span class='ocrx_word' id='word_1_380' title='bbox 1525 3727 1652 3784; x_wconf 92' lang='lat' dir='ltr'>solo</span> <span class='ocrx_word' id='word_1_381' title='bbox 1684 3744 1821 3785; x_wconf 89' lang='lat' dir='ltr'>san-</span> 
     </span>
    </p>
   </div>
   <div class='ocr_carea' id='block_1_55' title="bbox 159 3814 1822 3888">
    <p class='ocr_par' dir='ltr' id='par_1_55' title="bbox 159 3814 1822 3888">
     <span class='ocr_line' id='line_1_55' title="bbox 159 3814 1822 3888; baseline -0.001 -13"><span class='ocrx_word' id='word_1_382' title='bbox 159 3817 385 3875; x_wconf 86' lang='lat' dir='ltr'>ctitatis</span> <span class='ocrx_word' id='word_1_383' title='bbox 423 3816 617 3872; x_wconf 85' lang='lat' dir='ltr'>colore</span> <span class='ocrx_word' id='word_1_384' title='bbox 637 3815 947 3871; x_wconf 89' lang='lat' dir='ltr'>viridescit.</span> <span class='ocrx_word' id='word_1_385' title='bbox 995 3814 1146 3887; x_wconf 83' lang='lat' dir='ltr'>[Vet.</span> <span class='ocrx_word' id='word_1_386' title='bbox 1190 3816 1304 3870; x_wconf 84' lang='lat' dir='ltr'><em>XX</em></span> <span class='ocrx_word' id='word_1_387' title='bbox 1314 3814 1469 3887; x_wconf 85' lang='lat' dir='ltr'>VII.]</span> <span class='ocrx_word' id='word_1_388' title='bbox 1494 3816 1605 3871; x_wconf 92' lang='lat' dir='ltr'>Sed</span> <span class='ocrx_word' id='word_1_389' title='bbox 1629 3832 1822 3888; x_wconf 87' lang='lat' dir='ltr'>neque</span> 
     </span>
    </p>
   </div>
   <div class='ocr_carea' id='block_1_56' title="bbox 156 3905 1823 3979">
    <p class='ocr_par' dir='ltr' id='par_1_56' title="bbox 156 3905 1823 3979">
     <span class='ocr_line' id='line_1_56' title="bbox 156 3905 1823 3979; baseline 0 -17"><span class='ocrx_word' id='word_1_390' title='bbox 156 3909 291 3964; x_wconf 87' lang='lat' dir='ltr'>sine</span> <span class='ocrx_word' id='word_1_391' title='bbox 306 3907 562 3962; x_wconf 89' lang='lat' dir='ltr'>humore</span> <span class='ocrx_word' id='word_1_392' title='bbox 577 3906 1031 3977; x_wconf 89' lang='lat' dir='ltr'>scirpus,neque</span> <span class='ocrx_word' id='word_1_393' title='bbox 1045 3905 1170 3960; x_wconf 88' lang='lat' dir='ltr'>sine</span> <span class='ocrx_word' id='word_1_394' title='bbox 1190 3921 1350 3977; x_wconf 89' lang='lat' dir='ltr'>aqua</span> <span class='ocrx_word' id='word_1_395' title='bbox 1361 3910 1661 3962; x_wconf 91' lang='lat' dir='ltr'>carectum</span> <span class='ocrx_word' id='word_1_396' title='bbox 1689 3923 1823 3979; x_wconf 87' lang='lat' dir='ltr'>pro-</span> 
     </span>
    </p>
   </div>
   <div class='ocr_carea' id='block_1_57' title="bbox 154 3994 1822 4068">
    <p class='ocr_par' dir='ltr' id='par_1_57' title="bbox 154 3994 1822 4068">
     <span class='ocr_line' id='line_1_57' title="bbox 154 3994 1822 4068; baseline -0.001 -14"><span class='ocrx_word' id='word_1_397' title='bbox 154 3999 307 4064; x_wconf 87' lang='lat' dir='ltr'>ﬁcit,</span> <span class='ocrx_word' id='word_1_398' title='bbox 333 3995 478 4068; x_wconf 91' lang='lat' dir='ltr'>quia</span> <span class='ocrx_word' id='word_1_399' title='bbox 492 3995 940 4067; x_wconf 88' lang='lat' dir='ltr'>hypocritarum</span> <span class='ocrx_word' id='word_1_400' title='bbox 964 3995 1085 4051; x_wconf 91' lang='lat' dir='ltr'>vita</span> <span class='ocrx_word' id='word_1_401' title='bbox 1097 3994 1173 4050; x_wconf 90' lang='lat' dir='ltr'>ad</span> <span class='ocrx_word' id='word_1_402' title='bbox 1197 3995 1357 4051; x_wconf 88' lang='lat' dir='ltr'>bona</span> <span class='ocrx_word' id='word_1_403' title='bbox 1378 4011 1563 4066; x_wconf 91' lang='lat' dir='ltr'>opera</span> <span class='ocrx_word' id='word_1_404' title='bbox 1579 3996 1822 4052; x_wconf 87' lang='lat' dir='ltr'>infusio-</span> 
     </span>
    </p>
   </div>
   <div class='ocr_carea' id='block_1_58' title="bbox 155 4085 1823 4158">
    <p class='ocr_par' dir='ltr' id='par_1_58' title="bbox 155 4085 1823 4158">
     <span class='ocr_line' id='line_1_58' title="bbox 155 4085 1823 4158; baseline -0.002 -13"><span class='ocrx_word' id='word_1_405' title='bbox 155 4106 303 4145; x_wconf 90' lang='lat' dir='ltr'>nem</span> <span class='ocrx_word' id='word_1_406' title='bbox 337 4086 582 4158; x_wconf 90' lang='lat' dir='ltr'>quidem</span> <span class='ocrx_word' id='word_1_407' title='bbox 605 4085 845 4156; x_wconf 86' lang='lat' dir='ltr'>superni</span> <span class='ocrx_word' id='word_1_408' title='bbox 869 4086 1131 4140; x_wconf 88' lang='lat' dir='ltr'>muneris</span> <span class='ocrx_word' id='word_1_409' title='bbox 1155 4086 1420 4156; x_wconf 87' lang='lat' dir='ltr'>percipit,</span> <span class='ocrx_word' id='word_1_410' title='bbox 1450 4086 1573 4152; x_wconf 91' lang='lat' dir='ltr'>sed,</span> <span class='ocrx_word' id='word_1_411' title='bbox 1599 4087 1658 4142; x_wconf 92' lang='lat' dir='ltr'>in</span> <span class='ocrx_word' id='word_1_412' title='bbox 1683 4104 1823 4143; x_wconf 89' lang='lat' dir='ltr'>cun-</span> 
     </span>
    </p>
   </div>
   <div class='ocr_carea' id='block_1_59' title="bbox 154 4172 1822 4247">
    <p class='ocr_par' dir='ltr' id='par_1_59' title="bbox 154 4172 1822 4247">
     <span class='ocr_line' id='line_1_59' title="bbox 154 4172 1822 4247; baseline -0.001 -13"><span class='ocrx_word' id='word_1_413' title='bbox 154 4179 266 4234; x_wconf 91' lang='lat' dir='ltr'>ctis</span> <span class='ocrx_word' id='word_1_414' title='bbox 297 4191 439 4247; x_wconf 63' lang='lat' dir='ltr'>quas</span> <span class='ocrx_word' id='word_1_415' title='bbox 470 4174 592 4244; x_wconf 89' lang='lat' dir='ltr'>agit</span> <span class='ocrx_word' id='word_1_416' title='bbox 619 4173 937 4229; x_wconf 81' lang='lat' dir='ltr'>exteriores</span> <span class='ocrx_word' id='word_1_417' title='bbox 976 4172 1185 4228; x_wconf 91' lang='lat' dir='ltr'>laudes</span> <span class='ocrx_word' id='word_1_418' title='bbox 1218 4179 1530 4246; x_wconf 89' lang='lat' dir='ltr'>appetens,</span> <span class='ocrx_word' id='word_1_419' title='bbox 1563 4192 1599 4231; x_wconf 89' lang='lat' dir='ltr'>a</span> <span class='ocrx_word' id='word_1_420' title='bbox 1628 4174 1822 4233; x_wconf 87' lang='lat' dir='ltr'>fructu</span> 
     </span>
    </p>
   </div>
   <div class='ocr_carea' id='block_1_60' title="bbox 150 4261 1825 4340">
    <p class='ocr_par' dir='ltr' id='par_1_60' title="bbox 150 4261 1825 4340">
     <span class='ocr_line' id='line_1_60' title="bbox 150 4261 1825 4340; baseline -0.001 -16"><span class='ocrx_word' id='word_1_421' title='bbox 150 4268 463 4340; x_wconf 65' lang='lat' dir='ltr'>perceptas</span> <span class='ocrx_word' id='word_1_422' title='bbox 492 4261 806 4318; x_wconf 89' lang='lat' dir='ltr'>infusionis</span> <span class='ocrx_word' id='word_1_423' title='bbox 836 4262 1147 4319; x_wconf 90' lang='lat' dir='ltr'>inanescit.</span> <span class='ocrx_word' id='word_1_424' title='bbox 1183 4264 1349 4334; x_wconf 81' lang='lat' dir='ltr'>Saepe</span> <span class='ocrx_word' id='word_1_425' title='bbox 1380 4280 1643 4337; x_wconf 90' lang='lat' dir='ltr'>namque</span> <span class='ocrx_word' id='word_1_426' title='bbox 1672 4266 1825 4323; x_wconf 89' lang='lat' dir='ltr'>mira</span> 
     </span>
    </p>
   </div>
   <div class='ocr_carea' id='block_1_61' title="bbox 156 4350 1823 4426">
    <p class='ocr_par' dir='ltr' id='par_1_61' title="bbox 156 4350 1823 4426">
     <span class='ocr_line' id='line_1_61' title="bbox 156 4350 1823 4426; baseline -0.001 -15"><span class='ocrx_word' id='word_1_427' title='bbox 156 4356 481 4425; x_wconf 87' lang='lat' dir='ltr'>signorum</span> <span class='ocrx_word' id='word_1_428' title='bbox 500 4367 684 4423; x_wconf 89' lang='lat' dir='ltr'>opera</span> <span class='ocrx_word' id='word_1_429' title='bbox 696 4350 938 4414; x_wconf 85' lang='lat' dir='ltr'>faciunt,</span> <span class='ocrx_word' id='word_1_430' title='bbox 954 4351 1032 4407; x_wconf 90' lang='lat' dir='ltr'>ab</span> <span class='ocrx_word' id='word_1_431' title='bbox 1045 4350 1305 4406; x_wconf 90' lang='lat' dir='ltr'>obsessis</span> <span class='ocrx_word' id='word_1_432' title='bbox 1330 4354 1681 4424; x_wconf 91' lang='lat' dir='ltr'>corporibus</span> <span class='ocrx_word' id='word_1_433' title='bbox 1707 4356 1823 4426; x_wconf 90' lang='lat' dir='ltr'>spi-</span> 
     </span>
    </p>
   </div>
   <div class='ocr_carea' id='block_1_62' title="bbox 153 4440 1820 4515">
    <p class='ocr_par' dir='ltr' id='par_1_62' title="bbox 153 4440 1820 4515">
     <span class='ocr_line' id='line_1_62' title="bbox 153 4440 1820 4515; baseline -0.001 -15"><span class='ocrx_word' id='word_1_434' title='bbox 153 4446 316 4500; x_wconf 85' lang='lat' dir='ltr'>ritus</span> <span class='ocrx_word' id='word_1_435' title='bbox 329 4441 578 4514; x_wconf 89' lang='lat' dir='ltr'>pellunt,</span> <span class='ocrx_word' id='word_1_436' title='bbox 598 4444 652 4497; x_wconf 91' lang='lat' dir='ltr'>et</span> <span class='ocrx_word' id='word_1_437' title='bbox 672 4456 778 4512; x_wconf 90' lang='lat' dir='ltr'>per</span> <span class='ocrx_word' id='word_1_438' title='bbox 804 4440 1130 4513; x_wconf 74' lang='lat' dir='ltr'>prophetiae</span> <span class='ocrx_word' id='word_1_439' title='bbox 1152 4441 1376 4497; x_wconf 92' lang='lat' dir='ltr'>donum</span> <span class='ocrx_word' id='word_1_440' title='bbox 1393 4448 1641 4498; x_wconf 90' lang='lat' dir='ltr'>ventura</span> <span class='ocrx_word' id='word_1_441' title='bbox 1661 4460 1820 4515; x_wconf 75' lang='lat' dir='ltr'>quae-</span> 
     </span>
    </p>
   </div>
   <div class='ocr_carea' id='block_1_63' title="bbox 154 4528 1822 4606">
    <p class='ocr_par' dir='ltr' id='par_1_63' title="bbox 154 4528 1822 4606">
     <span class='ocr_line' id='line_1_63' title="bbox 154 4528 1822 4606; baseline 0 -17"><span class='ocrx_word' id='word_1_442' title='bbox 154 4550 280 4606; x_wconf 88' lang='lat' dir='ltr'>que</span> <span class='ocrx_word' id='word_1_443' title='bbox 318 4530 562 4587; x_wconf 89' lang='lat' dir='ltr'>sciendo</span> <span class='ocrx_word' id='word_1_444' title='bbox 602 4528 989 4602; x_wconf 81' lang='lat' dir='ltr'>praeveniunt.</span> <span class='ocrx_word' id='word_1_445' title='bbox 1016 4530 1120 4584; x_wconf 91' lang='lat' dir='ltr'>sed</span> <span class='ocrx_word' id='word_1_446' title='bbox 1145 4535 1342 4586; x_wconf 91' lang='lat' dir='ltr'>tamen</span> <span class='ocrx_word' id='word_1_447' title='bbox 1365 4547 1399 4586; x_wconf 90' lang='lat' dir='ltr'>a</span> <span class='ocrx_word' id='word_1_448' title='bbox 1430 4531 1707 4601; x_wconf 86' lang='lat' dir='ltr'>largitore</span> <span class='ocrx_word' id='word_1_449' title='bbox 1738 4538 1822 4589; x_wconf 92' lang='lat' dir='ltr'>tot</span> 
     </span>
    </p>
   </div>
   <div class='ocr_carea' id='block_1_64' title="bbox 155 4618 1824 4693">
    <p class='ocr_par' dir='ltr' id='par_1_64' title="bbox 155 4618 1824 4693">
     <span class='ocr_line' id='line_1_64' title="bbox 155 4618 1824 4693; baseline -0.001 -14"><span class='ocrx_word' id='word_1_450' title='bbox 155 4636 491 4679; x_wconf 86' lang='lat' dir='ltr'>munerum</span> <span class='ocrx_word' id='word_1_451' title='bbox 513 4619 887 4690; x_wconf 80' lang='lat' dir='ltr'>cogitationis</span> <span class='ocrx_word' id='word_1_452' title='bbox 912 4618 1238 4676; x_wconf 88' lang='lat' dir='ltr'>intentione</span> <span class='ocrx_word' id='word_1_453' title='bbox 1278 4620 1455 4676; x_wconf 89' lang='lat' dir='ltr'>divisi</span> <span class='ocrx_word' id='word_1_454' title='bbox 1486 4627 1643 4687; x_wconf 90' lang='lat' dir='ltr'>sunt,</span> <span class='ocrx_word' id='word_1_455' title='bbox 1679 4622 1824 4693; x_wconf 89' lang='lat' dir='ltr'>quia</span> 
     </span>
    </p>
   </div>
   <div class='ocr_carea' id='block_1_65' title="bbox 155 4708 1825 4784">
    <p class='ocr_par' dir='ltr' id='par_1_65' title="bbox 155 4708 1825 4784">
     <span class='ocr_line' id='line_1_65' title="bbox 155 4708 1825 4784; baseline -0.001 -16"><span class='ocrx_word' id='word_1_456' title='bbox 155 4727 268 4784; x_wconf 90' lang='lat' dir='ltr'>per</span> <span class='ocrx_word' id='word_1_457' title='bbox 293 4710 350 4781; x_wconf 89' lang='lat' dir='ltr'>ej</span> <span class='ocrx_word' id='word_1_458' title='bbox 362 4726 430 4765; x_wconf 91' lang='lat' dir='ltr'>us</span> <span class='ocrx_word' id='word_1_459' title='bbox 455 4709 619 4765; x_wconf 90' lang='lat' dir='ltr'>dona</span> <span class='ocrx_word' id='word_1_460' title='bbox 642 4724 761 4765; x_wconf 91' lang='lat' dir='ltr'>non</span> <span class='ocrx_word' id='word_1_461' title='bbox 777 4708 904 4779; x_wconf 89' lang='lat' dir='ltr'>ejus</span> <span class='ocrx_word' id='word_1_462' title='bbox 927 4708 1206 4777; x_wconf 85' lang='lat' dir='ltr'>gloriam,</span> <span class='ocrx_word' id='word_1_463' title='bbox 1237 4709 1339 4765; x_wconf 91' lang='lat' dir='ltr'>sed</span> <span class='ocrx_word' id='word_1_464' title='bbox 1366 4711 1639 4781; x_wconf 90' lang='lat' dir='ltr'>proprios</span> <span class='ocrx_word' id='word_1_465' title='bbox 1664 4710 1825 4767; x_wconf 86' lang='lat' dir='ltr'>favo-</span> 
     </span>
    </p>
   </div>
   <div class='ocr_carea' id='block_1_66' title="bbox 154 4796 1825 4872">
    <p class='ocr_par' dir='ltr' id='par_1_66' title="bbox 154 4796 1825 4872">
     <span class='ocr_line' id='line_1_66' title="bbox 154 4796 1825 4872; baseline 0.001 -18"><span class='ocrx_word' id='word_1_466' title='bbox 154 4817 253 4856; x_wconf 89' lang='lat' dir='ltr'>res</span> <span class='ocrx_word' id='word_1_467' title='bbox 267 4802 832 4872; x_wconf 66' lang='lat' dir='ltr'>quaaruntmumque</span> <span class='ocrx_word' id='word_1_468' title='bbox 858 4813 958 4868; x_wconf 92' lang='lat' dir='ltr'>per</span> <span class='ocrx_word' id='word_1_469' title='bbox 983 4796 1252 4870; x_wconf 85' lang='lat' dir='ltr'>acceptad</span> <span class='ocrx_word' id='word_1_470' title='bbox 1270 4800 1426 4855; x_wconf 91' lang='lat' dir='ltr'>bona</span> <span class='ocrx_word' id='word_1_471' title='bbox 1443 4800 1500 4855; x_wconf 91' lang='lat' dir='ltr'>in</span> <span class='ocrx_word' id='word_1_472' title='bbox 1520 4816 1628 4855; x_wconf 90' lang='lat' dir='ltr'>sua</span> <span class='ocrx_word' id='word_1_473' title='bbox 1648 4799 1825 4856; x_wconf 91' lang='lat' dir='ltr'>laude</span> 
     </span>
    </p>
   </div>
   <div class='ocr_carea' id='block_1_67' title="bbox 152 4886 1825 4960">
    <p class='ocr_par' dir='ltr' id='par_1_67' title="bbox 152 4886 1825 4960">
     <span class='ocr_line' id='line_1_67' title="bbox 152 4886 1825 4960; baseline 0 -16"><span class='ocrx_word' id='word_1_474' title='bbox 152 4906 217 4946; x_wconf 90' lang='lat' dir='ltr'>se</span> <span class='ocrx_word' id='word_1_475' title='bbox 249 4888 514 4951; x_wconf 89' lang='lat' dir='ltr'>elevant,</span> <span class='ocrx_word' id='word_1_476' title='bbox 555 4886 698 4957; x_wconf 89' lang='lat' dir='ltr'>ipsis</span> <span class='ocrx_word' id='word_1_477' title='bbox 720 4886 1070 4942; x_wconf 87' lang='lat' dir='ltr'>muneribus</span> <span class='ocrx_word' id='word_1_478' title='bbox 1101 4892 1305 4944; x_wconf 91' lang='lat' dir='ltr'>contra</span> <span class='ocrx_word' id='word_1_479' title='bbox 1334 4888 1672 4959; x_wconf 90' lang='lat' dir='ltr'>largitorem</span> <span class='ocrx_word' id='word_1_480' title='bbox 1716 4906 1825 4960; x_wconf 93' lang='lat' dir='ltr'>pu-</span> 
     </span>
    </p>
   </div>
   <div class='ocr_carea' id='block_1_68' title="bbox 154 4975 1827 5048">
    <p class='ocr_par' dir='ltr' id='par_1_68' title="bbox 154 4975 1827 5048">
     <span class='ocr_line' id='line_1_68' title="bbox 154 4975 1827 5048; baseline 0 -15"><span class='ocrx_word' id='word_1_481' title='bbox 154 4982 378 5048; x_wconf 87' lang='lat' dir='ltr'>gnant.</span> <span class='ocrx_word' id='word_1_482' title='bbox 404 4975 547 5031; x_wconf 87' lang='lat' dir='ltr'>Inde</span> <span class='ocrx_word' id='word_1_483' title='bbox 560 4976 783 5047; x_wconf 90' lang='lat' dir='ltr'>quippe</span> <span class='ocrx_word' id='word_1_484' title='bbox 806 4980 1011 5030; x_wconf 88' lang='lat' dir='ltr'>contra</span> <span class='ocrx_word' id='word_1_485' title='bbox 1024 4976 1266 5031; x_wconf 89' lang='lat' dir='ltr'>dantem</span> <span class='ocrx_word' id='word_1_486' title='bbox 1285 4977 1827 5047; x_wconf 88' lang='lat' dir='ltr'>superbiunt,unde</span> 
     </span>
    </p>
   </div>
   <div class='ocr_carea' id='block_1_69' title="bbox 155 5064 1827 5139">
    <p class='ocr_par' dir='ltr' id='par_1_69' title="bbox 155 5064 1827 5139">
     <span class='ocr_line' id='line_1_69' title="bbox 155 5064 1827 5139; baseline -0.001 -15"><span class='ocrx_word' id='word_1_487' title='bbox 155 5065 498 5139; x_wconf 89' lang='lat' dir='ltr'>eiamplius</span> <span class='ocrx_word' id='word_1_488' title='bbox 515 5064 776 5120; x_wconf 90' lang='lat' dir='ltr'>humiles</span> <span class='ocrx_word' id='word_1_489' title='bbox 797 5080 928 5120; x_wconf 79' lang='lat' dir='ltr'>esse</span> <span class='ocrx_word' id='word_1_490' title='bbox 946 5064 1421 5121; x_wconf 86' lang='lat' dir='ltr'>debuerunt.Sed</span> <span class='ocrx_word' id='word_1_491' title='bbox 1447 5082 1517 5122; x_wconf 93' lang='lat' dir='ltr'>eo</span> <span class='ocrx_word' id='word_1_492' title='bbox 1543 5082 1644 5121; x_wconf 92' lang='lat' dir='ltr'>eos</span> <span class='ocrx_word' id='word_1_493' title='bbox 1667 5071 1827 5137; x_wconf 88' lang='lat' dir='ltr'>post-</span> 
     </span>
    </p>
   </div>
   <div class='ocr_carea' id='block_1_70' title="bbox 156 5154 1829 5228">
    <p class='ocr_par' dir='ltr' id='par_1_70' title="bbox 156 5154 1829 5228">
     <span class='ocr_line' id='line_1_70' title="bbox 156 5154 1829 5228; baseline -0.001 -15"><span class='ocrx_word' id='word_1_494' title='bbox 156 5157 422 5213; x_wconf 86' lang='lat' dir='ltr'>modum</span> <span class='ocrx_word' id='word_1_495' title='bbox 446 5154 765 5211; x_wconf 89' lang='lat' dir='ltr'>districtior</span> <span class='ocrx_word' id='word_1_496' title='bbox 782 5154 1071 5211; x_wconf 87' lang='lat' dir='ltr'>sententia</span> <span class='ocrx_word' id='word_1_497' title='bbox 1092 5155 1365 5225; x_wconf 85' lang='lat' dir='ltr'>percutit,</span> <span class='ocrx_word' id='word_1_498' title='bbox 1393 5171 1514 5228; x_wconf 90' lang='lat' dir='ltr'>quo</span> <span class='ocrx_word' id='word_1_499' title='bbox 1553 5170 1714 5211; x_wconf 92' lang='lat' dir='ltr'>nunc</span> <span class='ocrx_word' id='word_1_500' title='bbox 1734 5172 1829 5211; x_wconf 87' lang='lat' dir='ltr'>su-</span> 
     </span>
    </p>
   </div>
   <div class='ocr_carea' id='block_1_71' title="bbox 235 5350 1828 5419">
    <p class='ocr_par' dir='ltr' id='par_1_71' title="bbox 235 5350 1828 5419">
     <span class='ocr_line' id='line_1_71' title="bbox 235 5350 1828 5419; baseline 0.003 -14"><span class='ocrx_word' id='word_1_501' title='bbox 235 5362 266 5395; x_wconf 75' lang='lat' dir='ltr'>a</span> <span class='ocrx_word' id='word_1_502' title='bbox 304 5353 386 5405; x_wconf 89' lang='lat' dir='ltr'>Ita</span> <span class='ocrx_word' id='word_1_503' title='bbox 416 5352 696 5406; x_wconf 87' lang='lat' dir='ltr'>Norman.</span> <span class='ocrx_word' id='word_1_504' title='bbox 726 5352 784 5402; x_wconf 91' lang='lat' dir='ltr'>et</span> <span class='ocrx_word' id='word_1_505' title='bbox 816 5363 968 5419; x_wconf 90' lang='lat' dir='ltr'>pene</span> <span class='ocrx_word' id='word_1_506' title='bbox 1006 5363 1241 5414; x_wconf 90' lang='lat' dir='ltr'>omnes,</span> <span class='ocrx_word' id='word_1_507' title='bbox 1265 5350 1360 5405; x_wconf 91' lang='lat' dir='ltr'>cui</span> <span class='ocrx_word' id='word_1_508' title='bbox 1388 5350 1517 5408; x_wconf 90' lang='lat' dir='ltr'>lect.</span> <span class='ocrx_word' id='word_1_509' title='bbox 1548 5352 1703 5409; x_wconf 87' lang='lat' dir='ltr'>favet</span> <span class='ocrx_word' id='word_1_510' title='bbox 1732 5353 1828 5410; x_wconf 87' lang='lat' dir='ltr'>ite-</span> 
     </span>
    </p>
   </div>
   <div class='ocr_carea' id='block_1_72' title="bbox 157 5420 1717 5492">
    <p class='ocr_par' dir='ltr' id='par_1_72' title="bbox 157 5420 1717 5492">
     <span class='ocr_line' id='line_1_72' title="bbox 157 5420 1717 5492; baseline 0.001 -14"><span class='ocrx_word' id='word_1_511' title='bbox 157 5428 303 5479; x_wconf 88' lang='lat' dir='ltr'>rata</span> <span class='ocrx_word' id='word_1_512' title='bbox 332 5420 647 5476; x_wconf 88' lang='lat' dir='ltr'>viriditatis</span> <span class='ocrx_word' id='word_1_513' title='bbox 688 5420 930 5474; x_wconf 90' lang='lat' dir='ltr'>mentio.</span> <span class='ocrx_word' id='word_1_514' title='bbox 966 5423 1027 5475; x_wconf 88' lang='lat' dir='ltr'>In</span> <span class='ocrx_word' id='word_1_515' title='bbox 1064 5420 1234 5476; x_wconf 80' lang='lat' dir='ltr'>Editis</span> <span class='ocrx_word' id='word_1_516' title='bbox 1264 5421 1476 5492; x_wconf 82' lang='lat' dir='ltr'>legitur</span> <span class='ocrx_word' id='word_1_517' title='bbox 1509 5425 1717 5482; x_wconf 88' lang='lat' dir='ltr'>vivere.</span> 
     </span>
    </p>
   </div>
   <div class='ocr_carea' id='block_1_73' title="bbox 236 5492 937 5555">
    <p class='ocr_par' dir='ltr' id='par_1_73' title="bbox 236 5492 937 5555">
     <span class='ocr_line' id='line_1_73' title="bbox 236 5492 937 5555; baseline -0.004 -6"><span class='ocrx_word' id='word_1_518' title='bbox 236 5493 271 5535; x_wconf 77' lang='lat' dir='ltr'>b</span> <span class='ocrx_word' id='word_1_519' title='bbox 306 5493 474 5549; x_wconf 88' lang='lat' dir='ltr'>Corb.</span> <span class='ocrx_word' id='word_1_520' title='bbox 530 5494 745 5555; x_wconf 88' lang='lat' dir='ltr'>Germ.,</span> <span class='ocrx_word' id='word_1_521' title='bbox 780 5492 937 5548; x_wconf 73' lang='lat' dir='ltr'>vitae.</span> 
     </span>
    </p>
   </div>
   <div class='ocr_carea' id='block_1_74' title="bbox 239 5563 1468 5633">
    <p class='ocr_par' dir='ltr' id='par_1_74' title="bbox 239 5563 1468 5633">
     <span class='ocr_line' id='line_1_74' title="bbox 239 5563 1468 5633; baseline 0.001 -13"><span class='ocrx_word' id='word_1_522' title='bbox 239 5578 268 5607; x_wconf 77' lang='grc' dir='ltr'><strong>ο</strong></span> <span class='ocrx_word' id='word_1_523' title='bbox 306 5563 578 5620; x_wconf 81' lang='lat' dir='ltr'>Nonnulli</span> <span class='ocrx_word' id='word_1_524' title='bbox 610 5565 764 5626; x_wconf 81' lang='lat' dir='ltr'>Mss.,</span> <span class='ocrx_word' id='word_1_525' title='bbox 790 5563 1059 5633; x_wconf 82' lang='lat' dir='ltr'>fructum</span> <span class='ocrx_word' id='word_1_526' title='bbox 1094 5565 1468 5622; x_wconf 84' lang='lat' dir='ltr'>humilitatis.</span> 
     </span>
    </p>
   </div>
   <div class='ocr_carea' id='block_1_75' title="bbox 243 5636 1830 5706">
    <p class='ocr_par' dir='ltr' id='par_1_75' title="bbox 243 5636 1830 5706">
     <span class='ocr_line' id='line_1_75' title="bbox 243 5636 1830 5706; baseline 0.003 -15"><span class='ocrx_word' id='word_1_527' title='bbox 243 5636 272 5677; x_wconf 74' lang='grc' dir='ltr'>ἀ</span> <span class='ocrx_word' id='word_1_528' title='bbox 310 5637 528 5691; x_wconf 88' lang='lat' dir='ltr'>Gemet.</span> <span class='ocrx_word' id='word_1_529' title='bbox 553 5643 608 5690; x_wconf 91' lang='lat' dir='ltr'>et</span> <span class='ocrx_word' id='word_1_530' title='bbox 639 5638 856 5699; x_wconf 88' lang='lat' dir='ltr'>Germ.,</span> <span class='ocrx_word' id='word_1_531' title='bbox 882 5650 1127 5706; x_wconf 88' lang='lat' dir='ltr'>eumque</span> <span class='ocrx_word' id='word_1_532' title='bbox 1144 5644 1422 5705; x_wconf 88' lang='lat' dir='ltr'>percepta</span> <span class='ocrx_word' id='word_1_533' title='bbox 1453 5639 1604 5695; x_wconf 90' lang='lat' dir='ltr'>bona</span> <span class='ocrx_word' id='word_1_534' title='bbox 1631 5640 1694 5695; x_wconf 90' lang='lat' dir='ltr'>in</span> <span class='ocrx_word' id='word_1_535' title='bbox 1721 5655 1830 5696; x_wconf 89' lang='lat' dir='ltr'>sua</span> 
     </span>
    </p>
   </div>
   <div class='ocr_carea' id='block_1_76' title="bbox 162 5706 1831 5781">
    <p class='ocr_par' dir='ltr' id='par_1_76' title="bbox 162 5706 1831 5781">
     <span class='ocr_line' id='line_1_76' title="bbox 162 5706 1831 5781; baseline -0.001 -15"><span class='ocrx_word' id='word_1_536' title='bbox 162 5708 359 5766; x_wconf 84' lang='lat' dir='ltr'>laude</span> <span class='ocrx_word' id='word_1_537' title='bbox 388 5709 604 5765; x_wconf 78' lang='lat' dir='ltr'>levant.</span> <span class='ocrx_word' id='word_1_538' title='bbox 628 5710 778 5779; x_wconf 83' lang='lat' dir='ltr'>Lyr.,</span> <span class='ocrx_word' id='word_1_539' title='bbox 795 5706 1702 5781; x_wconf 86' lang='lat' dir='ltr'>Bigot.,Utic.,Vindoc.,cumque</span> <span class='ocrx_word' id='word_1_540' title='bbox 1721 5725 1831 5781; x_wconf 85' lang='lat' dir='ltr'>per</span> 
     </span>
    </p>
   </div>
   <div class='ocr_carea' id='block_1_77' title="bbox 465 5822 957 5880">
    <p class='ocr_par' dir='ltr' id='par_1_77' title="bbox 465 5822 957 5880">
     <span class='ocr_line' id='line_1_77' title="bbox 465 5822 957 5880; baseline -0.002 -2"><span class='ocrx_word' id='word_1_541' title='bbox 465 5825 705 5880; x_wconf 74' lang='lat' dir='ltr'>PATBOL.</span> <span class='ocrx_word' id='word_1_542' title='bbox 741 5822 957 5879; x_wconf 87' lang='lat' dir='ltr'>LXXV.</span> 
     </span>
    </p>
   </div>
   <div class='ocr_carea' id='block_1_78' title="bbox 1939 1861 3597 1943">
    <p class='ocr_par' dir='ltr' id='par_1_78' title="bbox 1939 1861 3597 1943">
     <span class='ocr_line' id='line_1_78' title="bbox 1939 1861 3597 1943; baseline 0.008 -28"><span class='ocrx_word' id='word_1_543' title='bbox 1939 1865 2139 1916; x_wconf 91' lang='lat' dir='ltr'>autem</span> <span class='ocrx_word' id='word_1_544' title='bbox 2163 1861 2609 1917; x_wconf 87' lang='lat' dir='ltr'>subditur:Cum</span> <span class='ocrx_word' id='word_1_545' title='bbox 2631 1864 2831 1920; x_wconf 86' lang='lat' dir='ltr'>adhuc</span> <span class='ocrx_word' id='word_1_546' title='bbox 2850 1866 2925 1920; x_wconf 87' lang='lat' dir='ltr'>sit</span> <span class='ocrx_word' id='word_1_547' title='bbox 2949 1867 3009 1920; x_wconf 87' lang='lat' dir='ltr'>in</span> <span class='ocrx_word' id='word_1_548' title='bbox 3028 1868 3310 1936; x_wconf 84' lang='lat' dir='ltr'>ﬂore,nec</span> <span class='ocrx_word' id='word_1_549' title='bbox 3330 1879 3597 1943; x_wconf 83' lang='lat' dir='ltr'>carpatur</span> 
     </span>
    </p>
   </div>
   <div class='ocr_carea' id='block_1_79' title="bbox 1937 1952 3598 2029">
    <p class='ocr_par' dir='ltr' id='par_1_79' title="bbox 1937 1952 3598 2029">
     <span class='ocr_line' id='line_1_79' title="bbox 1937 1952 3598 2029; baseline 0.009 -25"><span class='ocrx_word' id='word_1_550' title='bbox 1937 1965 2140 2015; x_wconf 87' lang='lat' dir='ltr'>manu,</span> <span class='ocrx_word' id='word_1_551' title='bbox 2166 1956 2305 2006; x_wconf 88' lang='lat' dir='ltr'>ante</span> <span class='ocrx_word' id='word_1_552' title='bbox 2325 1966 2521 2007; x_wconf 85' lang='lat' dir='ltr'>omnes</span> <span class='ocrx_word' id='word_1_553' title='bbox 2540 1952 2753 2011; x_wconf 87' lang='lat' dir='ltr'>herbas</span> <span class='ocrx_word' id='word_1_554' title='bbox 2765 1956 3242 2029; x_wconf 84' lang='lat' dir='ltr'>arescit.Scirpus</span> <span class='ocrx_word' id='word_1_555' title='bbox 3261 1959 3319 2015; x_wconf 92' lang='lat' dir='ltr'>in</span> <span class='ocrx_word' id='word_1_556' title='bbox 3341 1960 3484 2017; x_wconf 87' lang='lat' dir='ltr'>ﬂore</span> <span class='ocrx_word' id='word_1_557' title='bbox 3505 1968 3598 2020; x_wconf 91' lang='lat' dir='ltr'>est</span> 
     </span>
    </p>
   </div>
   <div class='ocr_carea' id='block_1_80' title="bbox 1936 2038 3596 2120">
    <p class='ocr_par' dir='ltr' id='par_1_80' title="bbox 1936 2038 3596 2120">
     <span class='ocr_line' id='line_1_80' title="bbox 1936 2038 3596 2120; baseline 0.008 -26"><span class='ocrx_word' id='word_1_558' title='bbox 1936 2039 2246 2111; x_wconf 88' lang='lat' dir='ltr'>hypocrita</span> <span class='ocrx_word' id='word_1_559' title='bbox 2278 2038 2337 2095; x_wconf 90' lang='lat' dir='ltr'>in</span> <span class='ocrx_word' id='word_1_560' title='bbox 2360 2040 2557 2095; x_wconf 89' lang='lat' dir='ltr'>laude.</span> <span class='ocrx_word' id='word_1_561' title='bbox 2581 2043 2781 2096; x_wconf 83' lang='lat' dir='ltr'>Acutis</span> <span class='ocrx_word' id='word_1_562' title='bbox 2809 2059 2947 2098; x_wconf 89' lang='lat' dir='ltr'>vero</span> <span class='ocrx_word' id='word_1_563' title='bbox 2965 2046 3202 2115; x_wconf 91' lang='lat' dir='ltr'>angulis</span> <span class='ocrx_word' id='word_1_564' title='bbox 3223 2065 3474 2120; x_wconf 89' lang='lat' dir='ltr'>surgens</span> <span class='ocrx_word' id='word_1_565' title='bbox 3499 2067 3596 2109; x_wconf 90' lang='lat' dir='ltr'>ca-</span> 
     </span>
    </p>
   </div>
   <div class='ocr_carea' id='block_1_81' title="bbox 1936 2131 3597 2211">
    <p class='ocr_par' dir='ltr' id='par_1_81' title="bbox 1936 2131 3597 2211">
     <span class='ocr_line' id='line_1_81' title="bbox 1936 2131 3597 2211; baseline 0.009 -28"><span class='ocrx_word' id='word_1_566' title='bbox 1936 2133 2165 2184; x_wconf 90' lang='lat' dir='ltr'>rectum</span> <span class='ocrx_word' id='word_1_567' title='bbox 2193 2145 2379 2183; x_wconf 89' lang='lat' dir='ltr'>manu</span> <span class='ocrx_word' id='word_1_568' title='bbox 2415 2144 2539 2185; x_wconf 91' lang='lat' dir='ltr'>non</span> <span class='ocrx_word' id='word_1_569' title='bbox 2580 2131 2863 2201; x_wconf 90' lang='lat' dir='ltr'>carpitur,</span> <span class='ocrx_word' id='word_1_570' title='bbox 2895 2133 3058 2204; x_wconf 89' lang='lat' dir='ltr'>quia,</span> <span class='ocrx_word' id='word_1_571' title='bbox 3082 2138 3454 2208; x_wconf 84' lang='lat' dir='ltr'>exasperatis</span> <span class='ocrx_word' id='word_1_572' title='bbox 3489 2156 3597 2211; x_wconf 90' lang='lat' dir='ltr'>per</span> 
     </span>
    </p>
   </div>
   <div class='ocr_carea' id='block_1_82' title="bbox 1938 2218 3595 2299">
    <p class='ocr_par' dir='ltr' id='par_1_82' title="bbox 1938 2218 3595 2299">
     <span class='ocr_line' id='line_1_82' title="bbox 1938 2218 3595 2299; baseline 0.008 -27"><span class='ocrx_word' id='word_1_573' title='bbox 1938 2218 2342 2289; x_wconf 90' lang='lat' dir='ltr'>arrogantiam</span> <span class='ocrx_word' id='word_1_574' title='bbox 2376 2218 2677 2285; x_wconf 86' lang='lat' dir='ltr'>sensibus,</span> <span class='ocrx_word' id='word_1_575' title='bbox 2711 2219 2783 2274; x_wconf 91' lang='lat' dir='ltr'>de</span> <span class='ocrx_word' id='word_1_576' title='bbox 2816 2222 3106 2291; x_wconf 89' lang='lat' dir='ltr'>pravitate</span> <span class='ocrx_word' id='word_1_577' title='bbox 3142 2241 3249 2280; x_wconf 88' lang='lat' dir='ltr'>sua</span> <span class='ocrx_word' id='word_1_578' title='bbox 3278 2226 3595 2299; x_wconf 85' lang='lat' dir='ltr'>hypocrita</span> 
     </span>
    </p>
   </div>
   <div class='ocr_carea' id='block_1_83' title="bbox 1937 2306 3594 2384">
    <p class='ocr_par' dir='ltr' id='par_1_83' title="bbox 1937 2306 3594 2384">
     <span class='ocr_line' id='line_1_83' title="bbox 1937 2306 3594 2384; baseline 0.007 -23"><span class='ocrx_word' id='word_1_579' title='bbox 1937 2306 2152 2377; x_wconf 85' lang='lat' dir='ltr'>corripi</span> <span class='ocrx_word' id='word_1_580' title='bbox 2170 2306 2547 2375; x_wconf 88' lang='lat' dir='ltr'>dedignatur.</span> <span class='ocrx_word' id='word_1_581' title='bbox 2560 2310 2618 2360; x_wconf 91' lang='lat' dir='ltr'><strong>In</strong></span> <span class='ocrx_word' id='word_1_582' title='bbox 2642 2306 2786 2363; x_wconf 88' lang='lat' dir='ltr'>ﬂore</span> <span class='ocrx_word' id='word_1_583' title='bbox 2803 2325 2910 2363; x_wconf 90' lang='lat' dir='ltr'>suo</span> <span class='ocrx_word' id='word_1_584' title='bbox 2926 2326 3176 2367; x_wconf 88' lang='lat' dir='ltr'>manum</span> <span class='ocrx_word' id='word_1_585' title='bbox 3195 2317 3491 2384; x_wconf 83' lang='lat' dir='ltr'>carpentis</span> <span class='ocrx_word' id='word_1_586' title='bbox 3507 2317 3594 2373; x_wconf 86' lang='lat' dir='ltr'>in-</span> 
     </span>
    </p>
   </div>
   <div class='ocr_carea' id='block_1_84' title="bbox 1936 2395 3596 2478">
    <p class='ocr_par' dir='ltr' id='par_1_84' title="bbox 1936 2395 3596 2478">
     <span class='ocr_line' id='line_1_84' title="bbox 1936 2395 3596 2478; baseline 0.007 -28"><span class='ocrx_word' id='word_1_587' title='bbox 1936 2395 2248 2466; x_wconf 87' lang='lat' dir='ltr'>cidit,quia</span> <span class='ocrx_word' id='word_1_588' title='bbox 2263 2396 2321 2450; x_wconf 90' lang='lat' dir='ltr'>in</span> <span class='ocrx_word' id='word_1_589' title='bbox 2344 2395 2519 2451; x_wconf 90' lang='lat' dir='ltr'>laude</span> <span class='ocrx_word' id='word_1_590' title='bbox 2533 2396 2847 2467; x_wconf 88' lang='lat' dir='ltr'>hypocrita</span> <span class='ocrx_word' id='word_1_591' title='bbox 2862 2399 3144 2470; x_wconf 81' lang='lat' dir='ltr'>positus,°</span> <span class='ocrx_word' id='word_1_592' title='bbox 3159 2417 3232 2457; x_wconf 88' lang='lat' dir='ltr'>ne</span> <span class='ocrx_word' id='word_1_593' title='bbox 3252 2403 3596 2478; x_wconf 89' lang='lat' dir='ltr'>huncquis-</span> 
     </span>
    </p>
   </div>
   <div class='ocr_carea' id='block_1_85' title="bbox 1936 2484 3593 2563">
    <p class='ocr_par' dir='ltr' id='par_1_85' title="bbox 1936 2484 3593 2563">
     <span class='ocr_line' id='line_1_85' title="bbox 1936 2484 3593 2563; baseline 0.009 -26"><span class='ocrx_word' id='word_1_594' title='bbox 1936 2500 2120 2555; x_wconf 91' lang='lat' dir='ltr'>quam</span> <span class='ocrx_word' id='word_1_595' title='bbox 2142 2485 2437 2555; x_wconf 89' lang='lat' dir='ltr'>corripere</span> <span class='ocrx_word' id='word_1_596' title='bbox 2460 2484 2703 2549; x_wconf 89' lang='lat' dir='ltr'>audeat,</span> <span class='ocrx_word' id='word_1_597' title='bbox 2730 2487 3050 2558; x_wconf 88' lang='lat' dir='ltr'>asperitate</span> <span class='ocrx_word' id='word_1_598' title='bbox 3078 2507 3189 2547; x_wconf 91' lang='lat' dir='ltr'>sua</span> <span class='ocrx_word' id='word_1_599' title='bbox 3210 2494 3480 2563; x_wconf 87' lang='lat' dir='ltr'>protinus</span> <span class='ocrx_word' id='word_1_600' title='bbox 3509 2497 3593 2552; x_wconf 90' lang='lat' dir='ltr'>vi-</span> 
     </span>
    </p>
   </div>
   <div class='ocr_carea' id='block_1_86' title="bbox 1935 2572 3591 2652">
    <p class='ocr_par' dir='ltr' id='par_1_86' title="bbox 1935 2572 3591 2652">
     <span class='ocr_line' id='line_1_86' title="bbox 1935 2572 3591 2652; baseline 0.008 -23"><span class='ocrx_word' id='word_1_601' title='bbox 1935 2578 2060 2629; x_wconf 91' lang='lat' dir='ltr'>tam</span> <span class='ocrx_word' id='word_1_602' title='bbox 2092 2572 2466 2644; x_wconf 89' lang='lat' dir='ltr'>corripientis</span> <span class='ocrx_word' id='word_1_603' title='bbox 2496 2579 2677 2630; x_wconf 90' lang='lat' dir='ltr'>secat.</span> <span class='ocrx_word' id='word_1_604' title='bbox 2720 2578 2971 2631; x_wconf 87' lang='lat' dir='ltr'>Sanctus</span> <span class='ocrx_word' id='word_1_605' title='bbox 3018 2594 3284 2652; x_wconf 90' lang='lat' dir='ltr'>namque</span> <span class='ocrx_word' id='word_1_606' title='bbox 3314 2599 3436 2640; x_wconf 93' lang='lat' dir='ltr'>non</span> <span class='ocrx_word' id='word_1_607' title='bbox 3463 2600 3591 2642; x_wconf 89' lang='lat' dir='ltr'>esse</span> 
     </span>
    </p>
   </div>
   <div class='ocr_carea' id='block_1_87' title="bbox 1936 2662 3588 2744">
    <p class='ocr_par' dir='ltr' id='par_1_87' title="bbox 1936 2662 3588 2744">
     <span class='ocr_line' id='line_1_87' title="bbox 1936 2662 3588 2744; baseline 0.007 -25"><span class='ocrx_word' id='word_1_608' title='bbox 1936 2663 2176 2734; x_wconf 88' lang='lat' dir='ltr'>appetit,</span> <span class='ocrx_word' id='word_1_609' title='bbox 2224 2662 2243 2705; x_wconf 73' lang='grc' dir='ltr'>ί</span> <span class='ocrx_word' id='word_1_610' title='bbox 2274 2662 2381 2718; x_wconf 88' lang='lat' dir='ltr'>sed</span> <span class='ocrx_word' id='word_1_611' title='bbox 2421 2664 2621 2718; x_wconf 89' lang='lat' dir='ltr'>vocari</span> <span class='ocrx_word' id='word_1_612' title='bbox 2650 2679 2664 2729; x_wconf 93' lang='lat'><strong>;</strong></span> <span class='ocrx_word' id='word_1_613' title='bbox 2691 2668 2749 2719; x_wconf 93' lang='lat' dir='ltr'>et</span> <span class='ocrx_word' id='word_1_614' title='bbox 2785 2681 2925 2720; x_wconf 87' lang='lat' dir='ltr'>cum</span> <span class='ocrx_word' id='word_1_615' title='bbox 2966 2665 3213 2724; x_wconf 88' lang='lat' dir='ltr'>fortasse</span> <span class='ocrx_word' id='word_1_616' title='bbox 3254 2672 3588 2744; x_wconf 89' lang='lat' dir='ltr'>corripitur,</span> 
     </span>
    </p>
   </div>
   <div class='ocr_carea' id='block_1_88' title="bbox 1936 2751 3589 2829">
    <p class='ocr_par' dir='ltr' id='par_1_88' title="bbox 1936 2751 3589 2829">
     <span class='ocr_line' id='line_1_88' title="bbox 1936 2751 3589 2829; baseline 0.008 -23"><span class='ocrx_word' id='word_1_617' title='bbox 1936 2752 2108 2823; x_wconf 91' lang='lat' dir='ltr'>quasi</span> <span class='ocrx_word' id='word_1_618' title='bbox 2128 2752 2187 2806; x_wconf 93' lang='lat' dir='ltr'>in</span> <span class='ocrx_word' id='word_1_619' title='bbox 2202 2751 2500 2823; x_wconf 91' lang='lat' dir='ltr'>opinionis</span> <span class='ocrx_word' id='word_1_620' title='bbox 2518 2751 2707 2819; x_wconf 80' lang='lat' dir='ltr'>gloria</span> <span class='ocrx_word' id='word_1_621' title='bbox 2728 2752 3131 2811; x_wconf 88' lang='lat' dir='ltr'>detruncatur.</span> <span class='ocrx_word' id='word_1_622' title='bbox 3145 2760 3589 2829; x_wconf 88' lang='lat' dir='ltr'>Deprehensum</span> 
     </span>
    </p>
   </div>
   <div class='ocr_carea' id='block_1_89' title="bbox 1936 2840 3588 2919">
    <p class='ocr_par' dir='ltr' id='par_1_89' title="bbox 1936 2840 3588 2919">
     <span class='ocr_line' id='line_1_89' title="bbox 1936 2840 3588 2919; baseline 0.007 -23"><span class='ocrx_word' id='word_1_623' title='bbox 1936 2858 1996 2897; x_wconf 88' lang='lat' dir='ltr'>se</span> <span class='ocrx_word' id='word_1_624' title='bbox 2027 2840 2087 2896; x_wconf 88' lang='lat' dir='ltr'>in</span> <span class='ocrx_word' id='word_1_625' title='bbox 2113 2841 2399 2912; x_wconf 85' lang='lat' dir='ltr'>pravitate</span> <span class='ocrx_word' id='word_1_626' title='bbox 2438 2840 2732 2909; x_wconf 89' lang='lat' dir='ltr'>irascitur,</span> <span class='ocrx_word' id='word_1_627' title='bbox 2774 2841 2940 2915; x_wconf 89' lang='lat' dir='ltr'>loqui</span> <span class='ocrx_word' id='word_1_628' title='bbox 2979 2844 3090 2901; x_wconf 85' lang='lat' dir='ltr'>sibi</span> <span class='ocrx_word' id='word_1_629' title='bbox 3130 2847 3588 2919; x_wconf 89' lang='lat' dir='ltr'>redarguentem</span> 
     </span>
    </p>
   </div>
   <div class='ocr_carea' id='block_1_90' title="bbox 1934 2930 3585 3003">
    <p class='ocr_par' dir='ltr' id='par_1_90' title="bbox 1934 2930 3585 3003">
     <span class='ocr_line' id='line_1_90' title="bbox 1934 2930 3585 3003; baseline 0.005 -18"><span class='ocrx_word' id='word_1_630' title='bbox 1934 2930 2233 3003; x_wconf 83' lang='lat' dir='ltr'>prohibet,</span> <span class='ocrx_word' id='word_1_631' title='bbox 2261 2931 2405 3002; x_wconf 91' lang='lat' dir='ltr'>quia</span> <span class='ocrx_word' id='word_1_632' title='bbox 2422 2930 2582 2986; x_wconf 90' lang='lat' dir='ltr'>velut</span> <span class='ocrx_word' id='word_1_633' title='bbox 2608 2930 2668 2985; x_wconf 92' lang='lat' dir='ltr'>in</span> <span class='ocrx_word' id='word_1_634' title='bbox 2695 2931 2895 2987; x_wconf 91' lang='lat' dir='ltr'>oculto</span> <span class='ocrx_word' id='word_1_635' title='bbox 2923 2933 3163 2991; x_wconf 91' lang='lat' dir='ltr'>vulnere</span> <span class='ocrx_word' id='word_1_636' title='bbox 3190 2941 3384 2993; x_wconf 89' lang='lat' dir='ltr'>tactus</span> <span class='ocrx_word' id='word_1_637' title='bbox 3404 2939 3585 2997; x_wconf 92' lang='lat' dir='ltr'>dolet.</span> 
     </span>
    </p>
   </div>
   <div class='ocr_carea' id='block_1_91' title="bbox 1936 3019 3591 3092">
    <p class='ocr_par' dir='ltr' id='par_1_91' title="bbox 1936 3019 3591 3092">
     <span class='ocr_line' id='line_1_91' title="bbox 1936 3019 3591 3092; baseline 0.006 -17"><span class='ocrx_word' id='word_1_638' title='bbox 1936 3019 2135 3085; x_wconf 88' lang='lat' dir='ltr'>Qualis</span> <span class='ocrx_word' id='word_1_639' title='bbox 2155 3019 2442 3092; x_wconf 89' lang='lat' dir='ltr'>imperitis</span> <span class='ocrx_word' id='word_1_640' title='bbox 2465 3020 2878 3087; x_wconf 90' lang='lat' dir='ltr'>innotuit,talis</span> <span class='ocrx_word' id='word_1_641' title='bbox 2896 3022 3021 3078; x_wconf 91' lang='lat' dir='ltr'>vult</span> <span class='ocrx_word' id='word_1_642' title='bbox 3038 3023 3116 3079; x_wconf 89' lang='lat' dir='ltr'>ab</span> <span class='ocrx_word' id='word_1_643' title='bbox 3130 3026 3413 3083; x_wconf 87' lang='lat' dir='ltr'>omnibus</span> <span class='ocrx_word' id='word_1_644' title='bbox 3435 3030 3591 3086; x_wconf 67' lang='lat' dir='ltr'>msti-</span> 
     </span>
    </p>
   </div>
   <div class='ocr_carea' id='block_1_92' title="bbox 1934 3109 3589 3187">
    <p class='ocr_par' dir='ltr' id='par_1_92' title="bbox 1934 3109 3589 3187">
     <span class='ocr_line' id='line_1_92' title="bbox 1934 3109 3589 3187; baseline 0.007 -22"><span class='ocrx_word' id='word_1_645' title='bbox 1934 3109 2115 3176; x_wconf 89' lang='lat' dir='ltr'>mari;</span> <span class='ocrx_word' id='word_1_646' title='bbox 2144 3114 2219 3177; x_wconf 91' lang='lat' dir='ltr'>et,</span> <span class='ocrx_word' id='word_1_647' title='bbox 2249 3109 2513 3181; x_wconf 91' lang='lat' dir='ltr'>paratior</span> <span class='ocrx_word' id='word_1_648' title='bbox 2540 3111 2689 3165; x_wconf 91' lang='lat' dir='ltr'>mori</span> <span class='ocrx_word' id='word_1_649' title='bbox 2710 3126 2896 3182; x_wconf 90' lang='lat' dir='ltr'>quam</span> <span class='ocrx_word' id='word_1_650' title='bbox 2924 3112 3589 3187; x_wconf 87' lang='lat' dir='ltr'>corripi,redargutione</span> 
     </span>
    </p>
   </div>
   <div class='ocr_carea' id='block_1_93' title="bbox 1933 3198 3588 3277">
    <p class='ocr_par' dir='ltr' id='par_1_93' title="bbox 1933 3198 3588 3277">
     <span class='ocr_line' id='line_1_93' title="bbox 1933 3198 3588 3277; baseline 0.007 -24"><span class='ocrx_word' id='word_1_651' title='bbox 1933 3198 2191 3255; x_wconf 90' lang='lat' dir='ltr'>deterior</span> <span class='ocrx_word' id='word_1_652' title='bbox 2230 3198 2517 3265; x_wconf 89' lang='lat' dir='ltr'>redditur,</span> <span class='ocrx_word' id='word_1_653' title='bbox 2558 3210 2590 3252; x_wconf 69' lang='grc' dir='ltr'>ε</span> <span class='ocrx_word' id='word_1_654' title='bbox 2618 3199 2762 3271; x_wconf 89' lang='lat' dir='ltr'>quia</span> <span class='ocrx_word' id='word_1_655' title='bbox 2802 3201 2981 3271; x_wconf 89' lang='lat' dir='ltr'>quasi</span> <span class='ocrx_word' id='word_1_656' title='bbox 3002 3201 3149 3259; x_wconf 73' lang='lat' dir='ltr'>diras</span> <span class='ocrx_word' id='word_1_657' title='bbox 3190 3207 3588 3277; x_wconf 89' lang='lat' dir='ltr'>percussionis</span> 
     </span>
    </p>
   </div>
   <div class='ocr_carea' id='block_1_94' title="bbox 1933 3286 3587 3368">
    <p class='ocr_par' dir='ltr' id='par_1_94' title="bbox 1933 3286 3587 3368">
     <span class='ocr_line' id='line_1_94' title="bbox 1933 3286 3587 3368; baseline 0.005 -26"><span class='ocrx_word' id='word_1_658' title='bbox 1933 3287 2187 3343; x_wconf 82' lang='lat' dir='ltr'>aestimat</span> <span class='ocrx_word' id='word_1_659' title='bbox 2191 3286 2453 3360; x_wconf 86' lang='lat' dir='ltr'>jaculum</span> <span class='ocrx_word' id='word_1_660' title='bbox 2474 3286 2738 3358; x_wconf 89' lang='lat' dir='ltr'>puritatis</span> <span class='ocrx_word' id='word_1_661' title='bbox 2760 3287 3187 3349; x_wconf 87' lang='lat' dir='ltr'>verbum.Unde</span> <span class='ocrx_word' id='word_1_662' title='bbox 3207 3302 3587 3368; x_wconf 85' lang='lat' dir='ltr'>exasperatus</span> 
     </span>
    </p>
   </div>
   <div class='ocr_carea' id='block_1_95' title="bbox 1933 3375 3591 3458">
    <p class='ocr_par' dir='ltr' id='par_1_95' title="bbox 1933 3375 3591 3458">
     <span class='ocr_line' id='line_1_95' title="bbox 1933 3375 3591 3458; baseline 0.008 -27"><span class='ocrx_word' id='word_1_663' title='bbox 1933 3375 2203 3448; x_wconf 89' lang='lat' dir='ltr'>protinus</span> <span class='ocrx_word' id='word_1_664' title='bbox 2220 3377 2278 3431; x_wconf 93' lang='lat' dir='ltr'>in</span> <span class='ocrx_word' id='word_1_665' title='bbox 2292 3376 2687 3432; x_wconf 89' lang='lat' dir='ltr'>contumelias</span> <span class='ocrx_word' id='word_1_666' title='bbox 2706 3379 2913 3448; x_wconf 88' lang='lat' dir='ltr'>surgit,</span> <span class='ocrx_word' id='word_1_667' title='bbox 2930 3384 2987 3435; x_wconf 92' lang='lat' dir='ltr'>et</span> <span class='ocrx_word' id='word_1_668' title='bbox 3010 3396 3147 3453; x_wconf 68' lang='lat' dir='ltr'>quae</span> <span class='ocrx_word' id='word_1_669' title='bbox 3172 3384 3591 3458; x_wconf 86' lang='lat' dir='ltr'>malaexagge-</span> 
     </span>
    </p>
   </div>
   <div class='ocr_carea' id='block_1_96' title="bbox 1931 3465 3588 3540">
    <p class='ocr_par' dir='ltr' id='par_1_96' title="bbox 1931 3465 3588 3540">
     <span class='ocr_line' id='line_1_96' title="bbox 1931 3465 3588 3540; baseline 0.008 -19"><span class='ocrx_word' id='word_1_670' title='bbox 1931 3471 2020 3522; x_wconf 87' lang='lat' dir='ltr'>ret</span> <span class='ocrx_word' id='word_1_671' title='bbox 2047 3471 2253 3522; x_wconf 88' lang='lat' dir='ltr'>contra</span> <span class='ocrx_word' id='word_1_672' title='bbox 2274 3465 2458 3521; x_wconf 91' lang='lat' dir='ltr'>vitam</span> <span class='ocrx_word' id='word_1_673' title='bbox 2483 3468 2838 3537; x_wconf 89' lang='lat' dir='ltr'>correptoris</span> <span class='ocrx_word' id='word_1_674' title='bbox 2874 3468 3136 3540; x_wconf 90' lang='lat' dir='ltr'>inquirit.</span> <span class='ocrx_word' id='word_1_675' title='bbox 3174 3475 3588 3534; x_wconf 87' lang='lat' dir='ltr'>Demonstrare</span> 
     </span>
    </p>
   </div>
   <div class='ocr_carea' id='block_1_97' title="bbox 1930 3554 3588 3629">
    <p class='ocr_par' dir='ltr' id='par_1_97' title="bbox 1930 3554 3588 3629">
     <span class='ocr_line' id='line_1_97' title="bbox 1930 3554 3588 3629; baseline 0.008 -20"><span class='ocrx_word' id='word_1_676' title='bbox 1930 3554 2106 3623; x_wconf 89' lang='lat' dir='ltr'>longe</span> <span class='ocrx_word' id='word_1_677' title='bbox 2128 3554 2678 3625; x_wconf 89' lang='lat' dir='ltr'>incomparabiliter</span> <span class='ocrx_word' id='word_1_678' title='bbox 2695 3570 2862 3612; x_wconf 89' lang='lat' dir='ltr'>reum</span> <span class='ocrx_word' id='word_1_679' title='bbox 2885 3559 3379 3629; x_wconf 89' lang='lat' dir='ltr'>reprehensorem</span> <span class='ocrx_word' id='word_1_680' title='bbox 3410 3582 3588 3623; x_wconf 89' lang='lat' dir='ltr'>suum</span> 
     </span>
    </p>
   </div>
   <div class='ocr_carea' id='block_1_98' title="bbox 1930 3641 3588 3721">
    <p class='ocr_par' dir='ltr' id='par_1_98' title="bbox 1930 3641 3588 3721">
     <span class='ocr_line' id='line_1_98' title="bbox 1930 3641 3588 3721; baseline 0.008 -23"><span class='ocrx_word' id='word_1_681' title='bbox 1930 3643 2246 3709; x_wconf 86' lang='lat' dir='ltr'>desiderat,</span> <span class='ocrx_word' id='word_1_682' title='bbox 2291 3647 2350 3697; x_wconf 90' lang='lat' dir='ltr'>ul</span> <span class='ocrx_word' id='word_1_683' title='bbox 2383 3641 2765 3698; x_wconf 86' lang='lat' dir='ltr'>innocentem</span> <span class='ocrx_word' id='word_1_684' title='bbox 2796 3660 2858 3699; x_wconf 90' lang='lat' dir='ltr'>se</span> <span class='ocrx_word' id='word_1_685' title='bbox 2897 3660 3020 3702; x_wconf 91' lang='lat' dir='ltr'>non</span> <span class='ocrx_word' id='word_1_686' title='bbox 3053 3648 3180 3705; x_wconf 89' lang='lat' dir='ltr'>suis</span> <span class='ocrx_word' id='word_1_687' title='bbox 3207 3653 3459 3721; x_wconf 89' lang='lat' dir='ltr'>actibus,</span> <span class='ocrx_word' id='word_1_688' title='bbox 3480 3656 3588 3711; x_wconf 90' lang='lat' dir='ltr'>sed</span> 
     </span>
    </p>
   </div>
   <div class='ocr_carea' id='block_1_99' title="bbox 1932 3731 3591 3811">
    <p class='ocr_par' dir='ltr' id='par_1_99' title="bbox 1932 3731 3591 3811">
     <span class='ocr_line' id='line_1_99' title="bbox 1932 3731 3591 3811; baseline 0.009 -24"><span class='ocrx_word' id='word_1_689' title='bbox 1932 3732 2138 3788; x_wconf 89' lang='lat' dir='ltr'>alienis</span> <span class='ocrx_word' id='word_1_690' title='bbox 2170 3731 2521 3786; x_wconf 90' lang='lat' dir='ltr'>criminibus</span> <span class='ocrx_word' id='word_1_691' title='bbox 2544 3732 2824 3788; x_wconf 88' lang='lat' dir='ltr'>ostendat</span> <span class='ocrx_word' id='word_1_692' title='bbox 2858 3751 2871 3802; x_wconf 91' lang='lat'><strong>;</strong></span> <span class='ocrx_word' id='word_1_693' title='bbox 2904 3733 2984 3791; x_wconf 90' lang='lat' dir='ltr'>ita</span> <span class='ocrx_word' id='word_1_694' title='bbox 3016 3742 3078 3792; x_wconf 92' lang='lat' dir='ltr'>ut</span> <span class='ocrx_word' id='word_1_695' title='bbox 3104 3754 3264 3811; x_wconf 86' lang='lat' dir='ltr'>saepe</span> <span class='ocrx_word' id='word_1_696' title='bbox 3290 3742 3474 3800; x_wconf 90' lang='lat' dir='ltr'>homo</span> <span class='ocrx_word' id='word_1_697' title='bbox 3502 3760 3591 3802; x_wconf 87' lang='lat' dir='ltr'>re-</span> 
     </span>
    </p>
   </div>
   <div class='ocr_carea' id='block_1_100' title="bbox 1930 3819 3588 3903">
    <p class='ocr_par' dir='ltr' id='par_1_100' title="bbox 1930 3819 3588 3903">
     <span class='ocr_line' id='line_1_100' title="bbox 1930 3819 3588 3903; baseline 0.008 -26"><span class='ocrx_word' id='word_1_698' title='bbox 1930 3820 2303 3890; x_wconf 89' lang='lat' dir='ltr'>dargutionis</span> <span class='ocrx_word' id='word_1_699' title='bbox 2333 3819 2558 3891; x_wconf 89' lang='lat' dir='ltr'>aliquid</span> <span class='ocrx_word' id='word_1_700' title='bbox 2590 3837 2651 3876; x_wconf 89' lang='lat' dir='ltr'>se</span> <span class='ocrx_word' id='word_1_701' title='bbox 2682 3821 2902 3878; x_wconf 86' lang='lat' dir='ltr'>dixisse</span> <span class='ocrx_word' id='word_1_702' title='bbox 2924 3826 3229 3895; x_wconf 64' lang='lat' dir='ltr'>paeniteat,</span> <span class='ocrx_word' id='word_1_703' title='bbox 3262 3834 3318 3885; x_wconf 92' lang='lat' dir='ltr'>et</span> <span class='ocrx_word' id='word_1_704' title='bbox 3346 3834 3523 3903; x_wconf 86' lang='lat' dir='ltr'>quasi</span> <span class='ocrx_word' id='word_1_705' title='bbox 3552 3850 3588 3891; x_wconf 90' lang='lat' dir='ltr'>a</span> 
     </span>
    </p>
   </div>
   <div class='ocr_carea' id='block_1_101' title="bbox 1929 3909 3670 3988">
    <p class='ocr_par' dir='ltr' id='par_1_101' title="bbox 1929 3909 3670 3988">
     <span class='ocr_line' id='line_1_101' title="bbox 1929 3909 3670 3988; baseline 0.006 -22"><span class='ocrx_word' id='word_1_706' title='bbox 1929 3909 2226 3982; x_wconf 90' lang='lat' dir='ltr'>carpentis</span> <span class='ocrx_word' id='word_1_707' title='bbox 2252 3925 2455 3973; x_wconf 91' lang='lat' dir='ltr'>manu,</span> <span class='ocrx_word' id='word_1_708' title='bbox 2472 3909 2553 3964; x_wconf 89' lang='lat' dir='ltr'>sic</span> <span class='ocrx_word' id='word_1_709' title='bbox 2579 3928 2611 3964; x_wconf 73' lang='grc' dir='ltr'>α</span> <span class='ocrx_word' id='word_1_710' title='bbox 2627 3909 2999 3981; x_wconf 89' lang='lat' dir='ltr'>corripientis</span> <span class='ocrx_word' id='word_1_711' title='bbox 3022 3914 3226 3971; x_wconf 91' lang='lat' dir='ltr'>animo</span> <span class='ocrx_word' id='word_1_712' title='bbox 3244 3918 3590 3988; x_wconf 89' lang='lat' dir='ltr'>quidam,ut</span> <span class='ocrx_word' id='word_1_713' title='bbox 3664 3926 3670 3932; x_wconf 83' lang='grc'><em>’</em></span> 
     </span>
    </p>
   </div>
   <div class='ocr_carea' id='block_1_102' title="bbox 1928 3997 3589 4080">
    <p class='ocr_par' dir='ltr' id='par_1_102' title="bbox 1928 3997 3589 4080">
     <span class='ocr_line' id='line_1_102' title="bbox 1928 3997 3589 4080; baseline 0.006 -24"><span class='ocrx_word' id='word_1_714' title='bbox 1928 4000 2011 4056; x_wconf 90' lang='lat' dir='ltr'>ita</span> <span class='ocrx_word' id='word_1_715' title='bbox 2025 3997 2296 4064; x_wconf 86' lang='lat' dir='ltr'>dixerim,</span> <span class='ocrx_word' id='word_1_716' title='bbox 2318 3997 2563 4067; x_wconf 89' lang='lat' dir='ltr'>sanguis</span> <span class='ocrx_word' id='word_1_717' title='bbox 2586 3998 2857 4054; x_wconf 76' lang='lat' dir='ltr'>maeroris</span> <span class='ocrx_word' id='word_1_718' title='bbox 2883 4006 3101 4057; x_wconf 88' lang='lat' dir='ltr'>currat.</span> <span class='ocrx_word' id='word_1_719' title='bbox 3129 4005 3291 4059; x_wconf 92' lang='lat' dir='ltr'>Unde</span> <span class='ocrx_word' id='word_1_720' title='bbox 3316 4004 3470 4063; x_wconf 87' lang='lat' dir='ltr'>bene</span> <span class='ocrx_word' id='word_1_721' title='bbox 3488 4024 3589 4080; x_wconf 88' lang='lat' dir='ltr'>per</span> 
     </span>
    </p>
   </div>
   <div class='ocr_carea' id='block_1_103' title="bbox 1932 4086 3590 4161">
    <p class='ocr_par' dir='ltr' id='par_1_103' title="bbox 1932 4086 3590 4161">
     <span class='ocr_line' id='line_1_103' title="bbox 1932 4086 3590 4161; baseline 0.005 -16"><span class='ocrx_word' id='word_1_722' title='bbox 1932 4086 2563 4145; x_wconf 88' lang='lat' dir='ltr'>Salomonemdicitur:</span> <span class='ocrx_word' id='word_1_723' title='bbox 2586 4087 2730 4143; x_wconf 80' lang='lat' dir='ltr'>Noti</span> <span class='ocrx_word' id='word_1_724' title='bbox 2749 4103 3003 4158; x_wconf 84' lang='lat' dir='ltr'>arguere</span> <span class='ocrx_word' id='word_1_725' title='bbox 3026 4092 3448 4161; x_wconf 83' lang='lat' dir='ltr'>derisorem,ne</span> <span class='ocrx_word' id='word_1_726' title='bbox 3458 4098 3590 4155; x_wconf 85' lang='lat' dir='ltr'>ode-</span> 
     </span>
    </p>
   </div>
   <div class='ocr_carea' id='block_1_104' title="bbox 1928 4178 3590 4251">
    <p class='ocr_par' dir='ltr' id='par_1_104' title="bbox 1928 4178 3590 4251">
     <span class='ocr_line' id='line_1_104' title="bbox 1928 4178 3590 4251; baseline 0.006 -17"><span class='ocrx_word' id='word_1_727' title='bbox 1928 4180 2009 4235; x_wconf 88' lang='lat' dir='ltr'>rit</span> <span class='ocrx_word' id='word_1_728' title='bbox 2038 4186 2092 4235; x_wconf 89' lang='lat' dir='ltr'>te</span> <span class='ocrx_word' id='word_1_729' title='bbox 2113 4178 2316 4250; x_wconf 87' lang='lat' dir='ltr'>(Prov.</span> <span class='ocrx_word' id='word_1_730' title='bbox 2339 4194 2418 4243; x_wconf 67' lang='grc' dir='ltr'>ιχ,</span> <span class='ocrx_word' id='word_1_731' title='bbox 2448 4178 2524 4249; x_wconf 87' lang='lat'>8).</span> <span class='ocrx_word' id='word_1_732' title='bbox 2554 4180 2752 4250; x_wconf 86' lang='lat' dir='ltr'>Neque</span> <span class='ocrx_word' id='word_1_733' title='bbox 2775 4179 2933 4235; x_wconf 89' lang='lat' dir='ltr'>enim</span> <span class='ocrx_word' id='word_1_734' title='bbox 2957 4180 3118 4251; x_wconf 89' lang='lat' dir='ltr'>justo</span> <span class='ocrx_word' id='word_1_735' title='bbox 3142 4184 3474 4242; x_wconf 88' lang='lat' dir='ltr'>timendum</span> <span class='ocrx_word' id='word_1_736' title='bbox 3502 4192 3590 4245; x_wconf 89' lang='lat' dir='ltr'>est</span> 
     </span>
    </p>
   </div>
   <div class='ocr_carea' id='block_1_105' title="bbox 1929 4267 3588 4338">
    <p class='ocr_par' dir='ltr' id='par_1_105' title="bbox 1929 4267 3588 4338">
     <span class='ocr_line' id='line_1_105' title="bbox 1929 4267 3588 4338; baseline 0.005 -14"><span class='ocrx_word' id='word_1_737' title='bbox 1929 4283 2005 4324; x_wconf 92' lang='lat' dir='ltr'>ne</span> <span class='ocrx_word' id='word_1_738' title='bbox 2025 4268 2251 4323; x_wconf 87' lang='lat' dir='ltr'>derisor</span> <span class='ocrx_word' id='word_1_739' title='bbox 2264 4284 2399 4322; x_wconf 92' lang='lat' dir='ltr'>cum</span> <span class='ocrx_word' id='word_1_740' title='bbox 2415 4267 2729 4338; x_wconf 89' lang='lat' dir='ltr'>corripitur</span> <span class='ocrx_word' id='word_1_741' title='bbox 2749 4270 3137 4327; x_wconf 88' lang='lat' dir='ltr'>contumelias</span> <span class='ocrx_word' id='word_1_742' title='bbox 3157 4272 3372 4330; x_wconf 85' lang='lat' dir='ltr'>inferat</span> <span class='ocrx_word' id='word_1_743' title='bbox 3392 4276 3492 4332; x_wconf 92' lang='lat' dir='ltr'>sed</span> <span class='ocrx_word' id='word_1_744' title='bbox 3514 4292 3588 4334; x_wconf 89' lang='lat' dir='ltr'>ne</span> 
     </span>
    </p>
   </div>
   <div class='ocr_carea' id='block_1_106' title="bbox 1930 4355 2843 4427">
    <p class='ocr_par' dir='ltr' id='par_1_106' title="bbox 1930 4355 2843 4427">
     <span class='ocr_line' id='line_1_106' title="bbox 1930 4355 2843 4427; baseline 0 -15"><span class='ocrx_word' id='word_1_745' title='bbox 1930 4362 2154 4413; x_wconf 88' lang='lat' dir='ltr'>tractus</span> <span class='ocrx_word' id='word_1_746' title='bbox 2176 4356 2253 4411; x_wconf 88' lang='lat' dir='ltr'>ad</span> <span class='ocrx_word' id='word_1_747' title='bbox 2280 4356 2489 4411; x_wconf 88' lang='lat' dir='ltr'>odium</span> <span class='ocrx_word' id='word_1_748' title='bbox 2522 4355 2690 4427; x_wconf 90' lang='lat' dir='ltr'>pejor</span> <span class='ocrx_word' id='word_1_749' title='bbox 2721 4355 2843 4412; x_wconf 86' lang='lat' dir='ltr'>ﬁat.</span> 
     </span>
    </p>
   </div>
   <div class='ocr_carea' id='block_1_107' title="bbox 2004 4443 3590 4520">
    <p class='ocr_par' dir='ltr' id='par_1_107' title="bbox 2004 4443 3590 4520">
     <span class='ocr_line' id='line_1_107' title="bbox 2004 4443 3590 4520; baseline 0.006 -20"><span class='ocrx_word' id='word_1_750' title='bbox 2004 4448 2089 4500; x_wconf 92' lang='lat'>68.</span> <span class='ocrx_word' id='word_1_751' title='bbox 2118 4443 2449 4514; x_wconf 84' lang='lat' dir='ltr'>Hypocrita</span> <span class='ocrx_word' id='word_1_752' title='bbox 2461 4443 2524 4499; x_wconf 89' lang='lat' dir='ltr'>in</span> <span class='ocrx_word' id='word_1_753' title='bbox 2545 4443 2708 4499; x_wconf 86' lang='lat' dir='ltr'>bonis</span> <span class='ocrx_word' id='word_1_754' title='bbox 2730 4446 3004 4514; x_wconf 84' lang='lat' dir='ltr'>operibus</span> <span class='ocrx_word' id='word_1_755' title='bbox 3020 4462 3140 4505; x_wconf 87' lang='lat' dir='ltr'>non</span> <span class='ocrx_word' id='word_1_756' title='bbox 3155 4460 3590 4520; x_wconf 86' lang='lat' dir='ltr'>perseverat.—</span> 
     </span>
    </p>
   </div>
   <div class='ocr_carea' id='block_1_108' title="bbox 1930 4532 3592 4617">
    <p class='ocr_par' dir='ltr' id='par_1_108' title="bbox 1930 4532 3592 4617">
     <span class='ocr_line' id='line_1_108' title="bbox 1930 4532 3592 4617; baseline 0.008 -29"><span class='ocrx_word' id='word_1_757' title='bbox 1930 4534 2085 4588; x_wconf 91' lang='lat' dir='ltr'>Inter</span> <span class='ocrx_word' id='word_1_758' title='bbox 2113 4534 2240 4589; x_wconf 67' lang='lat' dir='ltr'>haec</span> <span class='ocrx_word' id='word_1_759' title='bbox 2272 4532 2585 4589; x_wconf 89' lang='lat' dir='ltr'>sciendum</span> <span class='ocrx_word' id='word_1_760' title='bbox 2615 4539 2706 4589; x_wconf 88' lang='lat' dir='ltr'>est</span> <span class='ocrx_word' id='word_1_761' title='bbox 2730 4534 2896 4605; x_wconf 91' lang='lat' dir='ltr'>quod</span> <span class='ocrx_word' id='word_1_762' title='bbox 2916 4535 3215 4607; x_wconf 91' lang='lat' dir='ltr'>justorum</span> <span class='ocrx_word' id='word_1_763' title='bbox 3239 4539 3423 4610; x_wconf 91' lang='lat' dir='ltr'>bona,</span> <span class='ocrx_word' id='word_1_764' title='bbox 3447 4544 3592 4617; x_wconf 89' lang='lat' dir='ltr'>quia</span> 
     </span>
    </p>
   </div>
   <div class='ocr_carea' id='block_1_109' title="bbox 1932 4622 3590 4696">
    <p class='ocr_par' dir='ltr' id='par_1_109' title="bbox 1932 4622 3590 4696">
     <span class='ocr_line' id='line_1_109' title="bbox 1932 4622 3590 4696; baseline 0.006 -16"><span class='ocrx_word' id='word_1_765' title='bbox 1932 4640 2001 4681; x_wconf 84' lang='lat' dir='ltr'>ex</span> <span class='ocrx_word' id='word_1_766' title='bbox 2036 4622 2213 4678; x_wconf 88' lang='lat' dir='ltr'>corde</span> <span class='ocrx_word' id='word_1_767' title='bbox 2235 4622 2546 4694; x_wconf 90' lang='lat' dir='ltr'>incipiunt,</span> <span class='ocrx_word' id='word_1_768' title='bbox 2576 4638 2765 4694; x_wconf 88' lang='lat' dir='ltr'>usque</span> <span class='ocrx_word' id='word_1_769' title='bbox 2791 4624 2870 4679; x_wconf 91' lang='lat' dir='ltr'>ad</span> <span class='ocrx_word' id='word_1_770' title='bbox 2888 4628 3197 4696; x_wconf 67' lang='lat' dir='ltr'>praesentis</span> <span class='ocrx_word' id='word_1_771' title='bbox 3228 4630 3363 4689; x_wconf 67' lang='lat' dir='ltr'>vitae</span> <span class='ocrx_word' id='word_1_772' title='bbox 3388 4633 3590 4690; x_wconf 90' lang='lat' dir='ltr'>termi-</span> 
     </span>
    </p>
   </div>
   <div class='ocr_carea' id='block_1_110' title="bbox 1934 4711 3590 4793">
    <p class='ocr_par' dir='ltr' id='par_1_110' title="bbox 1934 4711 3590 4793">
     <span class='ocr_line' id='line_1_110' title="bbox 1934 4711 3590 4793; baseline 0.007 -26"><span class='ocrx_word' id='word_1_773' title='bbox 1934 4729 2080 4768; x_wconf 88' lang='lat' dir='ltr'>num</span> <span class='ocrx_word' id='word_1_774' title='bbox 2104 4716 2409 4781; x_wconf 89' lang='lat' dir='ltr'>crescunt;</span> <span class='ocrx_word' id='word_1_775' title='bbox 2434 4711 2880 4783; x_wconf 84' lang='lat' dir='ltr'>hypocritarum</span> <span class='ocrx_word' id='word_1_776' title='bbox 2913 4732 3055 4773; x_wconf 88' lang='lat' dir='ltr'>vero</span> <span class='ocrx_word' id='word_1_777' title='bbox 3087 4734 3292 4791; x_wconf 88' lang='lat' dir='ltr'>opera,</span> <span class='ocrx_word' id='word_1_778' title='bbox 3319 4721 3461 4793; x_wconf 90' lang='lat' dir='ltr'>quia</span> <span class='ocrx_word' id='word_1_779' title='bbox 3491 4738 3590 4779; x_wconf 88' lang='lat' dir='ltr'>ne-</span> 
     </span>
    </p>
   </div>
   <div class='ocr_carea' id='block_1_111' title="bbox 1936 4801 3593 4879">
    <p class='ocr_par' dir='ltr' id='par_1_111' title="bbox 1936 4801 3593 4879">
     <span class='ocr_line' id='line_1_111' title="bbox 1936 4801 3593 4879; baseline 0.007 -24"><span class='ocrx_word' id='word_1_780' title='bbox 1936 4816 2228 4874; x_wconf 89' lang='lat' dir='ltr'>quaquam</span> <span class='ocrx_word' id='word_1_781' title='bbox 2239 4801 2448 4857; x_wconf 91' lang='lat' dir='ltr'>suntin</span> <span class='ocrx_word' id='word_1_782' title='bbox 2467 4801 2698 4858; x_wconf 92' lang='lat' dir='ltr'>occulto</span> <span class='ocrx_word' id='word_1_783' title='bbox 2712 4801 3156 4879; x_wconf 73' lang='lat' dir='ltr'>radicata,sa3pe</span> <span class='ocrx_word' id='word_1_784' title='bbox 3170 4813 3302 4865; x_wconf 90' lang='lat' dir='ltr'>ante</span> <span class='ocrx_word' id='word_1_785' title='bbox 3315 4809 3593 4866; x_wconf 83' lang='lat' dir='ltr'>deﬁciunt</span> 
     </span>
    </p>
   </div>
   <div class='ocr_carea' id='block_1_112' title="bbox 1936 4889 3591 4968">
    <p class='ocr_par' dir='ltr' id='par_1_112' title="bbox 1936 4889 3591 4968">
     <span class='ocr_line' id='line_1_112' title="bbox 1936 4889 3591 4968; baseline 0.005 -23"><span class='ocrx_word' id='word_1_786' title='bbox 1936 4907 2119 4964; x_wconf 87' lang='lat' dir='ltr'>quam</span> <span class='ocrx_word' id='word_1_787' title='bbox 2140 4906 2404 4962; x_wconf 63' lang='lat' dir='ltr'>praesens</span> <span class='ocrx_word' id='word_1_788' title='bbox 2422 4889 2541 4946; x_wconf 88' lang='lat' dir='ltr'>vita</span> <span class='ocrx_word' id='word_1_789' title='bbox 2559 4890 2817 4949; x_wconf 85' lang='lat' dir='ltr'>ﬁniatur.</span> <span class='ocrx_word' id='word_1_790' title='bbox 2843 4896 2989 4951; x_wconf 84' lang='lat' dir='ltr'>Nam</span> <span class='ocrx_word' id='word_1_791' title='bbox 3013 4896 3368 4968; x_wconf 89' lang='lat' dir='ltr'>plerumque</span> <span class='ocrx_word' id='word_1_792' title='bbox 3395 4898 3591 4955; x_wconf 92' lang='lat' dir='ltr'>studio</span> 
     </span>
    </p>
   </div>
   <div class='ocr_carea' id='block_1_113' title="bbox 1939 4979 3592 5057">
    <p class='ocr_par' dir='ltr' id='par_1_113' title="bbox 1939 4979 3592 5057">
     <span class='ocr_line' id='line_1_113' title="bbox 1939 4979 3592 5057; baseline 0.004 -22"><span class='ocrx_word' id='word_1_793' title='bbox 1939 4996 2123 5036; x_wconf 65' lang='lat' dir='ltr'>sacras</span> <span class='ocrx_word' id='word_1_794' title='bbox 2140 4979 2490 5036; x_wconf 91' lang='lat' dir='ltr'>eruditionis</span> <span class='ocrx_word' id='word_1_795' title='bbox 2504 4980 2804 5051; x_wconf 90' lang='lat' dir='ltr'>insistunt;</span> <span class='ocrx_word' id='word_1_796' title='bbox 2827 4987 2881 5038; x_wconf 85' lang='lat' dir='ltr'>et</span> <span class='ocrx_word' id='word_1_797' title='bbox 2893 4983 3037 5055; x_wconf 89' lang='lat' dir='ltr'>quia</span> <span class='ocrx_word' id='word_1_798' title='bbox 3052 4984 3206 5039; x_wconf 90' lang='lat' dir='ltr'>hanc</span> <span class='ocrx_word' id='word_1_799' title='bbox 3224 5000 3346 5040; x_wconf 90' lang='lat' dir='ltr'>non</span> <span class='ocrx_word' id='word_1_800' title='bbox 3361 5000 3592 5057; x_wconf 69' lang='lat' dir='ltr'>praepa-</span> 
     </span>
    </p>
   </div>
   <div class='ocr_carea' id='block_1_114' title="bbox 1936 5069 3593 5145">
    <p class='ocr_par' dir='ltr' id='par_1_114' title="bbox 1936 5069 3593 5145">
     <span class='ocr_line' id='line_1_114' title="bbox 1936 5069 3593 5145; baseline 0.003 -19"><span class='ocrx_word' id='word_1_801' title='bbox 1936 5070 2142 5126; x_wconf 90' lang='lat' dir='ltr'>randis</span> <span class='ocrx_word' id='word_1_802' title='bbox 2157 5069 2511 5135; x_wconf 89' lang='lat' dir='ltr'>meritis,sed</span> <span class='ocrx_word' id='word_1_803' title='bbox 2536 5071 2948 5141; x_wconf 90' lang='lat' dir='ltr'>promerendis</span> <span class='ocrx_word' id='word_1_804' title='bbox 2962 5071 3269 5128; x_wconf 85' lang='lat' dir='ltr'>favoribus</span> <span class='ocrx_word' id='word_1_805' title='bbox 3283 5072 3593 5145; x_wconf 89' lang='lat' dir='ltr'>inquirunt</span> 
     </span>
    </p>
   </div>
   <div class='ocr_carea' id='block_1_115' title="bbox 1939 5158 3594 5236">
    <p class='ocr_par' dir='ltr' id='par_1_115' title="bbox 1939 5158 3594 5236">
     <span class='ocr_line' id='line_1_115' title="bbox 1939 5158 3594 5236; baseline 0.005 -24"><span class='ocrx_word' id='word_1_806' title='bbox 1939 5160 2135 5215; x_wconf 89' lang='lat' dir='ltr'>statim</span> <span class='ocrx_word' id='word_1_807' title='bbox 2161 5163 2222 5215; x_wconf 91' lang='lat' dir='ltr'>ut</span> <span class='ocrx_word' id='word_1_808' title='bbox 2236 5159 2527 5231; x_wconf 87' lang='lat' dir='ltr'>judicium</span> <span class='ocrx_word' id='word_1_809' title='bbox 2554 5159 2837 5215; x_wconf 71' lang='lat' dir='ltr'>humanm</span> <span class='ocrx_word' id='word_1_810' title='bbox 2859 5158 3054 5214; x_wconf 90' lang='lat' dir='ltr'>laudis</span> <span class='ocrx_word' id='word_1_811' title='bbox 3075 5159 3383 5231; x_wconf 91' lang='lat' dir='ltr'>arripiunt,</span> <span class='ocrx_word' id='word_1_812' title='bbox 3412 5166 3468 5218; x_wconf 92' lang='lat' dir='ltr'>et</span> <span class='ocrx_word' id='word_1_813' title='bbox 3488 5178 3594 5236; x_wconf 90' lang='lat' dir='ltr'>per</span> 
     </span>
    </p>
   </div>
   <div class='ocr_carea' id='block_1_116' title="bbox 1939 5354 3483 5429">
    <p class='ocr_par' dir='ltr' id='par_1_116' title="bbox 1939 5354 3483 5429">
     <span class='ocr_line' id='line_1_116' title="bbox 1939 5354 3483 5429; baseline 0.001 -17"><span class='ocrx_word' id='word_1_814' title='bbox 1939 5360 2185 5424; x_wconf 88' lang='lat' dir='ltr'>accepta</span> <span class='ocrx_word' id='word_1_815' title='bbox 2216 5354 2554 5429; x_wconf 22' lang='lat' dir='ltr'>bona,ketc.,</span> <span class='ocrx_word' id='word_1_816' title='bbox 2580 5368 2642 5409; x_wconf 88' lang='lat' dir='ltr'>se</span> <span class='ocrx_word' id='word_1_817' title='bbox 2666 5355 2930 5429; x_wconf 74' lang='lat' dir='ltr'>elevant,</span> <span class='ocrx_word' id='word_1_818' title='bbox 2966 5370 3119 5426; x_wconf 88' lang='lat' dir='ltr'>quos</span> <span class='ocrx_word' id='word_1_819' title='bbox 3155 5355 3483 5429; x_wconf 88' lang='lat' dir='ltr'>sequimur.</span> 
     </span>
    </p>
   </div>
   <div class='ocr_carea' id='block_1_117' title="bbox 2010 5424 2880 5491">
    <p class='ocr_par' dir='ltr' id='par_1_117' title="bbox 2010 5424 2880 5491">
     <span class='ocr_line' id='line_1_117' title="bbox 2010 5424 2880 5491; baseline -0.003 -10"><span class='ocrx_word' id='word_1_820' title='bbox 2010 5439 2035 5468; x_wconf 84' lang='grc' dir='ltr'><strong>ο</strong></span> <span class='ocrx_word' id='word_1_821' title='bbox 2062 5430 2261 5481; x_wconf 88' lang='lat' dir='ltr'>Norm.</span> <span class='ocrx_word' id='word_1_822' title='bbox 2295 5430 2349 5479; x_wconf 92' lang='lat' dir='ltr'>et</span> <span class='ocrx_word' id='word_1_823' title='bbox 2381 5426 2594 5491; x_wconf 86' lang='lat' dir='ltr'>Germ.,</span> <span class='ocrx_word' id='word_1_824' title='bbox 2625 5424 2676 5478; x_wconf 89' lang='lat' dir='ltr'>si</span> <span class='ocrx_word' id='word_1_825' title='bbox 2700 5425 2880 5480; x_wconf 87' lang='lat' dir='ltr'>hunc.</span> 
     </span>
    </p>
   </div>
   <div class='ocr_carea' id='block_1_118' title="bbox 1938 5494 3593 5623">
    <p class='ocr_par' dir='ltr' id='par_1_118' title="bbox 1938 5494 3593 5623">
     <span class='ocr_line' id='line_1_118' title="bbox 1938 5494 3593 5623; baseline 0.008 -75"><span class='ocrx_word' id='word_1_826' title='bbox 1938 5568 1978 5623; x_wconf 77' lang='lat' dir='ltr'><strong>h</strong></span> <span class='ocrx_word' id='word_1_827' title='bbox 2011 5495 2317 5622; x_wconf 65' lang='lat' dir='ltr'>letbroic.,</span> <span class='ocrx_word' id='word_1_828' title='bbox 2360 5496 2461 5551; x_wconf 89' lang='lat' dir='ltr'>sed</span> <span class='ocrx_word' id='word_1_829' title='bbox 2500 5494 2705 5551; x_wconf 84' lang='lat' dir='ltr'>videri.</span> <span class='ocrx_word' id='word_1_830' title='bbox 2744 5496 2885 5551; x_wconf 91' lang='lat' dir='ltr'>Utic.</span> <span class='ocrx_word' id='word_1_831' title='bbox 2931 5500 3245 5572; x_wconf 88' lang='lat' dir='ltr'>utramque</span> <span class='ocrx_word' id='word_1_832' title='bbox 3281 5500 3593 5561; x_wconf 90' lang='lat' dir='ltr'>lectionem</span> 
     </span>
     <span class='ocr_line' id='line_1_119' title="bbox 1982 5583 2138 5623; baseline -0.013 0"><span class='ocrx_word' id='word_1_833' title='bbox 1982 5583 2016 5623; x_wconf 91' lang='lat' dir='ltr'>a</span> <span class='ocrx_word' id='word_1_834' title='bbox 2064 5583 2093 5621; x_wconf 91' lang='lat' dir='ltr'>e</span> <span class='ocrx_word' id='word_1_835' title='bbox 2125 5607 2138 5621; x_wconf 93' lang='lat'>.</span> 
     </span>
    </p>
   </div>
   <div class='ocr_carea' id='block_1_119' title="bbox 2014 5635 3594 5713">
    <p class='ocr_par' dir='ltr' id='par_1_119' title="bbox 2014 5635 3594 5713">
     <span class='ocr_line' id='line_1_120' title="bbox 2014 5635 3594 5713; baseline 0.009 -22"><span class='ocrx_word' id='word_1_836' title='bbox 2014 5649 2046 5713; x_wconf 76' lang='lat' dir='ltr'>e_</span> <span class='ocrx_word' id='word_1_837' title='bbox 2076 5635 2348 5713; x_wconf 79' lang='lat' dir='ltr'>Vindoc.,_</span> <span class='ocrx_word' id='word_1_838' title='bbox 2364 5636 2503 5709; x_wconf 89' lang='lat' dir='ltr'>quia</span> <span class='ocrx_word' id='word_1_839' title='bbox 2518 5637 2689 5709; x_wconf 88' lang='lat' dir='ltr'>quasi</span> <span class='ocrx_word' id='word_1_840' title='bbox 2699 5638 2771 5713; x_wconf 84' lang='lat' dir='ltr'>de</span> <span class='ocrx_word' id='word_1_841' title='bbox 2788 5636 2884 5713; x_wconf 88' lang='lat' dir='ltr'>ira</span> <span class='ocrx_word' id='word_1_842' title='bbox 2907 5642 3321 5710; x_wconf 86' lang='lat' dir='ltr'>percussionis.</span> <span class='ocrx_word' id='word_1_843' title='bbox 3349 5646 3594 5713; x_wconf 88' lang='lat' dir='ltr'>Gemet.,</span> 
     </span>
    </p>
   </div>
   <div class='ocr_carea' id='block_1_120' title="bbox 1944 5708 2883 5783">
    <p class='ocr_par' dir='ltr' id='par_1_120' title="bbox 1944 5708 2883 5783">
     <span class='ocr_line' id='line_1_121' title="bbox 1944 5708 2883 5783; baseline 0.002 -18"><span class='ocrx_word' id='word_1_844' title='bbox 1944 5709 2085 5782; x_wconf 87' lang='lat' dir='ltr'>quia</span> <span class='ocrx_word' id='word_1_845' title='bbox 2108 5708 2279 5783; x_wconf 87' lang='lat' dir='ltr'>quasi</span> <span class='ocrx_word' id='word_1_846' title='bbox 2307 5708 2387 5767; x_wconf 87' lang='lat' dir='ltr'>de</span> <span class='ocrx_word' id='word_1_847' title='bbox 2407 5708 2883 5780; x_wconf 80' lang='lat' dir='ltr'>repércussionis.</span> 
     </span>
    </p>
   </div>
   <div class='ocr_carea' id='block_1_121' title="bbox 3242 5833 3312 5889">
    <p class='ocr_par' dir='ltr' id='par_1_121' title="bbox 3242 5833 3312 5889">
     <span class='ocr_line' id='line_1_122' title="bbox 3242 5833 3312 5889; baseline 0.029 -2"><span class='ocrx_word' id='word_1_848' title='bbox 3242 5833 3312 5889; x_wconf 77' lang='grc'>27</span> 
     </span>
    </p>
   </div>
  </div>
