4108 6184
213 282 317 337 845

1146 282 1522 338 MOBALIUM
1564 284 1698 339 LIB.
1742 283 1889 339 VIII.
1928 313 1998 328 —
2037 286 2107 341 IN
2148 285 2305 342 CAP.
2345 288 2444 343 VII
2486 289 2546 344 Β.
2589 288 2738 345 JUB.

3532 300 3638 357 846

213 407 472 473 interim,
507 406 611 499 sed
652 422 773 499 non
802 406 1078 499 placebit,
1122 409 1264 499 quia
1295 424 1430 499 cum
1474 409 1875 499 retributionis
1908 413 1951 465 A
1986 413 2131 467 Nam
2164 428 2271 467 ora
2295 412 2649 484 pallescunt,
2680 430 2899 487 corpus
2916 386 3218 475 debilitate
3236 422 3521 493 quatitur,
3544 442 3643 499 pe-

211 500 448 567 tempus
480 496 806 560 advenerit,
842 495 900 550 in
938 512 1116 567 pana
1154 496 1425 568 displicet
1465 498 1626 569 quod
1673 514 1875 554 vecors

211 584 338 641 fuit.
374 586 535 640 Tunc
575 602 636 640 se
666 585 839 641 stulte
867 586 1058 655 egisse
1091 586 1395 655 intelliget,
1417 603 1552 641 cum
1586 604 1693 659 pro
1723 588 1876 643 dele-

212 674 468 730 ctatione
494 673 691 729 laudis
723 674 1081 730 sententiam
1106 674 1321 730 divina
1349 676 1878 747 increpationisac-

211 764 449 834 ceperit.
481 763 643 817 Tunc
678 780 739 817 se
779 762 1094 819 vecordem
1139 763 1317 818 fuisse
1350 766 1705 832 considerat,
1739 782 1875 820 cum

214 869 276 907 se
305 869 412 925 pro
436 852 945 925 temporaliquam
962 852 1223 925 percepit
1241 853 1430 921 gloria
1454 860 1740 925 perpetua
1768 860 1879 909 tor-

211 946 411 997 menta
453 943 766 1013 castigant.
808 944 970 997 Tunc
1002 958 1208 997 veram
1242 944 1550 998 scientiam
1584 944 1879 1015 supplicia

210 1032 505 1103 aperiunt,
523 1031 662 1101 quia
678 1047 782 1102 per
794 1032 919 1086 hac
935 1031 1200 1103 profecto
1223 1031 1525 1101 colligitur
1538 1033 1683 1088 nihil
1699 1033 1877 1089 fuisse

208 1121 415 1177 omnia
446 1137 577 1193 qua
620 1121 867 1177 transire
901 1127 1240 1192 potuerunt.
1282 1122 1445 1177 Unde
1466 1127 1521 1177 et
1552 1128 1705 1178 recte
1736 1123 1880 1179 sub-

211 1210 369 1266 ditur
402 1232 414 1265 :

619 1326 845 1381 CAPUT
879 1325 1034 1381 XLIV
1062 1325 1219 1399 [Rea
1255 1328 1504 1401 XXVI].

290 1446 415 1497 lam.
450 1473 514 1482 —
548 1441 621 1496 Et
648 1443 799 1498 sicut
834 1444 952 1499 tela
979 1458 1343 1500 aranearum
1374 1444 1600 1511 ﬁducia
1632 1446 1778 1513 ejus.

282 1566 713 1637 72.Hypocritae
732 1565 951 1635 ﬁducia
972 1567 1312 1631 vana,bona
1331 1582 1525 1622 coram
1544 1569 1660 1624 Deo
1681 1569 1879 1641 nulla,

206 1656 553 1727 praedicatio
584 1656 980 1725 infructuosa,
1006 1655 1365 1712 abstinentia
1387 1656 1606 1714 inanis.
1637 1688 1697 1697 —
1731 1660 1880 1712 Bene

1985 505 2112 555 ctus
2145 501 2714 574 interrumpentibus
2740 504 3011 576 suspiriis
3052 514 3313 578 urgetur.
3349 512 3465 567 Sed
3492 512 3645 572 inter

1985 587 2136 655 hac,
2154 589 2222 644 ab
2239 606 2339 645 ore
2364 591 2765 662 proximorum
2789 610 2989 650 sermo
3012 596 3427 655 admirationis
3444 602 3645 674 quati-

1991 683 2103 745 tur,
2138 678 2405 752 nihilque
2430 686 2591 736 tanto
2611 680 2819 739 labore
2841 683 3025 753 aliud,
3051 686 3165 741 nisi
3191 688 3505 747 astimatio
3530 692 3645 749 hu-

1988 783 2171 823 mana
2184 770 2661 838 cogitatur.Quos
2676 770 2962 827 nimirum
2976 773 3128 829 bene
3144 777 3346 833 Simon
3360 778 3454 835 ille
3468 781 3647 852 signi-

1987 856 2146 925 ficat,
2174 857 2276 929 qui
2303 858 2618 914 dominica
2638 861 2938 930 passionis
2959 867 3223 934 tempore
3251 865 3308 921 in
3326 869 3642 938 angariam

1988 961 2222 1001 crucem
2254 948 2549 1017 portabat,
2578 948 2651 1003 de
2676 966 2798 1020 quo
2820 952 3105 1023 scriptum
3131 959 3246 1009 est:
3278 957 3645 1015 Invenerunt

1989 1035 2281 1091 hominem
2305 1038 2666 1107 Cyrenaum,
2688 1039 3007 1097 venientem
3025 1042 3255 1101 obviam
3272 1046 3645 1110 sibi,nomine

1987 1124 2264 1180 Simonem
2281 1144 2293 1192 ;
2310 1127 2462 1181 hunc
2477 1143 2549 1182 an
2558 1127 2927 1198 gariaverun
2937 1137 3045 1196 t,ut
3058 1132 3267 1188 tolleret
3280 1150 3504 1191 crucem
3514 1137 3646 1192 Jesu

1989 1212 2226 1285 (Matth.
2252 1232 2434 1281 xxvn,
2454 1219 2556 1283 32;
2588 1217 2782 1273 Marc.
2812 1234 2911 1289 xv,
2942 1221 3053 1292 2t).
3096 1221 3265 1290 Quod
3290 1225 3448 1280 enim
3483 1238 3507 1267 ε
3537 1241 3643 1298 per

1988 1304 2290 1375 angariam
2323 1305 2575 1374 agimus,
2601 1323 2714 1361 non
2738 1307 2851 1363 hoc
2871 1325 2942 1365 ex
2965 1311 3160 1367 studio
3193 1314 3415 1369 amoris
3437 1330 3645 1386 operae

1989 1408 2142 1447 mur.
2178 1396 2419 1449 Crucem
2454 1412 2596 1466 ergo
2616 1395 2753 1451 Jesu
2781 1397 2835 1452 in
2867 1401 3116 1469 angaria
3138 1408 3373 1473 portare
3398 1403 3646 1460 estafﬂi-

1988 1481 2242 1537 ctionem
2261 1482 2635 1539 abstinentia
2654 1483 2682 1525 ἀ
2716 1502 2822 1556 pro
2850 1488 2962 1543 alia
2984 1506 3169 1562 quam
3197 1506 3437 1548 necesse
3458 1498 3542 1548 est
3560 1493 3647 1549 in-

1990 1571 2249 1627 tentione
2282 1573 2552 1629 tolerare.
2587 1582 2672 1632 An
2707 1594 2826 1633 non
2855 1580 2991 1633 Jesu
3034 1595 3271 1636 crucem
3305 1580 3366 1636 in
3392 1582 3644 1652 angaria

1991 1666 2202 1731 portat,
2220 1663 2321 1733 qui
2340 1664 2513 1733 quasi
2532 1665 2605 1720 ad
2625 1673 2990 1738 praceptum
3012 1670 3266 1734 Domini,
3285 1686 3525 1726 carnem
3540 1671 3643 1728 do—

208 1746 655 1818 hypocritarum
673 1744 887 1800 ﬁducia
901 1760 1259 1801 aranearum
1280 1745 1405 1800 telis
1418 1746 1627 1801 similis
1643 1745 1877 1810 dicitur,
1910 1765 1955 1821 Β
1991 1754 2134 1817 mat,
2160 1751 2263 1806 sed
2282 1756 2480 1808 tamen
2506 1755 2829 1826 spiritalem
2852 1757 3106 1827 patriam
3127 1774 3247 1814 non
3262 1758 3469 1815 amat?
3484 1758 3645 1816 Unde

208 1836 353 1908 quia
382 1850 563 1891 omne
588 1833 751 1905 quod
783 1834 860 1889 ad
894 1834 1289 1890 obtinendam
1317 1834 1570 1903 gloriam
1585 1836 1881 1891 exsudant

206 1930 426 1981 ventus
440 1925 572 1980 vita
585 1923 850 1979 mortalis
868 1923 1140 1995 dissipat.
1169 1924 1316 1979 Nam
1339 1925 1627 1996 quoniam
1660 1930 1879 1980 aterna

206 2030 330 2070 non
358 2020 651 2087 quarunt,
673 2012 833 2068 bona
863 2012 1218 2083 temporalia
1242 2030 1374 2069 cum
1405 2019 1690 2086 tempora
1720 2014 1879 2069 amit-

205 2108 361 2161 tunt.
396 2102 780 2159 Pensandum
812 2118 1052 2175 quoque
1087 2108 1175 2159 est
1202 2103 1367 2175 quod
1396 2102 1495 2159 ﬁla
1520 2119 1756 2159 aranea
1775 2120 1879 2175 per

208 2192 485 2249 ordinem
515 2192 761 2257 ducunt,
793 2191 935 2264 quia
964 2209 1075 2247 sua
1105 2192 1428 2264 hypocrita
1445 2192 1615 2262 quasi
1632 2194 1744 2247 sub
1761 2192 1879 2248 dis-

208 2282 474 2338 cretione
502 2296 687 2353 opera
717 2280 1066 2351 disponunt.
1088 2282 1453 2336 Aranearum
1480 2281 1596 2337 tela
1618 2281 1875 2337 studiose

208 2370 556 2437 texitur,sed
573 2370 771 2425 subito
784 2369 928 2426 ﬂatu
944 2370 1435 2443 dissipatur,quia
1448 2371 1752 2442 quidquid
1768 2371 1875 2442 hy-

205 2462 374 2535 pocri
386 2466 441 2517 ta
464 2477 601 2515 cum
628 2459 836 2516 labore
855 2459 1081 2532 peragit
1103 2475 1253 2516 aura
1266 2460 1516 2516 humani
1538 2460 1757 2516 favoris
1772 2460 1872 2516 tol-

207 2550 275 2607 lit
296 2554 383 2617 ;et
408 2550 556 2605 dum
584 2552 644 2604 in
667 2548 938 2621 appetitu
969 2548 1164 2604 laudis
1186 2565 1341 2621 opus
1368 2549 1590 2615 deﬁcit,
1617 2549 1790 2621 quasi
1813 2550 1871 2605 in

206 2644 460 2695 ventum
493 2637 665 2694 labor
685 2639 1004 2694 evanescit.
1038 2639 1204 2710 Sape
1222 2654 1485 2711 namque
1499 2642 1558 2693 et
1588 2654 1776 2710 usque
1794 2638 1871 2694 ad

204 2729 516 2801 prasentis
530 2727 663 2783 vita
687 2728 1006 2783 terminum
1024 2728 1468 2799 hypocritarum
1490 2728 1647 2784 facta
1661 2728 1871 2800 perdu-

206 2823 368 2882 rant,
411 2817 513 2872 sed
543 2817 688 2889 quia
715 2833 821 2889 per
846 2818 972 2872 hac
990 2819 1250 2873 auctoris
1281 2817 1525 2874 laudem
1560 2834 1682 2873 non
1714 2833 1871 2890 qua-

202 2912 370 2971 runt,
398 2906 561 2962 bona
584 2913 721 2962 ante
753 2907 851 2962 Dei
884 2908 1090 2963 oculos
1116 2924 1428 2980 nunquam
1459 2907 1715 2965 fuerunt.
1750 2906 1867 2962 Ple-

202 3012 468 3069 rumque
483 2995 665 3060 enim,
685 3003 745 3051 ut
764 2996 1077 3068 pradixim
1088 2997 1525 3069 us,sacralegis
1538 2997 1868 3052 eruditione

204 3085 555 3149 fulciuntur,
590 3085 876 3142 doctrina
910 3087 1089 3142 verba
1120 3087 1454 3159 proferunt,
1484 3103 1663 3144 omne
1702 3088 1867 3159 quod

200 3174 476 3231 sentiunt
510 3176 858 3231 testimoniis
876 3177 1218 3247 accingunt,
1242 3192 1351 3231 nec
1378 3182 1577 3233 tamen
1605 3192 1709 3249 per
1738 3177 1867 3233 hac

201 3268 390 3321 vitam
434 3264 831 3329 audientium,
866 3266 966 3321 sed
998 3266 1269 3337 prOprios
1300 3266 1537 3322 favores
1566 3272 1862 3339 quarunt,

200 3354 356 3429 quia
369 3369 478 3409 nec
493 3353 753 3426 proferre
772 3354 887 3411 alia
910 3360 1223 3420 noverunt,
1247 3355 1359 3410 nisi
1372 3372 1507 3429 qua
1522 3357 1863 3412 auditorum

199 3444 395 3500 corda
410 3442 485 3499 ad
502 3443 917 3514 rependendas
930 3444 1169 3500 landesa
1201 3446 1651 3508 excutiant,non
1668 3451 1864 3501 autem

197 3532 281 3589 ad
319 3530 617 3603 lacrymas
648 3532 998 3588 accendant.
1055 3534 1224 3604 277
1263 3534 1412 3604 [Vet.
1458 3534 1669 3604 XXX].
1705 3536 1864 3589 Mens

197 3623 436 3694 quippe
468 3622 967 3693 concupiscentiis
996 3622 1389 3677 exterioribus
1408 3626 1702 3693 occupata
1728 3623 1865 3692 igne

197 3710 389 3768 divini
410 3711 632 3766 amoris
660 3727 781 3767 non
807 3711 957 3767 calet
978 3717 1053 3775 ;et
1076 3711 1296 3767 idcirco
1325 3711 1400 3766 ad
1421 3727 1751 3783 supernum
1765 3713 1865 3767 de-

197 3800 495 3857 siderium
513 3802 884 3857 inﬂammare
900 3800 1201 3857 auditores
1217 3817 1357 3856 suos
1372 3806 1670 3871 nequeunt
1682 3801 1863 3859 verba

196 3905 345 3962 qua
378 3887 591 3959 frigido
607 3891 775 3946 corde
803 3890 1415 3962 proferuntur.Neque
1447 3890 1605 3944 enim
1621 3906 1861 3962 resqna

195 3979 257 4035 in
285 3994 355 4033 se
386 3978 518 4049 ipsa
551 3994 671 4035 non
699 3980 907 4035 arserit
933 3979 1100 4036 aliud
1128 3980 1417 4035 accendit.
1459 3978 1620 4035 Unde
1644 3979 1708 4033 ﬁt
1738 3979 1863 4051 ple-

193 4084 465 4139 rumque
481 4067 996 4140 uthypocritarum
1019 4069 1177 4125 dicta
1201 4070 1573 4125 etaudientes
1597 4085 1717 4124 non
1732 4085 1863 4124 eru-

193 4158 397 4224 diant,
422 4163 477 4213 et
502 4158 747 4214 eosdem
764 4160 929 4231 ipsos
944 4159 1128 4232 quise
1149 4160 1457 4231 proferunt
1474 4159 1860 4215 elatoslaudi-

196 4247 328 4303 bus
361 4246 678 4302 deteriores
716 4248 989 4303 reddant.
1033 4253 1354 4303 Attestante
1395 4248 1611 4304 etenim
1653 4249 1857 4313 Paulo,

192 4336 471 4393 Scientia
512 4336 709 4407 inﬂat,
752 4338 1018 4393 charitas
1051 4338 1303 4405 aediﬁcat
1344 4338 1398 4407 (Ι
1441 4339 1575 4393 Cor.
1620 4355 1739 4403 VIII,
1784 4337 1860 4410 1).

194 4424 227 4469 b
258 4426 419 4481 Cum
441 4442 584 4497 ergo
614 4426 877 4482 charitas
905 4427 1259 4482 adiﬁcando
1278 4444 1397 4483 non
1416 4427 1861 4496 erigit,scientia

193 4516 483 4577 inﬂando
503 4517 792 4588 pervertit.
808 4517 1153 4589 Plerumque
1171 4534 1231 4571 se
1259 4518 1579 4589 hypocrita
1595 4517 1746 4572 mira
1770 4516 1865 4572 ab-

196 4606 491 4664 stinentia
508 4605 803 4678 afﬂigunt,
819 4622 999 4662 omne
1018 4606 1201 4662 robur
1228 4606 1493 4678 corporis
1514 4611 1792 4673 atterunt,
1808 4612 1864 4663 et

195 4697 387 4772 quasi
409 4697 604 4751 carnis
629 4695 808 4751 vitam
826 4695 1091 4751 funditus
1108 4696 1167 4751 in
1180 4711 1356 4750 carne
1375 4695 1637 4751 viventes
1651 4695 1865 4751 exstin-

194 4788 425 4858 guunt,
442 4783 649 4855 sicque
664 4800 767 4856 per
780 4784 1204 4841 abstinentiam
1222 4784 1393 4840 morti
1411 4785 1784 4857 appropiant,
1805 4791 1865 4841 ut

196 4890 358 4949 pene
373 4874 633 4947 quotidie
651 4875 967 4931 morientes
985 4876 1199 4931 vivant.
1217 4876 1324 4931 Sed
1339 4875 1415 4929 ad
1432 4874 1561 4930 hac
1577 4874 1862 4931 humanos

195 4965 421 5023 oculos
437 4969 731 5037 quarunt,
746 4964 1165 5021 admirationis
1178 4964 1427 5037 gloriam
1442 4970 1740 5036 expetunt,
1760 4965 1861 5020 Ve-

195 5057 381 5112 ritate
414 5058 716 5121 attestate,
743 5071 879 5126 qua
910 5055 1022 5114 ait:
1053 5052 1675 5123 Exlerminant/‘acies
1701 5069 1860 5119 suas,

197 5152 269 5201 ut
306 5150 647 5214 appareant
676 5144 1355 5215 hominibusjejunantes
1372 5142 1613 5213 (Matth.
1647 5159 1719 5208 vi,
1758 5143 1861 5214 l6),

280 5332 311 5362 ι
346 5318 617 5384 Vindoc.,
632 5321 712 5377 ad
725 5321 1069 5389 repetendas
1094 5321 1292 5377 laudes
1305 5320 1629 5377 excutiant.
1647 5319 1863 5376 Vitiose

204 5390 493 5464 Coc.,pro
507 5391 828 5458 excutiant,
848 5394 1191 5448 auctoritate
1223 5393 1488 5447 censoria
1508 5391 1865 5464 posuitexci-

205 5470 428 5608 legata
456 5534 980 5608 Turon.,_Vindoc.,
1011 5539 1235 5605 Norm.,
1264 5541 1316 5592 et
1341 5552 1493 5608 pene
1519 5534 1863 5604 omnes,ubi

203 5604 373 5660 Editi
404 5606 650 5672 habent,
683 5606 860 5674 Quem
894 5611 1047 5663 enim
1081 5604 1366 5665 Charitas.

290 5687 319 5717 ο
349 5676 599 5736 Vindoc.
640 5685 696 5735 et
735 5680 983 5746 Gemet.,
1048 5680 1201 5752 quod
1250 5679 1401 5736 enim
1442 5678 1860 5748 angariamur.

1988 1844 2043 1894 et
2067 1839 2268 1895 Simon
2288 1841 2480 1897 isdem
2510 1858 2746 1900 crucem
2771 1847 3098 1915 portat,sed
3118 1863 3503 1921 nequaquam
3520 1865 3646 1906 mo-

1987 1928 2152 1993 ritur,
2176 1931 2316 2002 quia
2343 1931 2539 1985 omnis
2563 1932 2875 2004 hypocrita
2897 1950 3113 2008 corpus
3140 1937 3386 2009 quidem
3410 1954 3517 2011 per
3537 1938 3641 1995 ab-

1986 2019 2329 2074 stinentiam
2357 2020 2559 2087 afﬁcit,
2599 2023 2704 2078 sed
2754 2028 2955 2080 tamen
2987 2041 3091 2097 per
3130 2042 3400 2083 amorem
3434 2027 3642 2097 gloria

1986 2108 2215 2164 mundo
2248 2110 2409 2165 vivit.

2059 2216 2211 2286 [Vet.
2245 2216 2492 2289 XXXI.]
2522 2221 2609 2273 73.
2628 2219 2879 2275 Crucem
2892 2220 3067 2275 carni
3078 2221 3281 2290 infert,
3308 2222 3641 2281 sedmundo

1984 2322 2223 2378 vivit.—
2251 2325 2378 2388 Quo
2395 2327 2604 2379 contra
2635 2339 2740 2395 per
2773 2325 3018 2381 Paulum
3048 2326 3201 2383 bene
3226 2328 3301 2383 de
3335 2328 3533 2385 electis
3555 2330 3643 2387 di-

1984 2410 2163 2466 citur:
2182 2412 2295 2476 Qui
2304 2416 2499 2469 autem
2512 2419 2647 2468 sunt
2670 2414 2897 2469 Christi
2906 2430 3147 2472 carnem
3166 2420 3639 2489 suamcruciﬁxe-

1982 2507 2127 2556 runt
2144 2517 2276 2557 cum
2297 2501 2453 2557 vitiis
2464 2508 2519 2558 et
2534 2504 3045 2573 concupiscentiis.
3060 2506 3208 2561 Cum
3230 2506 3383 2563 vitiis
3414 2509 3640 2582 quippe

1981 2594 2035 2645 et
2047 2590 2442 2661 concupiscen
2455 2591 2547 2646 liis
2563 2608 2805 2647 carnem
2820 2594 3249 2664 cruciﬁgimus,
3269 2596 3317 2651 si
3334 2597 3417 2652 sic
3432 2598 3637 2668 gulam

1980 2678 2418 2748 restringimus,
2448 2685 2507 2734 ut
2532 2681 2656 2750 jam
2690 2680 2765 2736 de
2791 2682 2997 2737 mundi
3020 2681 3211 2753 gloria
3242 2684 3637 2758 nihilquara-

1981 2783 2134 2823 mus.
2157 2770 2303 2823 Nam
2324 2770 2424 2840 qui
2439 2784 2657 2841 corpus
2677 2772 3074 2837 macerat,sed
3092 2772 3427 2829 honoribus
3458 2775 3640 2832 anhe-

1978 2856 2078 2927 lat,
2103 2873 2339 2913 crucem
2369 2858 2531 2913 carni
2554 2858 2771 2925 intulit,
2806 2860 2911 2915 sed
2935 2862 3166 2918 mundo
3196 2878 3306 2935 per
3324 2865 3640 2937 concupis-

1978 2947 2232 3003 centiam
2248 2948 2420 3018 pejus
2435 2947 2594 3014 vivit,
2615 2949 2760 3022 quia
2781 2954 3003 3022 etsape
3022 2966 3127 3023 per
3148 2952 3614 3012 sanctitatisima

1979 3036 2179 3105 ginem
2201 3036 2397 3092 locum
2418 3037 2723 3107 regiminis
2744 3038 3027 3109 indignus
3050 3042 3409 3114 assequitur,
3428 3058 3632 3116 quem,

1898 3127 1941 3183 C
1978 3124 2097 3180 nisi
2122 3124 2346 3197 aliquid
2369 3126 2425 3181 in
2448 3142 2511 3181 se
2525 3127 2757 3183 virtutis
2770 3128 3126 3196 ostenderet,
3148 3130 3312 3186 nullo
3324 3132 3632 3204 percipere

1975 3212 2181 3269 labore
2197 3219 2540 3270 mereretur.
2558 3216 2671 3270 Sed
2686 3216 2895 3273 transit
2907 3218 3071 3289 quod
3084 3218 3414 3276 delectabili
3424 3220 3631 3277 terob-

1978 3303 2142 3371 tinet,
2176 3310 2229 3360 et
2253 3304 2566 3376 poenaliter
2578 3306 2740 3378 quod
2760 3307 3030 3379 sequitur
3050 3316 3270 3365 manet.
3294 3311 3627 3366 Sanctitatis

1976 3410 2136 3449 nunc
2148 3394 2442 3450 ﬁduciain
2456 3411 2557 3451 ore
2572 3396 2886 3452 hominum
2903 3398 3145 3468 ponitur
3160 3414 3173 3465 ;
3188 3399 3292 3455 sed
3304 3417 3439 3456 cum
3456 3399 3629 3457 inter-

1974 3499 2089 3538 nus
2104 3483 2284 3553 judex
2311 3489 2533 3539 secreta
2551 3484 2747 3539 cordis
2769 3486 3091 3553 examinat,
3109 3493 3283 3544 testes
3298 3490 3427 3545 vita
3454 3495 3620 3547 exte-

1973 3571 2094 3626 rius
2120 3587 2238 3625 non
2265 3576 2631 3642 quaeruntur.
2667 3575 2816 3629 Bene
2847 3589 2989 3643 ergo
3019 3575 3272 3633 dicitur:
3314 3577 3477 3634 Sicut
3507 3580 3628 3635 tela

1973 3675 2334 3716 aranearum
2346 3661 2570 3727 ﬁducia
2584 3664 2733 3730 ejus,
2748 3678 2786 3733 q
2798 3663 2892 3718 uia
2906 3672 3231 3736 apparente
3244 3667 3440 3722 cordis
3461 3672 3625 3736 teste,

1972 3750 2228 3822 praterit
2250 3765 2429 3804 omne
2448 3750 2612 3821 quod
2627 3752 2885 3806 exterius
2898 3751 2971 3807 de
2986 3753 3256 3810 humano
3270 3754 3470 3812 favore
3488 3772 3627 3813 con-

1972 3837 2118 3893 ﬁdit.
2149 3837 2313 3893 Unde
2345 3844 2399 3892 et
2429 3837 2628 3894 adhuc
2650 3844 2787 3910 apte
2811 3841 2939 3911 subj
2954 3842 3228 3911 ungitur:

2338 3962 2561 4018 CAPUT
2583 3965 2713 4018 va
2753 3962 2913 4037 [Rea
2943 3965 3230 4039 XXVII].

2042 4067 2214 4124 Vens.
2235 4072 2319 4125 15.
2343 4098 2410 4107 -
2441 4067 2732 4124 Innititur
2747 4085 2926 4139 super
2953 4071 3191 4127 domum
3217 4086 3409 4141 suam,
3438 4078 3624 4130 etnon

1970 4156 2150 4214 stabit
2178 4173 2197 4221 ;
2231 4156 2449 4225 futciet
2480 4172 2631 4222 eam,
2659 4164 2713 4214 et
2744 4174 2864 4214 non
2886 4166 3110 4230 surget.

2040 4247 2129 4301 74.
2146 4245 2481 4318 Hypocritae
2502 4247 2705 4303 domus
2725 4264 2906 4318 super
2926 4266 3101 4321 quam
3121 4249 3422 4316 innititur,
3440 4252 3628 4321 favor

1973 4338 2287 4393 humanus.
2302 4336 2474 4392 Stare
2490 4352 2604 4391 non
2622 4339 2803 4393 valet.
2824 4370 2888 4381 —
2906 4338 3300 4395 Sicutdomus
3319 4341 3624 4397 exterioris

1972 4425 2441 4481 conversationis
2455 4426 2879 4481 estadiﬁcium
2895 4427 3059 4500 quod
3074 4428 3372 4486 inhabitat
3389 4447 3623 4503 corpus,

1973 4515 2054 4571 ita
2075 4514 2291 4570 domus
2308 4520 2525 4569 nostra
2544 4515 2919 4585 cogitationis
2932 4524 3020 4574 est
3038 4534 3129 4574 res
3142 4519 3623 4594 qualibetquam

1974 4619 2073 4676 per
2086 4603 2463 4659 dilectionem
2482 4603 3236 4665 inhabitatanimus.0mne
3250 4610 3457 4683 quippe
3470 4611 3626 4683 quod

1973 4692 2471 4764 diligimus,quasi
2493 4694 2551 4748 in
2575 4694 2689 4749 hoc
2702 4694 3074 4767 quiescentes
3090 4698 3625 4756 habitamus.Unde

1974 4782 2208 4851 Paulus,
2239 4783 2380 4853 quia
2401 4782 2458 4837 in
2484 4784 2764 4854 supernis
2795 4797 2822 4826 ο
2852 4801 2954 4842 cor
2980 4787 3211 4853 ﬁxerat,
3240 4789 3298 4844 in
3323 4794 3473 4845 terra
3498 4790 3624 4860 qui-

1973 4872 2109 4927 dem
2138 4871 2315 4942 278
2336 4872 2590 4942 positus,
2624 4874 2728 4929 sed
2769 4879 2971 4931 tamen
3011 4892 3046 4932 a
3086 4883 3242 4932 terra
3280 4883 3622 4940 extraneus,

1972 4961 2210 5017 dicebat
2240 4978 2252 5016 :
2286 4962 2508 5018 Nostra
2537 4964 2903 5021 conversatio
2924 4967 2989 5020 in
3011 4966 3168 5022 castis
3186 4973 3266 5021 est
3284 4965 3620 5035 (Philipnn,

1974 5051 2084 5123 20).
2106 5054 2264 5108 Mens
2284 5052 2479 5125 itaque
2497 5053 2821 5126 hypocrita
2842 5053 2990 5109 nihil
3006 5054 3167 5109 aliud
3188 5054 3243 5109 in
3263 5070 3439 5109 omne
3457 5054 3622 5125 quod

1973 5140 2097 5209 agit
2121 5141 2233 5195 nisi
2256 5140 2555 5212 opinionis
2588 5159 2711 5198 sua
2753 5142 3009 5212 gloriam
3040 5143 3281 5211 cogitat,
3315 5158 3425 5200 nec
3454 5146 3626 5200 curat

1976 5318 2228 5394 Ebroic.,
2252 5320 2412 5391 quod
2430 5320 2585 5394 enim
2614 5320 3056 5389 angarizamur.
3076 5320 3223 5377 Utic.
3240 5320 3623 5394 habetanga-

1975 5392 2228 5456 riamur,
2256 5390 2311 5445 et
2341 5390 2784 5459 angarizamur.

2046 5460 2072 5500 ά
2104 5461 2388 5515 Bellovac.
2412 5469 2465 5515 et
2482 5465 2655 5516 Norm
2669 5504 2678 5514 .
2691 5503 2703 5526 ,
2719 5475 2829 5533 pro
2844 5460 3044 5533 aliqua
3060 5465 3423 5521 necessitatis
3436 5464 3625 5523 inten-

1979 5532 2423 5610 tionetoterarc.
2448 5533 2508 5587 ln
2530 5534 2668 5610 Utic.
2696 5532 2854 5610 prius
2871 5532 3169 5603 legebatur
3177 5552 3286 5605 pro
3300 5538 3421 5595 alio
3442 5553 3623 5610 quam

1978 5602 2341 5661 necessitatis
2370 5602 2992 5663 intentione'lolerare.

2044 5687 2069 5720 θ
2105 5674 2276 5733 Corb.
2306 5677 2499 5733 Germ.
2525 5682 2579 5733 et
2607 5679 2769 5749 Reg.,
2799 5679 3064 5749 conﬁxus
3093 5684 3242 5738 erat.
